1625008153.000000,816712024.000000,-0.931530,-1.807513,0.000000,0.000000,0.000000,-0.271436,0.962456,0.000000,0.000000,0.000000,0.000000,0.000000,-0.000210,
1625008153.000000,849712024.000000,-0.931530,-1.807513,0.000000,0.000000,0.000000,-0.271438,0.962456,0.000000,0.000000,0.000000,0.000000,0.000000,-0.000101,
1625008164.000000,261031890.000000,-0.931530,-1.807513,0.000000,0.000000,0.000000,-0.272055,0.962282,0.000000,0.000000,0.000000,0.000000,0.000000,-0.000166,
1625008164.000000,294031890.000000,-0.931530,-1.807513,0.000000,0.000000,0.000000,-0.272057,0.962281,0.000000,0.000000,0.000000,0.000000,0.000000,-0.000101,
1625008164.000000,327031890.000000,-0.931530,-1.807513,0.000000,0.000000,0.000000,-0.272055,0.962282,0.000000,0.000000,0.000000,0.000000,0.000000,0.000137,
1625008164.000000,360031890.000000,-0.931530,-1.807513,0.000000,0.000000,0.000000,-0.272060,0.962280,0.000000,0.000000,0.000000,0.000000,0.000000,-0.000318,
1625008164.000000,393031890.000000,-0.931530,-1.807513,0.000000,0.000000,0.000000,-0.272059,0.962281,0.000000,0.000000,0.000000,0.000000,0.000000,0.000051,
1625008164.000000,426031890.000000,-0.931530,-1.807513,0.000000,0.000000,0.000000,-0.272062,0.962280,0.000000,0.000000,0.000000,0.000000,0.000000,-0.000166,
1625008164.000000,459031890.000000,-0.931530,-1.807513,0.000000,0.000000,0.000000,-0.272063,0.962280,0.000000,0.000000,0.000000,0.000000,0.000000,-0.000051,
1625008164.000000,492031890.000000,-0.931530,-1.807513,0.000000,0.000000,0.000000,-0.272065,0.962279,0.000000,0.000000,0.000000,0.000000,0.000000,-0.000181,
1625008164.000000,525031890.000000,-0.931530,-1.807513,0.000000,0.000000,0.000000,-0.272068,0.962278,0.000000,0.000000,0.000000,0.000000,0.000000,-0.000137,
1625008164.000000,558031890.000000,-0.931508,-1.807526,0.000000,0.000000,0.000000,-0.272067,0.962278,0.000767,0.000000,0.000000,0.000000,0.000000,0.000043,
1625008164.000000,592031890.000000,-0.931530,-1.807513,0.000000,0.000000,0.000000,-0.272070,0.962277,-0.000744,0.000000,0.000000,0.000000,0.000000,-0.000217,
1625008164.000000,625031890.000000,-0.931530,-1.807513,0.000000,0.000000,0.000000,-0.272073,0.962277,0.000000,0.000000,0.000000,0.000000,0.000000,-0.000166,
1625008164.000000,658031890.000000,-0.931530,-1.807513,0.000000,0.000000,0.000000,-0.272075,0.962276,0.000000,0.000000,0.000000,0.000000,0.000000,-0.000144,
1625008164.000000,691031890.000000,-0.930905,-1.807898,0.000000,0.000000,0.000000,-0.272857,0.962055,0.022243,0.000000,0.000000,0.000000,0.000000,-0.049230,
1625008164.000000,724031890.000000,-0.929444,-1.808809,0.000000,0.000000,0.000000,-0.277590,0.960700,0.052155,0.000000,0.000000,0.000000,0.000000,-0.298377,
1625008164.000000,757031890.000000,-0.927718,-1.809914,0.000000,0.000000,0.000000,-0.284279,0.958742,0.062126,0.000000,0.000000,0.000000,0.000000,-0.422398,
1625008164.000000,790031890.000000,-0.925965,-1.811072,0.000000,0.000000,0.000000,-0.291082,0.956698,0.063660,0.000000,0.000000,0.000000,0.000000,-0.430476,
1625008164.000000,823031890.000000,-0.924228,-1.812255,0.000000,0.000000,0.000000,-0.298023,0.954559,0.063660,0.000000,0.000000,0.000000,0.000000,-0.440258,
1625008164.000000,856031890.000000,-0.922468,-1.813491,0.000000,0.000000,0.000000,-0.304838,0.952404,0.065194,0.000000,0.000000,0.000000,0.000000,-0.433149,
1625008164.000000,889031890.000000,-0.920726,-1.814754,0.000000,0.000000,0.000000,-0.311937,0.950103,0.065194,0.000000,0.000000,0.000000,0.000000,-0.452316,
1625008164.000000,922031890.000000,-0.922429,-1.813481,0.000000,0.000000,0.000000,0.319021,-0.947748,0.064427,0.000000,0.000000,0.000000,0.000000,189.947144,
1625008164.000000,956031890.000000,-0.920725,-1.814794,0.000000,0.000000,0.000000,0.325899,-0.945405,0.063277,0.000000,0.000000,0.000000,0.000000,-0.427449,
1625008164.000000,989031890.000000,-0.919001,-1.816164,0.000000,0.000000,0.000000,0.333003,-0.942926,0.066728,0.000000,0.000000,0.000000,0.000000,-0.456008,
1625008165.000000,22031890.000000,-0.917356,-1.817512,0.000000,0.000000,0.000000,0.340121,-0.940382,0.064427,0.000000,0.000000,0.000000,0.000000,-0.458089,
1625008165.000000,55031890.000000,-0.915732,-1.818883,0.000000,0.000000,0.000000,0.346951,-0.937883,0.064427,0.000000,0.000000,0.000000,0.000000,-0.440785,
1625008165.000000,88031890.000000,-0.914090,-1.820312,0.000000,0.000000,0.000000,0.353935,-0.935270,0.065961,0.000000,0.000000,0.000000,0.000000,-0.451926,
1625008165.000000,128096969.000000,-0.912507,-1.821732,0.000000,0.000000,0.000000,0.360943,-0.932588,0.064427,0.000000,0.000000,0.000000,0.000000,-0.454787,
1625008165.000000,161096969.000000,-0.910946,-1.823175,0.000000,0.000000,0.000000,0.368093,-0.929789,0.064427,0.000000,0.000000,0.000000,0.000000,-0.465350,
1625008165.000000,194096969.000000,-0.909388,-1.824659,0.000000,0.000000,0.000000,0.374518,-0.927220,0.065194,0.000000,0.000000,0.000000,0.000000,-0.419385,
1625008165.000000,227096969.000000,-0.907869,-1.826146,0.000000,0.000000,0.000000,0.381341,-0.924435,0.064427,0.000000,0.000000,0.000000,0.000000,-0.446623,
1625008165.000000,260096969.000000,-0.906408,-1.827620,0.000000,0.000000,0.000000,0.387811,-0.921739,0.062893,0.000000,0.000000,0.000000,0.000000,-0.424804,
1625008165.000000,294096969.000000,-0.904932,-1.829151,0.000000,0.000000,0.000000,0.394505,-0.918894,0.062532,0.000000,0.000000,0.000000,0.000000,-0.427856,
1625008165.000000,327096969.000000,-0.903497,-1.830685,0.000000,0.000000,0.000000,0.401272,-0.915959,0.063660,0.000000,0.000000,0.000000,0.000000,-0.447057,
1625008165.000000,360096969.000000,-0.902100,-1.832220,0.000000,0.000000,0.000000,0.407660,-0.913134,0.062893,0.000000,0.000000,0.000000,0.000000,-0.423316,
1625008165.000000,393096969.000000,-0.900659,-1.833851,0.000000,0.000000,0.000000,0.414314,-0.910134,0.065961,0.000000,0.000000,0.000000,0.000000,-0.442310,
1625008165.000000,426096969.000000,-0.899307,-1.835426,0.000000,0.000000,0.000000,0.421007,-0.907057,0.062893,0.000000,0.000000,0.000000,0.000000,-0.446479,
1625008165.000000,459096969.000000,-0.897963,-1.837040,0.000000,0.000000,0.000000,0.427320,-0.904101,0.063660,0.000000,0.000000,0.000000,0.000000,-0.422463,
1625008165.000000,492096969.000000,-0.896609,-1.838712,0.000000,0.000000,0.000000,0.433841,-0.900989,0.065194,0.000000,0.000000,0.000000,0.000000,-0.437910,
1625008165.000000,525096969.000000,-0.895311,-1.840364,0.000000,0.000000,0.000000,0.440419,-0.897793,0.063660,0.000000,0.000000,0.000000,0.000000,-0.443227,
1625008165.000000,558096969.000000,-0.894083,-1.841974,0.000000,0.000000,0.000000,0.446629,-0.894719,0.061359,0.000000,0.000000,0.000000,0.000000,-0.419942,
1625008165.000000,592096969.000000,-0.892802,-1.843703,0.000000,0.000000,0.000000,0.453031,-0.891495,0.063277,0.000000,0.000000,0.000000,0.000000,-0.421664,
1625008165.000000,625096969.000000,-0.891576,-1.845409,0.000000,0.000000,0.000000,0.459609,-0.888121,0.063660,0.000000,0.000000,0.000000,0.000000,-0.448090,
1625008165.000000,658096969.000000,-0.890375,-1.847132,0.000000,0.000000,0.000000,0.465841,-0.884868,0.063660,0.000000,0.000000,0.000000,0.000000,-0.426047,
1625008165.000000,691096969.000000,-0.889184,-1.848894,0.000000,0.000000,0.000000,0.472132,-0.881528,0.064427,0.000000,0.000000,0.000000,0.000000,-0.431660,
1625008165.000000,724096969.000000,-0.888033,-1.850651,0.000000,0.000000,0.000000,0.478629,-0.878017,0.063660,0.000000,0.000000,0.000000,0.000000,-0.447606,
1625008165.000000,757096969.000000,-0.886880,-1.852467,0.000000,0.000000,0.000000,0.484840,-0.874603,0.065194,0.000000,0.000000,0.000000,0.000000,-0.429515,
1625008165.000000,790096969.000000,-0.885741,-1.854322,0.000000,0.000000,0.000000,0.491799,-0.870709,0.065961,0.000000,0.000000,0.000000,0.000000,-0.483332,
1625008165.000000,823096969.000000,-0.884631,-1.856194,0.000000,0.000000,0.000000,0.497924,-0.867221,0.065961,0.000000,0.000000,0.000000,0.000000,-0.427145,
1625008165.000000,856096969.000000,-0.883572,-1.858038,0.000000,0.000000,0.000000,0.504025,-0.863689,0.064427,0.000000,0.000000,0.000000,0.000000,-0.427232,
1625008165.000000,890096969.000000,-0.882552,-1.859875,0.000000,0.000000,0.000000,0.510220,-0.860044,0.061788,0.000000,0.000000,0.000000,0.000000,-0.422856,
1625008165.000000,923096969.000000,-0.881546,-1.861748,0.000000,0.000000,0.000000,0.516558,-0.856252,0.064427,0.000000,0.000000,0.000000,0.000000,-0.447577,
1625008165.000000,957096969.000000,-0.880569,-1.863636,0.000000,0.000000,0.000000,0.522861,-0.852418,0.062532,0.000000,0.000000,0.000000,0.000000,-0.434013,
1625008165.000000,990096969.000000,-0.879596,-1.865583,0.000000,0.000000,0.000000,0.529003,-0.848620,0.065961,0.000000,0.000000,0.000000,0.000000,-0.437679,
1625008166.000000,23096969.000000,-0.878685,-1.867476,0.000000,0.000000,0.000000,0.535301,-0.844661,0.063660,0.000000,0.000000,0.000000,0.000000,-0.450813,
1625008166.000000,56096969.000000,-0.877802,-1.869382,0.000000,0.000000,0.000000,0.541209,-0.840888,0.063660,0.000000,0.000000,0.000000,0.000000,-0.424826,
1625008166.000000,89096969.000000,-0.876935,-1.871324,0.000000,0.000000,0.000000,0.547203,-0.837000,0.064427,0.000000,0.000000,0.000000,0.000000,-0.433033,
1625008166.000000,122096969.000000,-0.876126,-1.873208,0.000000,0.000000,0.000000,0.553279,-0.832996,0.062126,0.000000,0.000000,0.000000,0.000000,-0.441024,
1625008166.000000,156096969.000000,-0.875335,-1.875126,0.000000,0.000000,0.000000,0.559125,-0.829084,0.061043,0.000000,0.000000,0.000000,0.000000,-0.413747,
1625008166.000000,189096969.000000,-0.874552,-1.877103,0.000000,0.000000,0.000000,0.565054,-0.825054,0.064427,0.000000,0.000000,0.000000,0.000000,-0.434514,
1625008166.000000,222096969.000000,-0.873816,-1.879044,0.000000,0.000000,0.000000,0.571059,-0.820909,0.062893,0.000000,0.000000,0.000000,0.000000,-0.442194,
1625008166.000000,255096969.000000,-0.873091,-1.881042,0.000000,0.000000,0.000000,0.576958,-0.816774,0.064427,0.000000,0.000000,0.000000,0.000000,-0.436602,
1625008166.000000,288096969.000000,-0.872387,-1.883075,0.000000,0.000000,0.000000,0.582909,-0.812537,0.065194,0.000000,0.000000,0.000000,0.000000,-0.442729,
1625008166.000000,321096969.000000,-0.871721,-1.885094,0.000000,0.000000,0.000000,0.588940,-0.808177,0.064427,0.000000,0.000000,0.000000,0.000000,-0.451030,
1625008166.000000,354096969.000000,-0.871092,-1.887099,0.000000,0.000000,0.000000,0.594760,-0.803903,0.063660,0.000000,0.000000,0.000000,0.000000,-0.437585,
1625008166.000000,387096969.000000,-0.870477,-1.889161,0.000000,0.000000,0.000000,0.600624,-0.799532,0.065194,0.000000,0.000000,0.000000,0.000000,-0.443321,
1625008166.000000,421096969.000000,-0.869894,-1.891231,0.000000,0.000000,0.000000,0.606609,-0.795000,0.063277,0.000000,0.000000,0.000000,0.000000,-0.441551,
1625008166.000000,454096969.000000,-0.869341,-1.893311,0.000000,0.000000,0.000000,0.612447,-0.790512,0.065194,0.000000,0.000000,0.000000,0.000000,-0.446305,
1625008166.000000,487096969.000000,-0.868819,-1.895398,0.000000,0.000000,0.000000,0.618218,-0.786007,0.065194,0.000000,0.000000,0.000000,0.000000,-0.443740,
1625008166.000000,520096969.000000,-0.868323,-1.897517,0.000000,0.000000,0.000000,0.624613,-0.780935,0.065961,0.000000,0.000000,0.000000,0.000000,-0.494668,
1625008166.000000,553096969.000000,-0.867865,-1.899619,0.000000,0.000000,0.000000,0.629907,-0.776671,0.065194,0.000000,0.000000,0.000000,0.000000,-0.411951,
1625008166.000000,586096969.000000,-0.867436,-1.901727,0.000000,0.000000,0.000000,0.635585,-0.772031,0.065194,0.000000,0.000000,0.000000,0.000000,-0.444470,
1625008166.000000,620096969.000000,-0.867034,-1.903867,0.000000,0.000000,0.000000,0.641423,-0.767187,0.064021,0.000000,0.000000,0.000000,0.000000,-0.446179,
1625008166.000000,653096969.000000,-0.866677,-1.905937,0.000000,0.000000,0.000000,0.647036,-0.762459,0.063660,0.000000,0.000000,0.000000,0.000000,-0.444795,
1625008166.000000,687096969.000000,-0.866331,-1.908137,0.000000,0.000000,0.000000,0.652710,-0.757608,0.065510,0.000000,0.000000,0.000000,0.000000,-0.439153,
1625008166.000000,720096969.000000,-0.866029,-1.910267,0.000000,0.000000,0.000000,0.658421,-0.752650,0.065194,0.000000,0.000000,0.000000,0.000000,-0.458334,
1625008166.000000,753096969.000000,-0.865762,-1.912377,0.000000,0.000000,0.000000,0.663921,-0.747803,0.064427,0.000000,0.000000,0.000000,0.000000,-0.444326,
1625008166.000000,786096969.000000,-0.865525,-1.914490,0.000000,0.000000,0.000000,0.669316,-0.742978,0.064427,0.000000,0.000000,0.000000,0.000000,-0.438669,
1625008166.000000,819096969.000000,-0.865315,-1.916656,0.000000,0.000000,0.000000,0.674906,-0.737903,0.065961,0.000000,0.000000,0.000000,0.000000,-0.457561,
1625008166.000000,852096969.000000,-0.865146,-1.918725,0.000000,0.000000,0.000000,0.680235,-0.732994,0.062893,0.000000,0.000000,0.000000,0.000000,-0.439145,
1625008166.000000,885096969.000000,-0.865002,-1.920846,0.000000,0.000000,0.000000,0.685419,-0.728149,0.064427,0.000000,0.000000,0.000000,0.000000,-0.430020,
1625008166.000000,920096969.000000,-0.864886,-1.923045,0.000000,0.000000,0.000000,0.690920,-0.722931,0.062915,0.000000,0.000000,0.000000,0.000000,-0.433268,
1625008166.000000,953096969.000000,-0.864806,-1.925144,0.000000,0.000000,0.000000,0.696057,-0.717987,0.063660,0.000000,0.000000,0.000000,0.000000,-0.432101,
1625008166.000000,986096969.000000,-0.864756,-1.927219,0.000000,0.000000,0.000000,0.701090,-0.713072,0.062893,0.000000,0.000000,0.000000,0.000000,-0.426336,
1625008167.000000,19096969.000000,-0.864735,-1.929395,0.000000,0.000000,0.000000,0.706311,-0.707902,0.065961,0.000000,0.000000,0.000000,0.000000,-0.445308,
1625008167.000000,52096969.000000,-0.864745,-1.931446,0.000000,0.000000,0.000000,0.711407,-0.702781,0.062126,0.000000,0.000000,0.000000,0.000000,-0.437867,
1625008167.000000,85096969.000000,-0.864786,-1.933546,0.000000,0.000000,0.000000,0.716311,-0.697781,0.063660,0.000000,0.000000,0.000000,0.000000,-0.424457,
1625008167.000000,118096969.000000,-0.864858,-1.935696,0.000000,0.000000,0.000000,0.721342,-0.692579,0.065194,0.000000,0.000000,0.000000,0.000000,-0.438589,
1625008167.000000,153096969.000000,-0.864965,-1.937896,0.000000,0.000000,0.000000,0.726976,-0.686663,0.062915,0.000000,0.000000,0.000000,0.000000,-0.466830,
1625008167.000000,186096969.000000,-0.865097,-1.939967,0.000000,0.000000,0.000000,0.731420,-0.681927,0.062893,0.000000,0.000000,0.000000,0.000000,-0.393615,
1625008167.000000,219096969.000000,-0.865265,-1.942137,0.000000,0.000000,0.000000,0.736348,-0.676603,0.065961,0.000000,0.000000,0.000000,0.000000,-0.439651,
1625008167.000000,252096969.000000,-0.865453,-1.944179,0.000000,0.000000,0.000000,0.741258,-0.671220,0.062126,0.000000,0.000000,0.000000,0.000000,-0.441573,
1625008167.000000,287096969.000000,-0.865684,-1.946343,0.000000,0.000000,0.000000,0.746054,-0.665885,0.062192,0.000000,0.000000,0.000000,0.000000,-0.409937,
1625008167.000000,320096969.000000,-0.865943,-1.948479,0.000000,0.000000,0.000000,0.750848,-0.660475,0.065194,0.000000,0.000000,0.000000,0.000000,-0.438105,
1625008167.000000,353096969.000000,-0.866222,-1.950535,0.000000,0.000000,0.000000,0.755661,-0.654963,0.062893,0.000000,0.000000,0.000000,0.000000,-0.443451,
1625008167.000000,386096969.000000,-0.866539,-1.952638,0.000000,0.000000,0.000000,0.760226,-0.649659,0.064427,0.000000,0.000000,0.000000,0.000000,-0.424111,
1625008167.000000,419096969.000000,-0.866886,-1.954735,0.000000,0.000000,0.000000,0.764922,-0.644123,0.064427,0.000000,0.000000,0.000000,0.000000,-0.440012,
1625008167.000000,452096969.000000,-0.867263,-1.956828,0.000000,0.000000,0.000000,0.769667,-0.638446,0.064427,0.000000,0.000000,0.000000,0.000000,-0.448415,
1625008167.000000,485096969.000000,-0.867661,-1.958865,0.000000,0.000000,0.000000,0.774113,-0.633048,0.062893,0.000000,0.000000,0.000000,0.000000,-0.423822,
1625008167.000000,518096969.000000,-0.868103,-1.960970,0.000000,0.000000,0.000000,0.778644,-0.627466,0.065194,0.000000,0.000000,0.000000,0.000000,-0.435732,
1625008167.000000,552096969.000000,-0.868576,-1.963069,0.000000,0.000000,0.000000,0.783232,-0.621729,0.063277,0.000000,0.000000,0.000000,0.000000,-0.432120,
1625008167.000000,585096969.000000,-0.869061,-1.965087,0.000000,0.000000,0.000000,0.787535,-0.616270,0.062893,0.000000,0.000000,0.000000,0.000000,-0.421250,
1625008167.000000,613938089.000000,-0.869593,-1.967171,0.000000,0.000000,0.000000,0.792001,-0.610520,0.065194,0.000000,0.000000,0.000000,0.000000,-0.441266,
1625008167.000000,646938089.000000,-0.870143,-1.969199,0.000000,0.000000,0.000000,0.796470,-0.604678,0.063660,0.000000,0.000000,0.000000,0.000000,-0.445799,
1625008167.000000,679938089.000000,-0.870714,-1.971194,0.000000,0.000000,0.000000,0.800632,-0.599157,0.062893,0.000000,0.000000,0.000000,0.000000,-0.419028,
1625008167.000000,712938089.000000,-0.871329,-1.973230,0.000000,0.000000,0.000000,0.804939,-0.593357,0.064427,0.000000,0.000000,0.000000,0.000000,-0.437852,
1625008167.000000,745938089.000000,-0.871957,-1.975208,0.000000,0.000000,0.000000,0.809249,-0.587465,0.062893,0.000000,0.000000,0.000000,0.000000,-0.442436,
1625008167.000000,778938089.000000,-0.872614,-1.977177,0.000000,0.000000,0.000000,0.813309,-0.581831,0.062893,0.000000,0.000000,0.000000,0.000000,-0.420863,
1625008167.000000,812938089.000000,-0.873333,-1.979231,0.000000,0.000000,0.000000,0.817894,-0.575369,0.064021,0.000000,0.000000,0.000000,0.000000,-0.466115,
1625008167.000000,845938089.000000,-0.874065,-1.981227,0.000000,0.000000,0.000000,0.821838,-0.569722,0.064427,0.000000,0.000000,0.000000,0.000000,-0.417428,
1625008167.000000,878938089.000000,-0.874807,-1.983165,0.000000,0.000000,0.000000,0.825850,-0.563890,0.062893,0.000000,0.000000,0.000000,0.000000,-0.429038,
1625008167.000000,913938089.000000,-0.875654,-1.985280,0.000000,0.000000,0.000000,0.830472,-0.557060,0.065085,0.000000,0.000000,0.000000,0.000000,-0.471282,
1625008167.000000,946938089.000000,-0.876474,-1.987242,0.000000,0.000000,0.000000,0.834309,-0.551297,0.064427,0.000000,0.000000,0.000000,0.000000,-0.419577,
1625008167.000000,979938089.000000,-0.877302,-1.989145,0.000000,0.000000,0.000000,0.838209,-0.545349,0.062893,0.000000,0.000000,0.000000,0.000000,-0.431079,
1625008168.000000,12938089.000000,-0.878198,-1.991129,0.000000,0.000000,0.000000,0.842194,-0.539175,0.065961,0.000000,0.000000,0.000000,0.000000,-0.445362,
1625008168.000000,46938089.000000,-0.879103,-1.993053,0.000000,0.000000,0.000000,0.846236,-0.532809,0.062532,0.000000,0.000000,0.000000,0.000000,-0.443539,
1625008168.000000,79938089.000000,-0.880035,-1.994963,0.000000,0.000000,0.000000,0.850044,-0.526711,0.064427,0.000000,0.000000,0.000000,0.000000,-0.435714,
1625008168.000000,112938089.000000,-0.881030,-1.996928,0.000000,0.000000,0.000000,0.853936,-0.520377,0.066728,0.000000,0.000000,0.000000,0.000000,-0.450571,
1625008168.000000,145938089.000000,-0.882019,-1.998810,0.000000,0.000000,0.000000,0.857862,-0.513880,0.064427,0.000000,0.000000,0.000000,0.000000,-0.460076,
1625008168.000000,178938089.000000,-0.883048,-2.000699,0.000000,0.000000,0.000000,0.861564,-0.507650,0.065194,0.000000,0.000000,0.000000,0.000000,-0.439214,
1625008168.000000,211938089.000000,-0.884129,-2.002618,0.000000,0.000000,0.000000,0.865298,-0.501257,0.066728,0.000000,0.000000,0.000000,0.000000,-0.448697,
1625008168.000000,244938089.000000,-0.885201,-2.004454,0.000000,0.000000,0.000000,0.869105,-0.494628,0.064427,0.000000,0.000000,0.000000,0.000000,-0.463312,
1625008168.000000,277938089.000000,-0.886287,-2.006252,0.000000,0.000000,0.000000,0.872642,-0.488360,0.063660,0.000000,0.000000,0.000000,0.000000,-0.436169,
1625008168.000000,310938089.000000,-0.887439,-2.008099,0.000000,0.000000,0.000000,0.876243,-0.481870,0.065961,0.000000,0.000000,0.000000,0.000000,-0.449831,
1625008168.000000,344938089.000000,-0.888633,-2.009950,0.000000,0.000000,0.000000,0.879866,-0.475222,0.064766,0.000000,0.000000,0.000000,0.000000,-0.445362,
1625008168.000000,377938089.000000,-0.889783,-2.011677,0.000000,0.000000,0.000000,0.883243,-0.468916,0.062893,0.000000,0.000000,0.000000,0.000000,-0.433532,
1625008168.000000,410938089.000000,-0.891001,-2.013450,0.000000,0.000000,0.000000,0.886649,-0.462443,0.065194,0.000000,0.000000,0.000000,0.000000,-0.443289,
1625008168.000000,443938089.000000,-0.892231,-2.015184,0.000000,0.000000,0.000000,0.890107,-0.455752,0.064427,0.000000,0.000000,0.000000,0.000000,-0.456510,
1625008168.000000,476938089.000000,-0.893457,-2.016859,0.000000,0.000000,0.000000,0.893513,-0.449038,0.062893,0.000000,0.000000,0.000000,0.000000,-0.456254,
1625008168.000000,509938089.000000,-0.894768,-2.018597,0.000000,0.000000,0.000000,0.896491,-0.443062,0.065961,0.000000,0.000000,0.000000,0.000000,-0.404661,
1625008168.000000,542938089.000000,-0.896056,-2.020257,0.000000,0.000000,0.000000,0.899750,-0.436406,0.063660,0.000000,0.000000,0.000000,0.000000,-0.449141,
1625008168.000000,576938089.000000,-0.897369,-2.021896,0.000000,0.000000,0.000000,0.903122,-0.429384,0.061788,0.000000,0.000000,0.000000,0.000000,-0.458269,
1625008168.000000,609938089.000000,-0.898706,-2.023517,0.000000,0.000000,0.000000,0.905930,-0.423428,0.063660,0.000000,0.000000,0.000000,0.000000,-0.399044,
1625008168.000000,642938089.000000,-0.900082,-2.025138,0.000000,0.000000,0.000000,0.909015,-0.416764,0.064427,0.000000,0.000000,0.000000,0.000000,-0.445091,
1625008168.000000,675938089.000000,-0.901464,-2.026720,0.000000,0.000000,0.000000,0.911931,-0.410344,0.063660,0.000000,0.000000,0.000000,0.000000,-0.427326,
1625008168.000000,708938089.000000,-0.902885,-2.028301,0.000000,0.000000,0.000000,0.914804,-0.403899,0.064427,0.000000,0.000000,0.000000,0.000000,-0.427636,
1625008168.000000,741938089.000000,-0.904329,-2.029862,0.000000,0.000000,0.000000,0.917710,-0.397252,0.064427,0.000000,0.000000,0.000000,0.000000,-0.439666,
1625008168.000000,775938089.000000,-0.905725,-2.031328,0.000000,0.000000,0.000000,0.920486,-0.390775,0.059555,0.000000,0.000000,0.000000,0.000000,-0.414564,
1625008168.000000,808938089.000000,-0.907230,-2.032866,0.000000,0.000000,0.000000,0.923200,-0.384321,0.065194,0.000000,0.000000,0.000000,0.000000,-0.424298,
1625008168.000000,841938089.000000,-0.908757,-2.034381,0.000000,0.000000,0.000000,0.925989,-0.377550,0.065194,0.000000,0.000000,0.000000,0.000000,-0.443831,
1625008168.000000,874938089.000000,-0.910233,-2.035804,0.000000,0.000000,0.000000,0.928671,-0.370905,0.062126,0.000000,0.000000,0.000000,0.000000,-0.434294,
1625008168.000000,907938089.000000,-0.911785,-2.037258,0.000000,0.000000,0.000000,0.931232,-0.364426,0.064427,0.000000,0.000000,0.000000,0.000000,-0.422210,
1625008168.000000,940938089.000000,-0.913356,-2.038690,0.000000,0.000000,0.000000,0.933872,-0.357608,0.064427,0.000000,0.000000,0.000000,0.000000,-0.443094,
1625008168.000000,973938089.000000,-0.914930,-2.040082,0.000000,0.000000,0.000000,0.936428,-0.350860,0.063660,0.000000,0.000000,0.000000,0.000000,-0.437328,
1625008169.000000,7938089.000000,-0.916523,-2.041451,0.000000,0.000000,0.000000,0.938867,-0.344280,0.061788,0.000000,0.000000,0.000000,0.000000,-0.412825,
1625008169.000000,40938089.000000,-0.918175,-2.042830,0.000000,0.000000,0.000000,0.941357,-0.337413,0.065194,0.000000,0.000000,0.000000,0.000000,-0.442653,
1625008169.000000,73938089.000000,-0.919866,-2.044200,0.000000,0.000000,0.000000,0.943804,-0.330507,0.065961,0.000000,0.000000,0.000000,0.000000,-0.444084,
1625008169.000000,106938089.000000,-0.921477,-2.045468,0.000000,0.000000,0.000000,0.946075,-0.323948,0.062126,0.000000,0.000000,0.000000,0.000000,-0.420650,
1625008169.000000,139938089.000000,-0.923166,-2.046759,0.000000,0.000000,0.000000,0.948404,-0.317063,0.064427,0.000000,0.000000,0.000000,0.000000,-0.440511,
1625008169.000000,172938089.000000,-0.924875,-2.048024,0.000000,0.000000,0.000000,0.950833,-0.309705,0.064427,0.000000,0.000000,0.000000,0.000000,-0.469594,
1625008169.000000,205938089.000000,-0.926539,-2.049221,0.000000,0.000000,0.000000,0.952797,-0.303607,0.062126,0.000000,0.000000,0.000000,0.000000,-0.388276,
1625008169.000000,238938089.000000,-0.928324,-2.050468,0.000000,0.000000,0.000000,0.954981,-0.296666,0.065961,0.000000,0.000000,0.000000,0.000000,-0.441020,
1625008169.000000,271938089.000000,-0.930043,-2.051631,0.000000,0.000000,0.000000,0.957119,-0.289694,0.062893,0.000000,0.000000,0.000000,0.000000,-0.441967,
1625008169.000000,304938089.000000,-0.931778,-2.052770,0.000000,0.000000,0.000000,0.959091,-0.283099,0.062893,0.000000,0.000000,0.000000,0.000000,-0.417164,
1625008169.000000,339938089.000000,-0.933658,-2.053964,0.000000,0.000000,0.000000,0.961355,-0.275312,0.063638,0.000000,0.000000,0.000000,0.000000,-0.463428,
1625008169.000000,372938089.000000,-0.935426,-2.055051,0.000000,0.000000,0.000000,0.963187,-0.268833,0.062893,0.000000,0.000000,0.000000,0.000000,-0.408053,
1625008169.000000,405938089.000000,-0.937252,-2.056139,0.000000,0.000000,0.000000,0.965039,-0.262106,0.064427,0.000000,0.000000,0.000000,0.000000,-0.422839,
1625008169.000000,438938089.000000,-0.939094,-2.057201,0.000000,0.000000,0.000000,0.966947,-0.254978,0.064427,0.000000,0.000000,0.000000,0.000000,-0.447205,
1625008169.000000,471938089.000000,-0.940952,-2.058236,0.000000,0.000000,0.000000,0.968793,-0.247872,0.064427,0.000000,0.000000,0.000000,0.000000,-0.445005,
1625008169.000000,505938089.000000,-0.942757,-2.059208,0.000000,0.000000,0.000000,0.970514,-0.241044,0.060299,0.000000,0.000000,0.000000,0.000000,-0.414210,
1625008169.000000,539938089.000000,-0.944801,-2.060270,0.000000,0.000000,0.000000,0.972352,-0.233520,0.067743,0.000000,0.000000,0.000000,0.000000,-0.455597,
1625008169.000000,573938089.000000,-0.946679,-2.061210,0.000000,0.000000,0.000000,0.974056,-0.226309,0.061788,0.000000,0.000000,0.000000,0.000000,-0.435829,
1625008169.000000,606938089.000000,-0.948571,-2.062123,0.000000,0.000000,0.000000,0.975627,-0.219437,0.063660,0.000000,0.000000,0.000000,0.000000,-0.427239,
1625008169.000000,639938089.000000,-0.950568,-2.063051,0.000000,0.000000,0.000000,0.977228,-0.212192,0.066728,0.000000,0.000000,0.000000,0.000000,-0.449708,
1625008169.000000,672938089.000000,-0.952463,-2.063898,0.000000,0.000000,0.000000,0.978796,-0.204837,0.062893,0.000000,0.000000,0.000000,0.000000,-0.455737,
1625008169.000000,705938089.000000,-0.954440,-2.064746,0.000000,0.000000,0.000000,0.980235,-0.197839,0.065194,0.000000,0.000000,0.000000,0.000000,-0.433033,
1625008169.000000,738938089.000000,-0.956500,-2.065595,0.000000,0.000000,0.000000,0.981689,-0.190493,0.067495,0.000000,0.000000,0.000000,0.000000,-0.453859,
1625008169.000000,771938089.000000,-0.958454,-2.066366,0.000000,0.000000,0.000000,0.983105,-0.183040,0.063660,0.000000,0.000000,0.000000,0.000000,-0.459754,
1625008169.000000,804938089.000000,-0.960443,-2.067116,0.000000,0.000000,0.000000,0.984398,-0.175958,0.064427,0.000000,0.000000,0.000000,0.000000,-0.436331,
1625008169.000000,837938089.000000,-0.962514,-2.067864,0.000000,0.000000,0.000000,0.985684,-0.168604,0.066728,0.000000,0.000000,0.000000,0.000000,-0.452410,
1625008169.000000,870938089.000000,-0.964525,-2.068555,0.000000,0.000000,0.000000,0.986941,-0.161084,0.064427,0.000000,0.000000,0.000000,0.000000,-0.462106,
1625008169.000000,903938089.000000,-0.966545,-2.069217,0.000000,0.000000,0.000000,0.988068,-0.154018,0.064427,0.000000,0.000000,0.000000,0.000000,-0.433678,
1625008169.000000,938938089.000000,-0.968745,-2.069900,0.000000,0.000000,0.000000,0.989316,-0.145790,0.065808,0.000000,0.000000,0.000000,0.000000,-0.475504,
1625008169.000000,971938089.000000,-0.970785,-2.070499,0.000000,0.000000,0.000000,0.990306,-0.138900,0.064427,0.000000,0.000000,0.000000,0.000000,-0.421898,
1625008170.000000,4938089.000000,-0.972809,-2.071063,0.000000,0.000000,0.000000,0.991260,-0.131921,0.063660,0.000000,0.000000,0.000000,0.000000,-0.426878,
1625008170.000000,37938089.000000,-0.974889,-2.071610,0.000000,0.000000,0.000000,0.992208,-0.124591,0.065194,0.000000,0.000000,0.000000,0.000000,-0.447963,
1625008170.000000,70938089.000000,-0.976953,-2.072120,0.000000,0.000000,0.000000,0.993107,-0.117207,0.064427,0.000000,0.000000,0.000000,0.000000,-0.450810,
1625008170.000000,105368881.000000,-0.978950,-2.072584,0.000000,0.000000,0.000000,0.993899,-0.110290,0.062126,0.000000,0.000000,0.000000,0.000000,-0.421959,
1625008170.000000,138368881.000000,-0.981077,-2.073045,0.000000,0.000000,0.000000,0.994675,-0.103064,0.065961,0.000000,0.000000,0.000000,0.000000,-0.440475,
1625008170.000000,172368881.000000,-0.983137,-2.073461,0.000000,0.000000,0.000000,0.995409,-0.095711,0.061788,0.000000,0.000000,0.000000,0.000000,-0.434683,
1625008170.000000,205368881.000000,-0.985177,-2.073842,0.000000,0.000000,0.000000,0.996053,-0.088764,0.062893,0.000000,0.000000,0.000000,0.000000,-0.422837,
1625008170.000000,238368881.000000,-0.987322,-2.074212,0.000000,0.000000,0.000000,0.996668,-0.081565,0.065961,0.000000,0.000000,0.000000,0.000000,-0.437901,
1625008170.000000,271368881.000000,-0.989372,-2.074534,0.000000,0.000000,0.000000,0.997242,-0.074220,0.062893,0.000000,0.000000,0.000000,0.000000,-0.446518,
1625008170.000000,304368881.000000,-0.991452,-2.074831,0.000000,0.000000,0.000000,0.997734,-0.067275,0.063660,0.000000,0.000000,0.000000,0.000000,-0.421948,
1625008170.000000,337368881.000000,-0.993561,-2.075101,0.000000,0.000000,0.000000,0.998189,-0.060155,0.064427,0.000000,0.000000,0.000000,0.000000,-0.432352,
1625008170.000000,370368881.000000,-0.995648,-2.075338,0.000000,0.000000,0.000000,0.998603,-0.052845,0.063660,0.000000,0.000000,0.000000,0.000000,-0.443751,
1625008170.000000,403368881.000000,-0.997663,-2.075537,0.000000,0.000000,0.000000,0.998948,-0.045860,0.061359,0.000000,0.000000,0.000000,0.000000,-0.423859,
1625008170.000000,437368881.000000,-0.999857,-2.075724,0.000000,0.000000,0.000000,0.999249,-0.038747,0.064766,0.000000,0.000000,0.000000,0.000000,-0.418812,
1625008170.000000,470368881.000000,-1.001953,-2.075871,0.000000,0.000000,0.000000,0.999507,-0.031411,0.063660,0.000000,0.000000,0.000000,0.000000,-0.444860,
1625008170.000000,503368881.000000,-1.004025,-2.075987,0.000000,0.000000,0.000000,0.999703,-0.024377,0.062893,0.000000,0.000000,0.000000,0.000000,-0.426498,
1625008170.000000,536368881.000000,-1.006150,-2.076075,0.000000,0.000000,0.000000,0.999851,-0.017288,0.064427,0.000000,0.000000,0.000000,0.000000,-0.429733,
1625008170.000000,569368881.000000,-1.008275,-2.076133,0.000000,0.000000,0.000000,0.999950,-0.009965,0.064427,0.000000,0.000000,0.000000,0.000000,-0.443856,
1625008170.000000,602368881.000000,-1.010350,-2.076160,0.000000,0.000000,0.000000,0.999996,-0.002949,0.062893,0.000000,0.000000,0.000000,0.000000,-0.425221,
1625008170.000000,635368881.000000,-1.012476,-2.076157,0.000000,0.000000,0.000000,0.999991,0.004145,0.064427,0.000000,0.000000,0.000000,0.000000,-0.429919,
1625008170.000000,668368881.000000,-1.014602,-2.076124,0.000000,0.000000,0.000000,0.999934,0.011519,0.064427,0.000000,0.000000,0.000000,0.000000,-0.446955,
1625008170.000000,702368881.000000,-1.016753,-2.076059,0.000000,0.000000,0.000000,0.999826,0.018638,0.063277,0.000000,0.000000,0.000000,0.000000,-0.418793,
1625008170.000000,735368881.000000,-1.018851,-2.075966,0.000000,0.000000,0.000000,0.999668,0.025748,0.063660,0.000000,0.000000,0.000000,0.000000,-0.431030,
1625008170.000000,768368881.000000,-1.020974,-2.075841,0.000000,0.000000,0.000000,0.999452,0.033089,0.064427,0.000000,0.000000,0.000000,0.000000,-0.445081,
1625008170.000000,801368881.000000,-1.023094,-2.075685,0.000000,0.000000,0.000000,0.999192,0.040179,0.064427,0.000000,0.000000,0.000000,0.000000,-0.430001,
1625008170.000000,834368881.000000,-1.025212,-2.075499,0.000000,0.000000,0.000000,0.998882,0.047283,0.064427,0.000000,0.000000,0.000000,0.000000,-0.430983,
1625008170.000000,867368881.000000,-1.027302,-2.075285,0.000000,0.000000,0.000000,0.998508,0.054613,0.063660,0.000000,0.000000,0.000000,0.000000,-0.444768,
1625008170.000000,900368881.000000,-1.029338,-2.075047,0.000000,0.000000,0.000000,0.998094,0.061706,0.062126,0.000000,0.000000,0.000000,0.000000,-0.430620,
1625008170.000000,934368881.000000,-1.031446,-2.074770,0.000000,0.000000,0.000000,0.997634,0.068752,0.062532,0.000000,0.000000,0.000000,0.000000,-0.415348,
1625008170.000000,967368881.000000,-1.033550,-2.074463,0.000000,0.000000,0.000000,0.997107,0.076011,0.064427,0.000000,0.000000,0.000000,0.000000,-0.441138,
1625008171.000000,368881.000000,-1.035599,-2.074134,0.000000,0.000000,0.000000,0.996541,0.083104,0.062893,0.000000,0.000000,0.000000,0.000000,-0.431213,
1625008171.000000,33368881.000000,-1.037668,-2.073771,0.000000,0.000000,0.000000,0.995925,0.090182,0.063660,0.000000,0.000000,0.000000,0.000000,-0.430620,
1625008171.000000,66368881.000000,-1.039782,-2.073369,0.000000,0.000000,0.000000,0.995228,0.097573,0.065194,0.000000,0.000000,0.000000,0.000000,-0.449940,
1625008171.000000,99368881.000000,-1.041840,-2.072946,0.000000,0.000000,0.000000,0.994495,0.104783,0.063660,0.000000,0.000000,0.000000,0.000000,-0.439204,
1625008171.000000,132368881.000000,-1.043891,-2.072494,0.000000,0.000000,0.000000,0.993722,0.111881,0.063660,0.000000,0.000000,0.000000,0.000000,-0.432727,
1625008171.000000,165368881.000000,-1.045985,-2.072000,0.000000,0.000000,0.000000,0.992866,0.119238,0.065194,0.000000,0.000000,0.000000,0.000000,-0.448871,
1625008171.000000,198368881.000000,-1.048023,-2.071487,0.000000,0.000000,0.000000,0.991969,0.126480,0.063660,0.000000,0.000000,0.000000,0.000000,-0.442278,
1625008171.000000,231368881.000000,-1.050052,-2.070946,0.000000,0.000000,0.000000,0.991042,0.133551,0.063660,0.000000,0.000000,0.000000,0.000000,-0.432230,
1625008171.000000,265368881.000000,-1.052171,-2.070347,0.000000,0.000000,0.000000,0.990011,0.140988,0.064766,0.000000,0.000000,0.000000,0.000000,-0.441641,
1625008171.000000,298368881.000000,-1.054184,-2.069746,0.000000,0.000000,0.000000,0.988938,0.148328,0.063660,0.000000,0.000000,0.000000,0.000000,-0.449550,
1625008171.000000,331368881.000000,-1.056261,-2.069092,0.000000,0.000000,0.000000,0.987855,0.155376,0.065961,0.000000,0.000000,0.000000,0.000000,-0.432191,
1625008171.000000,364368881.000000,-1.058327,-2.068408,0.000000,0.000000,0.000000,0.986660,0.162797,0.065961,0.000000,0.000000,0.000000,0.000000,-0.455570,
1625008171.000000,397368881.000000,-1.060335,-2.067710,0.000000,0.000000,0.000000,0.985418,0.170149,0.064427,0.000000,0.000000,0.000000,0.000000,-0.451897,
1625008171.000000,430368881.000000,-1.062333,-2.066983,0.000000,0.000000,0.000000,0.984168,0.177238,0.064427,0.000000,0.000000,0.000000,0.000000,-0.436213,
1625008171.000000,463368881.000000,-1.064367,-2.066208,0.000000,0.000000,0.000000,0.982802,0.184665,0.065961,0.000000,0.000000,0.000000,0.000000,-0.457685,
1625008171.000000,496368881.000000,-1.066366,-2.065412,0.000000,0.000000,0.000000,0.981390,0.192027,0.065194,0.000000,0.000000,0.000000,0.000000,-0.454337,
1625008171.000000,529368881.000000,-1.068330,-2.064597,0.000000,0.000000,0.000000,0.979981,0.199089,0.064427,0.000000,0.000000,0.000000,0.000000,-0.436413,
1625008171.000000,563368881.000000,-1.070351,-2.063722,0.000000,0.000000,0.000000,0.978456,0.206454,0.064766,0.000000,0.000000,0.000000,0.000000,-0.442415,
1625008171.000000,596368881.000000,-1.072335,-2.062828,0.000000,0.000000,0.000000,0.976868,0.213845,0.065961,0.000000,0.000000,0.000000,0.000000,-0.458188,
1625008171.000000,629368881.000000,-1.074214,-2.061947,0.000000,0.000000,0.000000,0.975318,0.220804,0.062893,0.000000,0.000000,0.000000,0.000000,-0.432079,
1625008171.000000,662368881.000000,-1.076172,-2.060995,0.000000,0.000000,0.000000,0.973642,0.228083,0.065961,0.000000,0.000000,0.000000,0.000000,-0.452744,
1625008171.000000,695368881.000000,-1.078070,-2.060037,0.000000,0.000000,0.000000,0.971938,0.235236,0.064427,0.000000,0.000000,0.000000,0.000000,-0.445620,
1625008171.000000,729368881.000000,-1.079909,-2.059075,0.000000,0.000000,0.000000,0.970273,0.242012,0.061043,0.000000,0.000000,0.000000,0.000000,-0.410414,
1625008171.000000,762368881.000000,-1.081801,-2.058050,0.000000,0.000000,0.000000,0.968477,0.249104,0.065194,0.000000,0.000000,0.000000,0.000000,-0.443426,
1625008171.000000,795368881.000000,-1.083611,-2.057036,0.000000,0.000000,0.000000,0.966623,0.256203,0.062893,0.000000,0.000000,0.000000,0.000000,-0.444654,
1625008171.000000,830368881.000000,-1.085516,-2.055930,0.000000,0.000000,0.000000,0.964563,0.263853,0.062915,0.000000,0.000000,0.000000,0.000000,-0.452722,
1625008171.000000,863368881.000000,-1.087360,-2.054822,0.000000,0.000000,0.000000,0.962766,0.270336,0.065194,0.000000,0.000000,0.000000,0.000000,-0.407719,
1625008171.000000,896368881.000000,-1.089124,-2.053729,0.000000,0.000000,0.000000,0.960759,0.277384,0.062893,0.000000,0.000000,0.000000,0.000000,-0.444154,
1625008171.000000,929368881.000000,-1.090894,-2.052597,0.000000,0.000000,0.000000,0.958810,0.284048,0.063660,0.000000,0.000000,0.000000,0.000000,-0.420813,
1625008171.000000,962368881.000000,-1.092732,-2.051384,0.000000,0.000000,0.000000,0.956735,0.290961,0.066728,0.000000,0.000000,0.000000,0.000000,-0.437398,
1625008171.000000,995368881.000000,-1.094447,-2.050216,0.000000,0.000000,0.000000,0.954580,0.297954,0.062893,0.000000,0.000000,0.000000,0.000000,-0.443500,
1625008172.000000,28368881.000000,-1.096126,-2.049038,0.000000,0.000000,0.000000,0.952505,0.304521,0.062126,0.000000,0.000000,0.000000,0.000000,-0.417410,
1625008172.000000,63368881.000000,-1.097971,-2.047703,0.000000,0.000000,0.000000,0.950181,0.311700,0.065085,0.000000,0.000000,0.000000,0.000000,-0.431178,
1625008172.000000,96368881.000000,-1.099634,-2.046461,0.000000,0.000000,0.000000,0.947866,0.318670,0.062893,0.000000,0.000000,0.000000,0.000000,-0.445107,
