1625008221.496017,0.000000,0.569776,-0.501804,0.198135,
1625008221.500185,0.000000,0.569781,-0.501815,0.198142,
1625008221.504355,0.000000,0.569781,-0.501816,0.198144,
1625008221.508519,0.000000,0.569786,-0.501808,0.198146,
1625008221.512682,0.000000,0.569779,-0.501801,0.198141,
1625008221.516855,0.000000,0.569774,-0.501795,0.198143,
1625008221.521016,0.000000,0.569783,-0.501798,0.198146,
1625008221.525193,0.000000,0.569774,-0.501796,0.198139,
1625008221.529351,0.000000,0.569797,-0.501800,0.198139,
1625008221.533514,0.000000,0.569779,-0.501798,0.198143,
1625008221.537689,0.000000,0.569780,-0.501806,0.198146,
1625008221.541851,0.000000,0.569776,-0.501806,0.198136,
1625008221.546022,0.000000,0.569785,-0.501801,0.198132,
1625008221.550183,0.000000,0.569775,-0.501805,0.198137,
1625008221.554349,0.000000,0.569790,-0.501802,0.198138,
1625008221.558609,0.000000,0.569786,-0.501795,0.198141,
1625008221.562685,0.000000,0.569774,-0.501795,0.198140,
1625008221.566855,0.000000,0.569779,-0.501795,0.198143,
1625008221.571050,0.000000,0.569776,-0.501797,0.198144,
1625008221.575183,0.000000,0.569779,-0.501804,0.198138,
1625008221.579356,0.000000,0.569768,-0.501811,0.198137,
1625008221.583519,0.000000,0.569788,-0.501815,0.198138,
1625008221.587679,0.000000,0.569780,-0.501805,0.198137,
1625008221.591856,0.000000,0.569788,-0.501797,0.198141,
1625008221.596022,0.000000,0.569778,-0.501794,0.198141,
1625008221.600184,0.000000,0.569787,-0.501802,0.198151,
1625008221.604355,0.000000,0.569779,-0.501792,0.198144,
1625008221.608517,0.000000,0.569777,-0.501797,0.198144,
1625008221.612686,0.000000,0.569790,-0.501804,0.198140,
1625008221.616850,0.000000,0.569781,-0.501807,0.198139,
1625008221.621011,0.000000,0.569785,-0.501805,0.198135,
1625008221.625243,0.000000,0.569777,-0.501797,0.198132,
1625008221.629345,0.000000,0.569785,-0.501798,0.198140,
1625008221.633518,0.000000,0.569795,-0.501800,0.198140,
1625008221.637679,0.000000,0.569785,-0.501794,0.198139,
1625008221.641846,0.000000,0.569788,-0.501795,0.198137,
1625008221.646017,0.000000,0.569782,-0.501807,0.198146,
1625008221.650182,0.000000,0.569777,-0.501805,0.198143,
1625008221.654347,0.000000,0.569752,-0.501812,0.198153,
1625008221.658515,0.000000,0.569787,-0.501798,0.198137,
1625008221.662678,0.000000,0.569785,-0.501800,0.198136,
1625008221.666894,0.000000,0.569782,-0.501792,0.198137,
1625008221.671008,0.000000,0.569785,-0.501798,0.198136,
1625008221.675180,0.000000,0.569775,-0.501800,0.198141,
1625008221.679349,0.000000,0.569780,-0.501795,0.198127,
1625008232.254424,0.000000,0.569797,-0.501816,0.198152,
1625008232.258595,0.000000,0.569786,-0.501807,0.198148,
1625008232.262750,0.000000,0.569785,-0.501801,0.198134,
1625008232.266927,0.000000,0.569780,-0.501804,0.198140,
1625008232.271090,0.000000,0.569776,-0.501804,0.198145,
1625008232.275340,0.000000,0.569780,-0.501804,0.198140,
1625008232.279426,0.000000,0.569781,-0.501805,0.198139,
1625008232.283584,0.000000,0.569789,-0.501808,0.198141,
1625008232.287757,0.000000,0.569791,-0.501807,0.198144,
1625008232.291929,0.000000,0.569790,-0.501804,0.198148,
1625008232.354416,0.000000,0.571478,-0.502231,0.198272,
1625008232.358576,0.000000,0.571899,-0.502316,0.198281,
1625008232.362737,0.000000,0.572364,-0.502400,0.198277,
1625008232.366915,0.000000,0.572865,-0.502494,0.198302,
1625008232.371076,0.000000,0.573386,-0.502576,0.198285,
1625008232.375250,0.000000,0.573923,-0.502642,0.198281,
1625008232.379402,0.000000,0.574477,-0.502690,0.198252,
1625008232.383589,0.000000,0.575047,-0.502758,0.198246,
1625008232.387738,0.000000,0.575627,-0.502832,0.198204,
1625008232.391909,0.000000,0.576166,-0.502869,0.198141,
1625008232.454411,0.000000,0.584252,-0.504020,0.198096,
1625008232.458585,0.000000,0.584731,-0.504142,0.198131,
1625008232.462750,0.000000,0.585237,-0.504286,0.198174,
1625008232.466914,0.000000,0.585745,-0.504391,0.198165,
1625008232.471190,0.000000,0.586258,-0.504518,0.198171,
1625008232.475263,0.000000,0.586771,-0.504630,0.198186,
1625008232.479411,0.000000,0.587299,-0.504718,0.198170,
1625008232.483574,0.000000,0.587862,-0.504797,0.198134,
1625008232.487747,0.000000,0.588442,-0.504882,0.198089,
1625008232.491907,0.000000,0.589073,-0.504981,0.198054,
1625008232.554411,0.000000,0.597414,-0.506715,0.198068,
1625008232.558583,0.000000,0.597875,-0.506852,0.198078,
1625008232.562754,0.000000,0.598360,-0.506977,0.198074,
1625008232.566981,0.000000,0.598854,-0.507118,0.198084,
1625008232.571080,0.000000,0.599368,-0.507260,0.198108,
1625008232.575238,0.000000,0.599898,-0.507389,0.198112,
1625008232.579414,0.000000,0.600427,-0.507519,0.198132,
1625008232.583573,0.000000,0.600992,-0.507622,0.198102,
1625008232.587747,0.000000,0.601571,-0.507740,0.198055,
1625008232.591934,0.000000,0.602155,-0.507852,0.198012,
1625008232.654379,0.000000,0.610388,-0.509954,0.198120,
1625008232.658541,0.000000,0.610847,-0.510108,0.198086,
1625008232.662712,0.000000,0.611338,-0.510268,0.198113,
1625008232.666886,0.000000,0.611801,-0.510430,0.198123,
1625008232.671170,0.000000,0.612308,-0.510605,0.198145,
1625008232.675216,0.000000,0.612793,-0.510747,0.198094,
1625008232.679360,0.000000,0.613303,-0.510867,0.198070,
1625008232.683553,0.000000,0.613905,-0.511038,0.198063,
1625008232.687712,0.000000,0.614491,-0.511174,0.198022,
1625008232.691884,0.000000,0.615050,-0.511307,0.197964,
1625008232.754421,0.000000,0.623085,-0.513736,0.197963,
1625008232.758579,0.000000,0.623525,-0.513950,0.198022,
1625008232.762773,0.000000,0.623982,-0.514132,0.198042,
1625008232.766954,0.000000,0.624528,-0.514346,0.198081,
1625008232.771085,0.000000,0.625055,-0.514542,0.198062,
1625008232.775252,0.000000,0.625556,-0.514740,0.198070,
1625008232.779419,0.000000,0.626051,-0.514846,0.198078,
1625008232.783584,0.000000,0.626617,-0.515091,0.198069,
1625008232.787796,0.000000,0.627137,-0.515276,0.198045,
1625008232.791922,0.000000,0.627727,-0.515363,0.198043,
1625008232.854412,0.000000,0.635781,-0.518183,0.198026,
1625008232.858574,0.000000,0.636257,-0.518408,0.198100,
1625008232.862730,0.000000,0.636734,-0.518601,0.198132,
1625008232.866978,0.000000,0.637232,-0.518797,0.198152,
1625008232.871076,0.000000,0.637720,-0.519004,0.198119,
1625008232.875234,0.000000,0.638190,-0.519190,0.198131,
1625008232.879414,0.000000,0.638713,-0.519396,0.198138,
1625008232.883578,0.000000,0.639260,-0.519613,0.198131,
1625008232.887758,0.000000,0.639797,-0.519815,0.198123,
1625008232.891906,0.000000,0.640385,-0.520010,0.198097,
1625008232.954394,0.000000,0.648705,-0.523355,0.198070,
1625008232.958568,0.000000,0.649157,-0.523609,0.198110,
1625008232.962752,0.000000,0.649653,-0.523847,0.198128,
1625008232.966905,0.000000,0.650074,-0.524079,0.198156,
1625008232.971078,0.000000,0.650553,-0.524295,0.198180,
1625008232.975236,0.000000,0.651066,-0.524555,0.198219,
1625008232.979404,0.000000,0.651594,-0.524776,0.198231,
1625008232.983579,0.000000,0.652151,-0.525025,0.198217,
1625008232.987736,0.000000,0.652697,-0.525239,0.198187,
1625008232.991904,0.000000,0.653246,-0.525418,0.198129,
1625008233.054395,0.000000,0.661177,-0.528980,0.197999,
1625008233.058573,0.000000,0.661627,-0.529248,0.198041,
1625008233.062747,0.000000,0.662081,-0.529485,0.198057,
1625008233.067040,0.000000,0.662623,-0.529867,0.198095,
1625008233.071086,0.000000,0.663101,-0.530104,0.198087,
1625008233.075245,0.000000,0.663594,-0.530358,0.198126,
1625008233.079419,0.000000,0.664096,-0.530613,0.198129,
1625008233.083569,0.000000,0.664608,-0.530875,0.198128,
1625008233.087747,0.000000,0.665143,-0.531128,0.198076,
1625008233.091913,0.000000,0.665688,-0.531364,0.198045,
1625008233.154412,0.000000,0.673475,-0.535260,0.197953,
1625008233.158576,0.000000,0.673912,-0.535511,0.197969,
1625008233.162749,0.000000,0.674342,-0.535775,0.198016,
1625008233.167015,0.000000,0.674797,-0.536069,0.198063,
1625008233.171109,0.000000,0.675259,-0.536326,0.198078,
1625008233.175243,0.000000,0.675737,-0.536600,0.198056,
1625008233.179417,0.000000,0.676199,-0.536861,0.198052,
1625008233.183586,0.000000,0.676691,-0.537126,0.198031,
1625008233.187742,0.000000,0.677244,-0.537426,0.197989,
1625008233.191917,0.000000,0.677774,-0.537680,0.197981,
1625008233.254407,0.000000,0.685485,-0.542025,0.197934,
1625008233.258575,0.000000,0.685957,-0.542303,0.197928,
1625008233.262740,0.000000,0.686389,-0.542583,0.197952,
1625008233.267063,0.000000,0.686815,-0.542868,0.197984,
1625008233.271083,0.000000,0.687262,-0.543167,0.198009,
1625008233.275246,0.000000,0.687720,-0.543453,0.198015,
1625008233.279435,0.000000,0.688217,-0.543757,0.198004,
1625008233.283580,0.000000,0.688697,-0.544051,0.197991,
1625008233.287758,0.000000,0.689222,-0.544362,0.197929,
1625008233.291945,0.000000,0.689768,-0.544648,0.197897,
1625008233.354418,0.000000,0.697174,-0.549193,0.197781,
1625008233.358619,0.000000,0.697597,-0.549527,0.197820,
1625008233.362733,0.000000,0.698056,-0.549837,0.197837,
1625008233.366943,0.000000,0.698484,-0.550155,0.197863,
1625008233.371075,0.000000,0.698921,-0.550466,0.197888,
1625008233.375235,0.000000,0.699380,-0.550779,0.197897,
1625008233.379408,0.000000,0.699835,-0.551091,0.197888,
1625008233.383565,0.000000,0.700312,-0.551414,0.197844,
1625008233.387757,0.000000,0.700803,-0.551721,0.197818,
1625008233.391893,0.000000,0.701319,-0.552037,0.197756,
1625008233.454386,0.000000,0.708547,-0.556922,0.197597,
1625008233.458570,0.000000,0.708960,-0.557257,0.197639,
1625008233.462821,0.000000,0.709365,-0.557576,0.197650,
1625008233.466908,0.000000,0.709754,-0.557898,0.197664,
1625008233.471113,0.000000,0.710145,-0.558222,0.197698,
1625008233.475230,0.000000,0.710568,-0.558536,0.197695,
1625008233.479416,0.000000,0.710992,-0.558867,0.197711,
1625008233.483566,0.000000,0.711429,-0.559173,0.197695,
1625008233.487739,0.000000,0.711919,-0.559513,0.197651,
1625008233.491908,0.000000,0.712389,-0.559826,0.197600,
1625008233.554392,0.000000,0.719263,-0.564931,0.197387,
1625008233.558563,0.000000,0.719671,-0.565282,0.197408,
1625008233.562740,0.000000,0.720053,-0.565596,0.197411,
1625008233.566895,0.000000,0.720435,-0.565928,0.197429,
1625008233.571071,0.000000,0.720826,-0.566273,0.197430,
1625008233.575223,0.000000,0.721225,-0.566626,0.197450,
1625008233.579406,0.000000,0.721637,-0.566967,0.197461,
1625008233.583655,0.000000,0.722034,-0.567321,0.197476,
1625008233.587728,0.000000,0.722479,-0.567671,0.197455,
1625008233.591901,0.000000,0.722943,-0.568051,0.197412,
1625008233.654401,0.000000,0.729675,-0.573399,0.197235,
1625008233.658561,0.000000,0.730066,-0.573762,0.197274,
1625008233.662824,0.000000,0.730412,-0.574158,0.197294,
1625008233.666925,0.000000,0.730764,-0.574512,0.197329,
1625008233.671088,0.000000,0.731113,-0.574867,0.197344,
1625008233.675236,0.000000,0.731485,-0.575238,0.197350,
1625008233.679397,0.000000,0.731868,-0.575587,0.197369,
1625008233.683564,0.000000,0.732241,-0.575947,0.197358,
1625008233.687750,0.000000,0.732657,-0.576310,0.197341,
1625008233.691913,0.000000,0.733063,-0.576658,0.197295,
1625008233.754398,0.000000,0.739601,-0.582315,0.197018,
1625008233.758563,0.000000,0.739943,-0.582698,0.197056,
1625008233.762741,0.000000,0.740291,-0.583061,0.197108,
1625008233.766892,0.000000,0.740643,-0.583422,0.197125,
1625008233.771070,0.000000,0.741017,-0.583803,0.197137,
1625008233.775231,0.000000,0.741381,-0.584197,0.197146,
1625008233.779385,0.000000,0.741753,-0.584602,0.197160,
1625008233.783557,0.000000,0.742109,-0.584999,0.197199,
1625008233.787734,0.000000,0.742515,-0.585346,0.197269,
1625008233.791909,0.000000,0.742944,-0.585723,0.197252,
1625008233.854394,0.000000,0.749182,-0.591624,0.196910,
1625008233.858572,0.000000,0.749510,-0.592018,0.196956,
1625008233.862817,0.000000,0.749843,-0.592446,0.197025,
1625008233.866903,0.000000,0.750173,-0.592835,0.197063,
1625008233.871098,0.000000,0.750495,-0.593195,0.197076,
1625008233.875227,0.000000,0.750830,-0.593558,0.197092,
1625008233.879411,0.000000,0.751154,-0.593928,0.197060,
1625008233.883561,0.000000,0.751495,-0.594309,0.197071,
1625008233.887713,0.000000,0.751884,-0.594744,0.197077,
1625008233.891884,0.000000,0.752278,-0.595175,0.197107,
1625008233.954392,0.000000,0.758265,-0.601431,0.196789,
1625008233.958559,0.000000,0.758581,-0.601848,0.196850,
1625008233.962731,0.000000,0.758892,-0.602252,0.196873,
1625008233.966898,0.000000,0.759191,-0.602647,0.196907,
1625008233.971125,0.000000,0.759518,-0.603041,0.196920,
1625008233.975228,0.000000,0.759850,-0.603449,0.196956,
1625008233.979398,0.000000,0.760189,-0.603872,0.196963,
1625008233.983565,0.000000,0.760539,-0.604280,0.196997,
1625008233.987743,0.000000,0.760887,-0.604704,0.197011,
1625008233.991986,0.000000,0.761228,-0.605108,0.196970,
1625008234.054388,0.000000,0.766936,-0.611557,0.196643,
1625008234.058650,0.000000,0.767250,-0.611985,0.196771,
1625008234.062730,0.000000,0.767536,-0.612408,0.196768,
1625008234.066893,0.000000,0.767858,-0.612842,0.196800,
1625008234.071060,0.000000,0.768147,-0.613286,0.196830,
1625008234.075218,0.000000,0.768437,-0.613709,0.196853,
1625008234.079385,0.000000,0.768768,-0.614133,0.196891,
1625008234.083559,0.000000,0.769080,-0.614543,0.196905,
1625008234.087730,0.000000,0.769415,-0.614984,0.196972,
1625008234.091898,0.000000,0.769734,-0.615410,0.196986,
1625008234.154394,0.000000,0.775202,-0.622188,0.196636,
1625008234.158574,0.000000,0.775472,-0.622592,0.196659,
1625008234.162722,0.000000,0.775767,-0.623025,0.196705,
1625008234.166891,0.000000,0.776035,-0.623428,0.196732,
1625008234.171056,0.000000,0.776356,-0.623861,0.196710,
1625008234.175223,0.000000,0.776642,-0.624275,0.196688,
1625008234.179392,0.000000,0.776941,-0.624714,0.196735,
1625008234.183564,0.000000,0.777220,-0.625175,0.196747,
1625008234.187733,0.000000,0.777517,-0.625581,0.196718,
1625008234.191988,0.000000,0.777837,-0.626052,0.196751,
1625008234.254397,0.000000,0.783086,-0.633151,0.196542,
1625008234.258728,0.000000,0.783343,-0.633588,0.196579,
1625008234.262727,0.000000,0.783558,-0.633992,0.196642,
1625008234.266893,0.000000,0.783802,-0.634452,0.196684,
1625008234.271095,0.000000,0.784028,-0.634870,0.196725,
1625008234.275250,0.000000,0.784266,-0.635306,0.196770,
1625008234.279377,0.000000,0.784519,-0.635750,0.196792,
1625008234.283553,0.000000,0.784798,-0.636209,0.196804,
1625008234.287712,0.000000,0.785073,-0.636649,0.196752,
1625008234.291870,0.000000,0.785356,-0.637086,0.196766,
1625008234.354373,0.000000,0.790179,-0.644173,0.196466,
1625008234.358547,0.000000,0.790390,-0.644625,0.196533,
1625008234.362709,0.000000,0.790613,-0.645069,0.196617,
1625008234.366862,0.000000,0.790836,-0.645539,0.196668,
1625008234.371041,0.000000,0.791107,-0.645977,0.196702,
1625008234.375216,0.000000,0.791318,-0.646425,0.196743,
1625008234.379374,0.000000,0.791547,-0.646865,0.196800,
1625008234.383556,0.000000,0.791812,-0.647422,0.196756,
1625008234.387720,0.000000,0.792040,-0.647831,0.196737,
1625008234.391979,0.000000,0.792326,-0.648227,0.197005,
1625008234.454466,0.000000,0.796978,-0.655858,0.196400,
1625008234.458551,0.000000,0.797185,-0.656333,0.196468,
1625008234.462725,0.000000,0.797430,-0.656806,0.196510,
1625008234.466882,0.000000,0.797659,-0.657280,0.196560,
1625008234.471076,0.000000,0.797869,-0.657734,0.196607,
1625008234.475216,0.000000,0.798111,-0.658231,0.196636,
1625008234.479383,0.000000,0.798317,-0.658666,0.196646,
1625008234.483596,0.000000,0.798508,-0.659150,0.196669,
1625008234.487725,0.000000,0.798744,-0.659587,0.196714,
1625008234.491928,0.000000,0.798996,-0.660100,0.196706,
1625008234.554383,0.000000,0.803330,-0.667769,0.196238,
1625008234.558569,0.000000,0.803524,-0.668248,0.196434,
1625008234.562737,0.000000,0.803710,-0.668624,0.196580,
1625008234.566899,0.000000,0.803904,-0.669137,0.196661,
1625008234.571050,0.000000,0.804113,-0.669772,0.196631,
1625008234.575222,0.000000,0.804317,-0.670267,0.196569,
1625008234.579381,0.000000,0.804525,-0.670734,0.196628,
1625008234.583562,0.000000,0.804692,-0.671155,0.196730,
1625008234.587816,0.000000,0.804927,-0.671528,0.196776,
1625008234.591879,0.000000,0.805133,-0.672002,0.196804,
1625008234.654473,0.000000,0.809130,-0.679884,0.196226,
1625008234.658561,0.000000,0.809323,-0.680399,0.196338,
1625008234.662729,0.000000,0.809506,-0.680972,0.196403,
1625008234.666872,0.000000,0.809682,-0.681404,0.196445,
1625008234.671035,0.000000,0.809864,-0.681977,0.196492,
1625008234.675214,0.000000,0.810060,-0.682451,0.196591,
1625008234.679397,0.000000,0.810249,-0.682936,0.196610,
1625008234.683557,0.000000,0.810423,-0.683444,0.196656,
1625008234.687721,0.000000,0.810596,-0.683917,0.196666,
1625008234.691897,0.000000,0.810765,-0.684422,0.196697,
1625008234.754457,0.000000,0.814440,-0.692567,0.196227,
1625008234.758636,0.000000,0.814606,-0.693081,0.196300,
1625008234.762799,0.000000,0.814760,-0.693600,0.196370,
1625008234.766954,0.000000,0.814870,-0.694089,0.196408,
1625008234.771130,0.000000,0.815042,-0.694573,0.196503,
1625008234.775276,0.000000,0.815186,-0.695095,0.196502,
1625008234.779470,0.000000,0.815410,-0.695605,0.196523,
1625008234.783639,0.000000,0.815575,-0.696087,0.196582,
1625008234.787900,0.000000,0.815717,-0.696598,0.196604,
1625008234.791955,0.000000,0.815914,-0.697165,0.196586,
1625008234.854567,0.000000,0.819279,-0.705555,0.196053,
1625008234.858631,0.000000,0.819445,-0.706147,0.196120,
1625008234.862796,0.000000,0.819583,-0.706690,0.196143,
1625008234.866967,0.000000,0.819743,-0.707146,0.196108,
1625008234.871119,0.000000,0.819890,-0.707637,0.196144,
1625008234.875284,0.000000,0.820006,-0.708163,0.196173,
1625008234.879450,0.000000,0.820169,-0.708630,0.196304,
1625008234.883630,0.000000,0.820292,-0.709151,0.196273,
1625008234.887795,0.000000,0.820435,-0.709636,0.196355,
1625008234.891958,0.000000,0.820589,-0.710145,0.196373,
1625008234.954449,0.000000,0.823535,-0.718664,0.195890,
1625008234.958625,0.000000,0.823651,-0.719182,0.195936,
1625008234.962788,0.000000,0.823794,-0.719703,0.195955,
1625008234.967004,0.000000,0.823920,-0.720233,0.195991,
1625008234.971130,0.000000,0.824017,-0.720707,0.196043,
1625008234.975288,0.000000,0.824111,-0.721230,0.196071,
1625008234.979454,0.000000,0.824227,-0.721732,0.196077,
1625008234.983710,0.000000,0.824316,-0.722211,0.196119,
1625008234.987782,0.000000,0.824498,-0.722759,0.196026,
1625008234.991954,0.000000,0.824646,-0.723318,0.196131,
1625008235.054463,0.000000,0.827170,-0.731762,0.195610,
1625008235.058630,0.000000,0.827275,-0.732306,0.195639,
1625008235.062793,0.000000,0.827376,-0.732856,0.195704,
1625008235.066957,0.000000,0.827462,-0.733388,0.195766,
1625008235.071123,0.000000,0.827589,-0.733936,0.195800,
1625008235.075297,0.000000,0.827630,-0.734441,0.195811,
1625008235.079466,0.000000,0.827731,-0.734931,0.195829,
1625008235.083621,0.000000,0.827813,-0.735436,0.195885,
1625008235.087785,0.000000,0.827916,-0.735889,0.195894,
1625008235.091954,0.000000,0.828044,-0.736367,0.195948,
1625008235.154432,0.000000,0.830244,-0.744905,0.195292,
1625008235.158632,0.000000,0.830322,-0.745437,0.195329,
1625008235.162775,0.000000,0.830404,-0.745916,0.195559,
1625008235.166964,0.000000,0.830448,-0.746409,0.195624,
1625008235.171085,0.000000,0.830540,-0.746942,0.195686,
1625008235.175248,0.000000,0.830628,-0.747418,0.195674,
1625008235.179423,0.000000,0.830735,-0.747946,0.195714,
1625008235.183677,0.000000,0.830812,-0.748461,0.195715,
1625008235.187773,0.000000,0.830920,-0.749002,0.195657,
1625008235.191929,0.000000,0.831013,-0.749536,0.195678,
1625008235.254411,0.000000,0.832676,-0.758077,0.195014,
1625008235.258572,0.000000,0.832757,-0.758644,0.195067,
1625008235.262778,0.000000,0.832810,-0.759245,0.195115,
1625008235.266909,0.000000,0.832901,-0.759812,0.195141,
1625008235.271077,0.000000,0.832924,-0.760204,0.195170,
1625008235.275245,0.000000,0.832994,-0.760731,0.195209,
1625008235.279422,0.000000,0.833040,-0.761207,0.195266,
1625008235.283581,0.000000,0.833105,-0.761695,0.195301,
1625008235.287746,0.000000,0.833116,-0.762298,0.195310,
1625008235.291906,0.000000,0.833157,-0.762820,0.195289,
1625008235.354453,0.000000,0.834568,-0.771278,0.194820,
1625008235.358626,0.000000,0.834660,-0.771844,0.194821,
1625008235.362798,0.000000,0.834652,-0.772479,0.194892,
1625008235.367067,0.000000,0.834665,-0.772988,0.195069,
1625008235.371126,0.000000,0.834701,-0.773406,0.195041,
1625008235.375294,0.000000,0.834730,-0.773924,0.195158,
1625008235.379458,0.000000,0.834725,-0.774393,0.195195,
1625008235.383711,0.000000,0.834769,-0.774892,0.195241,
1625008235.387799,0.000000,0.834774,-0.775390,0.195341,
1625008235.391968,0.000000,0.834793,-0.775944,0.195237,
1625008235.454422,0.000000,0.835880,-0.784570,0.194583,
1625008235.458582,0.000000,0.835893,-0.785185,0.194604,
1625008235.462740,0.000000,0.835891,-0.785723,0.194658,
1625008235.466927,0.000000,0.835899,-0.786239,0.194699,
1625008235.471107,0.000000,0.835912,-0.786750,0.194763,
1625008235.475258,0.000000,0.835919,-0.787264,0.194819,
1625008235.479420,0.000000,0.835928,-0.787769,0.194860,
1625008235.483575,0.000000,0.835925,-0.788270,0.194898,
1625008235.487743,0.000000,0.835921,-0.788797,0.194891,
1625008235.491920,0.000000,0.835932,-0.789307,0.194972,
1625008235.554462,0.000000,0.836528,-0.797848,0.194478,
1625008235.558623,0.000000,0.836549,-0.798412,0.194470,
1625008235.562795,0.000000,0.836563,-0.798976,0.194497,
1625008235.566998,0.000000,0.836558,-0.799534,0.194556,
1625008235.571124,0.000000,0.836492,-0.800113,0.194684,
1625008235.575285,0.000000,0.836510,-0.800559,0.194634,
1625008235.579542,0.000000,0.836442,-0.801155,0.194793,
1625008235.583619,0.000000,0.836441,-0.801688,0.194825,
1625008235.587784,0.000000,0.836386,-0.802171,0.194839,
1625008235.591943,0.000000,0.836366,-0.802644,0.194920,
1625008235.654448,0.000000,0.836626,-0.811340,0.194295,
1625008235.658605,0.000000,0.836617,-0.811937,0.194289,
1625008235.662777,0.000000,0.836610,-0.812490,0.194302,
1625008235.666997,0.000000,0.836581,-0.813064,0.194344,
1625008235.671110,0.000000,0.836537,-0.813596,0.194398,
1625008235.675289,0.000000,0.836576,-0.814019,0.194483,
1625008235.679489,0.000000,0.836524,-0.814551,0.194560,
1625008235.683614,0.000000,0.836483,-0.815034,0.194628,
1625008235.687786,0.000000,0.836423,-0.815565,0.194648,
1625008235.691938,0.000000,0.836294,-0.816104,0.194691,
1625008235.754483,0.000000,0.836113,-0.824780,0.194225,
1625008235.758622,0.000000,0.836086,-0.825369,0.194185,
1625008235.762801,0.000000,0.836043,-0.825933,0.194182,
1625008235.767007,0.000000,0.835988,-0.826488,0.194232,
1625008235.771101,0.000000,0.835930,-0.827014,0.194283,
1625008235.775268,0.000000,0.835852,-0.827558,0.194341,
1625008235.779549,0.000000,0.835777,-0.828059,0.194394,
1625008235.783623,0.000000,0.835706,-0.828525,0.194437,
1625008235.787767,0.000000,0.835633,-0.828993,0.194544,
1625008235.791931,0.000000,0.835555,-0.829483,0.194555,
1625008235.854434,0.000000,0.835044,-0.838071,0.194044,
1625008235.858589,0.000000,0.834992,-0.838659,0.194049,
1625008235.862773,0.000000,0.834919,-0.839232,0.194086,
1625008235.866946,0.000000,0.834838,-0.839808,0.194129,
1625008235.871101,0.000000,0.834761,-0.840352,0.194177,
1625008235.875272,0.000000,0.834654,-0.840859,0.194305,
1625008235.879448,0.000000,0.834544,-0.841362,0.194377,
1625008235.883607,0.000000,0.834456,-0.841852,0.194410,
1625008235.887753,0.000000,0.834355,-0.842328,0.194465,
1625008235.891942,0.000000,0.834260,-0.842813,0.194492,
1625008235.954447,0.000000,0.833327,-0.851255,0.194027,
1625008235.958614,0.000000,0.833257,-0.851821,0.194027,
1625008235.962780,0.000000,0.833179,-0.852370,0.194028,
1625008235.966952,0.000000,0.833073,-0.852941,0.194064,
1625008235.971103,0.000000,0.832936,-0.853463,0.194127,
1625008235.975270,0.000000,0.832824,-0.853981,0.194168,
1625008235.979579,0.000000,0.832726,-0.854474,0.194211,
1625008235.983614,0.000000,0.832610,-0.854944,0.194256,
1625008235.987781,0.000000,0.832507,-0.855455,0.194292,
1625008235.991944,0.000000,0.832410,-0.855949,0.194339,
1625008236.054446,0.000000,0.831039,-0.864301,0.194046,
1625008236.058572,0.000000,0.830946,-0.864887,0.194030,
1625008236.062799,0.000000,0.830825,-0.865494,0.194036,
1625008236.066937,0.000000,0.830670,-0.866056,0.194223,
1625008236.071101,0.000000,0.830549,-0.866604,0.194234,
1625008236.075244,0.000000,0.830445,-0.867149,0.194109,
1625008236.079418,0.000000,0.830311,-0.867614,0.194317,
1625008236.083595,0.000000,0.830167,-0.868072,0.194458,
1625008236.087747,0.000000,0.830052,-0.868578,0.194572,
1625008236.091911,0.000000,0.829934,-0.869072,0.194593,
1625008236.154447,0.000000,0.828203,-0.877607,0.194173,
1625008236.158617,0.000000,0.828078,-0.878171,0.194186,
1625008236.162772,0.000000,0.827906,-0.878612,0.194134,
1625008236.166997,0.000000,0.827751,-0.879191,0.194177,
1625008236.171129,0.000000,0.827592,-0.879751,0.194217,
1625008236.175348,0.000000,0.827439,-0.880302,0.194250,
1625008236.179450,0.000000,0.827272,-0.880821,0.194317,
1625008236.183607,0.000000,0.827084,-0.881318,0.194372,
1625008236.187773,0.000000,0.826926,-0.881777,0.194424,
1625008236.191952,0.000000,0.826752,-0.882252,0.194489,
1625008236.254434,0.000000,0.824641,-0.890582,0.194176,
1625008236.258591,0.000000,0.824527,-0.891168,0.194067,
1625008236.262841,0.000000,0.824393,-0.891750,0.193994,
1625008236.266965,0.000000,0.824210,-0.892333,0.194001,
1625008236.271112,0.000000,0.824012,-0.892915,0.194045,
1625008236.275275,0.000000,0.823813,-0.893497,0.194058,
1625008236.279441,0.000000,0.823632,-0.893990,0.194137,
1625008236.283608,0.000000,0.823448,-0.894482,0.194177,
1625008236.287771,0.000000,0.823287,-0.894961,0.194225,
1625008236.291935,0.000000,0.823131,-0.895456,0.194245,
1625008236.296097,0.000000,0.822948,-0.895956,0.194233,
1625008236.300262,0.000000,0.822782,-0.896421,0.194224,
1625008236.304432,0.000000,0.822584,-0.896933,0.194290,
1625008236.454444,0.000000,0.815868,-0.916744,0.193836,
1625008236.458609,0.000000,0.815734,-0.917300,0.193785,
1625008236.462781,0.000000,0.815530,-0.917889,0.193736,
1625008236.467011,0.000000,0.815337,-0.918452,0.193694,
1625008236.471109,0.000000,0.815125,-0.918995,0.193704,
1625008236.475280,0.000000,0.814902,-0.919538,0.193763,
1625008236.479462,0.000000,0.814681,-0.920045,0.193810,
1625008236.483631,0.000000,0.814432,-0.920527,0.193887,
1625008236.487788,0.000000,0.814231,-0.921028,0.193897,
1625008236.491944,0.000000,0.814007,-0.921518,0.193901,
1625008236.554445,0.000000,0.810753,-0.929540,0.193601,
1625008236.558613,0.000000,0.810541,-0.930111,0.193517,
1625008236.562783,0.000000,0.810300,-0.930686,0.193310,
1625008236.566990,0.000000,0.810101,-0.931175,0.193315,
1625008236.571205,0.000000,0.809840,-0.931669,0.193400,
1625008236.575290,0.000000,0.809605,-0.932193,0.193441,
1625008236.579445,0.000000,0.809246,-0.932738,0.193575,
1625008236.583615,0.000000,0.808989,-0.933227,0.193632,
1625008236.587772,0.000000,0.808757,-0.933681,0.193690,
1625008236.591942,0.000000,0.808512,-0.934146,0.193680,
1625008236.654443,0.000000,0.804876,-0.942083,0.193350,
1625008236.658611,0.000000,0.804632,-0.942613,0.193326,
1625008236.662777,0.000000,0.804380,-0.943175,0.193289,
1625008236.666989,0.000000,0.804116,-0.943734,0.193278,
1625008236.671175,0.000000,0.803839,-0.944259,0.193313,
1625008236.675275,0.000000,0.803574,-0.944761,0.193410,
1625008236.679532,0.000000,0.803307,-0.945248,0.193454,
1625008236.683614,0.000000,0.803043,-0.945704,0.193499,
1625008236.687775,0.000000,0.802768,-0.946158,0.193529,
1625008236.691951,0.000000,0.802515,-0.946590,0.193499,
1625008236.754438,0.000000,0.798644,-0.954143,0.193223,
1625008236.758603,0.000000,0.798395,-0.954677,0.193141,
1625008236.762754,0.000000,0.798112,-0.955228,0.193076,
1625008236.766924,0.000000,0.797843,-0.955772,0.192999,
1625008236.771192,0.000000,0.797553,-0.956291,0.192984,
1625008236.775261,0.000000,0.797255,-0.956790,0.192984,
1625008236.779428,0.000000,0.796963,-0.957235,0.193056,
1625008236.783593,0.000000,0.796665,-0.957665,0.193152,
1625008236.787764,0.000000,0.796415,-0.958089,0.193181,
1625008236.791936,0.000000,0.796163,-0.958491,0.193209,
1625008236.854435,0.000000,0.791977,-0.965732,0.193037,
1625008236.858605,0.000000,0.791741,-0.966238,0.192998,
1625008236.862761,0.000000,0.791470,-0.966770,0.192908,
1625008236.866936,0.000000,0.791228,-0.967291,0.192819,
1625008236.871094,0.000000,0.790922,-0.967812,0.192788,
1625008236.875266,0.000000,0.790607,-0.968306,0.192818,
1625008236.879421,0.000000,0.790259,-0.968791,0.192877,
1625008236.883604,0.000000,0.790139,-0.969130,0.192769,
1625008236.887767,0.000000,0.789833,-0.969522,0.192850,
1625008236.891930,0.000000,0.789554,-0.969892,0.192916,
1625008236.954431,0.000000,0.785137,-0.976833,0.192587,
1625008236.958596,0.000000,0.784832,-0.977355,0.192556,
1625008236.962764,0.000000,0.784520,-0.977900,0.192526,
1625008236.967003,0.000000,0.784216,-0.978439,0.192448,
1625008236.971175,0.000000,0.783751,-0.979002,0.192464,
1625008236.975272,0.000000,0.783486,-0.979503,0.192408,
1625008236.979446,0.000000,0.783152,-0.979936,0.192452,
1625008236.983615,0.000000,0.782879,-0.980390,0.192438,
1625008236.987780,0.000000,0.782568,-0.980790,0.192491,
1625008236.991934,0.000000,0.782259,-0.981174,0.192550,
1625008237.054516,0.000000,0.777561,-0.987763,0.192432,
1625008237.058593,0.000000,0.777260,-0.988273,0.192431,
1625008237.062757,0.000000,0.776865,-0.988808,0.192398,
1625008237.066926,0.000000,0.776583,-0.989304,0.192343,
1625008237.071092,0.000000,0.776215,-0.989842,0.192309,
1625008237.075264,0.000000,0.775846,-0.990354,0.192273,
1625008237.079433,0.000000,0.775496,-0.990808,0.192287,
1625008237.083588,0.000000,0.775169,-0.991233,0.192330,
1625008237.087756,0.000000,0.774804,-0.991650,0.192354,
1625008237.091923,0.000000,0.774490,-0.992006,0.192406,
1625008237.154426,0.000000,0.769327,-0.998473,0.192240,
1625008237.158588,0.000000,0.768989,-0.998947,0.192196,
1625008237.162760,0.000000,0.768750,-0.999407,0.192193,
1625008237.166992,0.000000,0.768450,-0.999921,0.192125,
1625008237.171105,0.000000,0.768124,-1.000394,0.192019,
1625008237.175271,0.000000,0.767756,-1.000839,0.191997,
1625008237.179424,0.000000,0.767367,-1.001293,0.192013,
1625008237.183577,0.000000,0.766978,-1.001696,0.192111,
1625008237.187761,0.000000,0.766632,-1.002082,0.192142,
1625008237.191931,0.000000,0.766210,-1.002498,0.192253,
1625008237.254431,0.000000,0.760968,-1.008578,0.192123,
1625008237.258615,0.000000,0.760658,-1.009042,0.192150,
1625008237.262758,0.000000,0.760271,-1.009566,0.192061,
1625008237.266931,0.000000,0.759807,-1.010085,0.191966,
1625008237.271121,0.000000,0.759429,-1.010562,0.191903,
1625008237.275268,0.000000,0.759047,-1.011024,0.191991,
1625008237.279439,0.000000,0.758587,-1.011437,0.192025,
1625008237.283601,0.000000,0.758268,-1.011855,0.192030,
1625008237.287764,0.000000,0.757946,-1.012240,0.192046,
1625008237.291934,0.000000,0.757578,-1.012602,0.192103,
1625008237.354388,0.000000,0.751829,-1.018537,0.192218,
1625008237.358564,0.000000,0.751521,-1.019003,0.192149,
1625008237.362714,0.000000,0.751088,-1.019464,0.192137,
1625008237.366964,0.000000,0.750661,-1.019913,0.192084,
1625008237.371054,0.000000,0.750277,-1.020362,0.191991,
1625008237.375227,0.000000,0.749907,-1.020775,0.191974,
1625008237.379397,0.000000,0.749487,-1.021205,0.191959,
1625008237.383584,0.000000,0.749121,-1.021591,0.191957,
1625008237.387731,0.000000,0.748749,-1.021963,0.192004,
1625008237.391891,0.000000,0.748399,-1.022280,0.192074,
1625008237.454388,0.000000,0.742269,-1.027941,0.192274,
1625008237.458599,0.000000,0.741927,-1.028368,0.192205,
1625008237.462819,0.000000,0.741459,-1.028794,0.192170,
1625008237.466956,0.000000,0.741064,-1.029236,0.192123,
1625008237.471116,0.000000,0.740569,-1.029682,0.192123,
1625008237.475270,0.000000,0.740231,-1.030087,0.192075,
1625008237.479434,0.000000,0.739705,-1.030493,0.192123,
1625008237.483602,0.000000,0.739288,-1.030902,0.192135,
1625008237.487765,0.000000,0.738935,-1.031282,0.192119,
1625008237.491935,0.000000,0.738574,-1.031604,0.192165,
1625008237.554417,0.000000,0.732531,-1.036937,0.192206,
1625008237.558592,0.000000,0.732092,-1.037356,0.192180,
1625008237.562744,0.000000,0.731670,-1.037773,0.192140,
1625008237.567067,0.000000,0.731362,-1.038259,0.191983,
1625008237.571098,0.000000,0.730928,-1.038684,0.191928,
1625008237.575278,0.000000,0.730452,-1.039094,0.191881,
1625008237.579442,0.000000,0.730038,-1.039462,0.191886,
1625008237.583601,0.000000,0.729593,-1.039825,0.191864,
1625008237.587759,0.000000,0.729139,-1.040176,0.191917,
1625008237.591918,0.000000,0.728735,-1.040490,0.191960,
1625008237.654432,0.000000,0.722515,-1.045465,0.192149,
1625008237.658606,0.000000,0.722038,-1.045912,0.192087,
1625008237.662770,0.000000,0.721568,-1.046350,0.192030,
1625008237.666936,0.000000,0.721079,-1.046745,0.191997,
1625008237.671108,0.000000,0.720595,-1.047132,0.191932,
1625008237.675275,0.000000,0.720171,-1.047519,0.191900,
1625008237.679424,0.000000,0.719728,-1.047886,0.191895,
1625008237.683596,0.000000,0.719265,-1.048231,0.191907,
1625008237.687854,0.000000,0.718790,-1.048567,0.191966,
1625008237.691927,0.000000,0.718379,-1.048900,0.191991,
1625008237.754424,0.000000,0.711748,-1.053730,0.192109,
1625008237.758595,0.000000,0.711282,-1.054090,0.192120,
1625008237.762840,0.000000,0.710783,-1.054461,0.192106,
1625008237.766953,0.000000,0.710332,-1.054814,0.192053,
1625008237.771081,0.000000,0.709903,-1.055212,0.191963,
1625008237.775254,0.000000,0.709390,-1.055622,0.191900,
1625008237.779421,0.000000,0.708900,-1.055945,0.191906,
1625008237.783594,0.000000,0.708387,-1.056311,0.191885,
1625008237.787748,0.000000,0.707928,-1.056661,0.191898,
1625008237.791914,0.000000,0.707416,-1.056994,0.191934,
1625008237.854420,0.000000,0.700701,-1.061435,0.192212,
1625008237.858581,0.000000,0.700153,-1.061857,0.192147,
1625008237.862758,0.000000,0.699678,-1.062215,0.192115,
1625008237.866968,0.000000,0.699248,-1.062574,0.192053,
1625008237.871078,0.000000,0.698732,-1.062940,0.191992,
1625008237.875248,0.000000,0.698140,-1.063286,0.191997,
1625008237.879411,0.000000,0.697637,-1.063628,0.191932,
1625008237.883578,0.000000,0.697167,-1.063951,0.191906,
1625008237.887749,0.000000,0.696658,-1.064267,0.191931,
1625008237.891909,0.000000,0.696228,-1.064554,0.191930,
1625008237.954417,0.000000,0.689056,-1.068751,0.192298,
1625008237.958583,0.000000,0.688560,-1.069064,0.192291,
1625008237.962866,0.000000,0.688117,-1.069431,0.192174,
1625008237.966956,0.000000,0.687598,-1.069758,0.192112,
1625008237.971090,0.000000,0.687018,-1.070111,0.192048,
1625008237.975256,0.000000,0.686612,-1.070473,0.191934,
1625008237.979424,0.000000,0.686027,-1.070775,0.191986,
1625008237.983593,0.000000,0.685564,-1.071078,0.191967,
1625008237.987756,0.000000,0.684984,-1.071429,0.191980,
1625008237.991913,0.000000,0.684572,-1.071765,0.191929,
1625008238.054426,0.000000,0.677272,-1.075713,0.192179,
1625008238.058587,0.000000,0.676725,-1.076028,0.192142,
1625008238.062758,0.000000,0.676180,-1.076370,0.192080,
1625008238.066922,0.000000,0.675661,-1.076687,0.192054,
1625008238.071088,0.000000,0.675197,-1.077002,0.191968,
1625008238.075248,0.000000,0.674661,-1.077310,0.191927,
1625008238.079428,0.000000,0.674140,-1.077598,0.191901,
1625008238.083572,0.000000,0.673580,-1.077884,0.191921,
1625008238.087752,0.000000,0.673020,-1.078148,0.191928,
1625008238.091915,0.000000,0.672545,-1.078417,0.191921,
1625008238.154422,0.000000,0.664963,-1.082065,0.192125,
1625008238.158661,0.000000,0.664396,-1.082397,0.192107,
1625008238.162740,0.000000,0.663901,-1.082690,0.192057,
1625008238.166924,0.000000,0.663410,-1.082998,0.191967,
1625008238.171084,0.000000,0.662905,-1.083304,0.191898,
1625008238.175261,0.000000,0.662355,-1.083577,0.191798,
1625008238.179416,0.000000,0.661874,-1.083901,0.191644,
1625008238.183580,0.000000,0.661207,-1.084128,0.191770,
1625008238.187764,0.000000,0.660687,-1.084353,0.191785,
1625008238.191921,0.000000,0.660047,-1.084555,0.191919,
1625008238.254438,0.000000,0.652464,-1.087801,0.192234,
1625008238.258672,0.000000,0.651915,-1.088073,0.192120,
1625008238.262762,0.000000,0.651382,-1.088374,0.192092,
1625008238.266917,0.000000,0.650822,-1.088637,0.192061,
1625008238.271093,0.000000,0.650307,-1.088937,0.191937,
1625008238.275263,0.000000,0.649772,-1.089224,0.191877,
1625008238.279441,0.000000,0.649207,-1.089474,0.191926,
1625008238.283587,0.000000,0.648632,-1.089706,0.191940,
1625008238.287740,0.000000,0.648136,-1.089968,0.191875,
1625008238.291996,0.000000,0.647686,-1.090184,0.191825,
1625008238.354412,0.000000,0.640061,-1.092996,0.192078,
1625008238.358666,0.000000,0.639452,-1.093273,0.192002,
1625008238.362742,0.000000,0.638917,-1.093547,0.191920,
1625008238.366914,0.000000,0.638442,-1.093801,0.191815,
1625008238.371086,0.000000,0.637877,-1.094035,0.191790,
1625008238.375248,0.000000,0.637283,-1.094259,0.191772,
1625008238.379414,0.000000,0.636726,-1.094466,0.191763,
1625008238.383592,0.000000,0.636155,-1.094677,0.191741,
1625008238.387749,0.000000,0.635597,-1.094887,0.191745,
1625008238.391943,0.000000,0.635079,-1.095069,0.191753,
1625008238.454427,0.000000,0.627503,-1.097605,0.191913,
1625008238.458581,0.000000,0.627012,-1.097849,0.191793,
1625008238.462746,0.000000,0.626382,-1.098057,0.191807,
1625008238.466917,0.000000,0.625802,-1.098300,0.191752,
1625008238.471084,0.000000,0.625168,-1.098510,0.191762,
1625008238.475256,0.000000,0.624707,-1.098719,0.191682,
1625008238.479408,0.000000,0.624153,-1.098913,0.191670,
1625008238.483579,0.000000,0.623637,-1.099144,0.191577,
1625008238.487841,0.000000,0.623173,-1.099344,0.191523,
1625008238.491997,0.000000,0.622496,-1.099517,0.191586,
1625008238.554407,0.000000,0.614782,-1.101625,0.191862,
1625008238.558655,0.000000,0.614223,-1.101811,0.191833,
1625008238.562741,0.000000,0.613596,-1.102006,0.191780,
1625008238.566906,0.000000,0.613059,-1.102231,0.191675,
1625008238.571121,0.000000,0.612510,-1.102438,0.191588,
1625008238.575244,0.000000,0.611938,-1.102632,0.191533,
1625008238.579419,0.000000,0.611364,-1.102834,0.191454,
1625008238.583580,0.000000,0.610790,-1.103022,0.191388,
1625008238.587747,0.000000,0.610199,-1.103206,0.191355,
1625008238.591906,0.000000,0.609660,-1.103356,0.191358,
1625008238.654435,0.000000,0.601972,-1.105099,0.191733,
1625008238.658580,0.000000,0.601480,-1.105280,0.191690,
1625008238.662766,0.000000,0.600842,-1.105464,0.191645,
1625008238.666914,0.000000,0.600296,-1.105618,0.191589,
1625008238.671080,0.000000,0.599679,-1.105782,0.191556,
1625008238.675247,0.000000,0.599126,-1.105964,0.191486,
1625008238.679412,0.000000,0.598528,-1.106109,0.191465,
1625008238.683576,0.000000,0.597994,-1.106275,0.191425,
1625008238.687751,0.000000,0.597437,-1.106418,0.191395,
1625008238.692002,0.000000,0.596893,-1.106583,0.191339,
1625008238.754497,0.000000,0.589109,-1.108040,0.191543,
1625008238.758574,0.000000,0.588460,-1.108176,0.191536,
1625008238.762753,0.000000,0.587820,-1.108303,0.191543,
1625008238.766917,0.000000,0.587294,-1.108446,0.191497,
1625008238.771094,0.000000,0.586783,-1.108597,0.191419,
1625008238.775249,0.000000,0.586182,-1.108754,0.191344,
1625008238.779412,0.000000,0.585618,-1.108917,0.191263,
1625008238.783583,0.000000,0.585080,-1.109044,0.191206,
1625008238.787778,0.000000,0.584489,-1.109169,0.191170,
1625008238.791909,0.000000,0.583837,-1.109292,0.191147,
1625008238.854394,0.000000,0.575876,-1.110246,0.191671,
1625008238.858570,0.000000,0.575327,-1.110397,0.191610,
1625008238.862737,0.000000,0.574755,-1.110522,0.191564,
1625008238.866906,0.000000,0.574149,-1.110694,0.191476,
1625008238.871093,0.000000,0.573524,-1.110807,0.191432,
1625008238.875252,0.000000,0.572936,-1.110955,0.191338,
1625008238.879395,0.000000,0.572350,-1.111089,0.191257,
1625008238.883563,0.000000,0.571785,-1.111229,0.191152,
1625008238.887825,0.000000,0.571191,-1.111334,0.191097,
1625008238.891901,0.000000,0.570684,-1.111430,0.191038,
1625008238.954504,0.000000,0.562650,-1.112069,0.191587,
1625008238.958574,0.000000,0.562154,-1.112157,0.191541,
1625008238.962742,0.000000,0.561683,-1.112202,0.191583,
1625008238.966907,0.000000,0.561042,-1.112317,0.191494,
1625008238.971113,0.000000,0.560376,-1.112407,0.191513,
1625008238.975247,0.000000,0.559702,-1.112517,0.191459,
1625008238.979413,0.000000,0.559097,-1.112623,0.191388,
1625008238.983581,0.000000,0.558502,-1.112703,0.191352,
1625008238.987797,0.000000,0.558058,-1.112803,0.191238,
1625008238.991900,0.000000,0.557481,-1.112876,0.191200,
1625008239.054402,0.000000,0.549253,-1.113112,0.191864,
1625008239.058567,0.000000,0.548696,-1.113193,0.191809,
1625008239.062733,0.000000,0.548177,-1.113266,0.191761,
1625008239.066905,0.000000,0.547596,-1.113343,0.191711,
1625008239.071094,0.000000,0.547033,-1.113419,0.191671,
1625008239.075249,0.000000,0.546462,-1.113497,0.191614,
1625008239.079411,0.000000,0.545800,-1.113529,0.191652,
1625008239.083588,0.000000,0.545217,-1.113597,0.191614,
1625008239.087830,0.000000,0.544689,-1.113669,0.191536,
1625008239.091903,0.000000,0.544139,-1.113702,0.191504,
1625008239.154498,0.000000,0.536276,-1.113695,0.191992,
1625008239.158579,0.000000,0.535711,-1.113725,0.192000,
1625008239.162742,0.000000,0.535161,-1.113795,0.191914,
1625008239.166919,0.000000,0.534568,-1.113862,0.191841,
1625008239.171112,0.000000,0.533964,-1.113907,0.191797,
1625008239.175238,0.000000,0.533434,-1.113956,0.191663,
1625008239.179409,0.000000,0.532695,-1.113972,0.191674,
1625008239.183570,0.000000,0.532185,-1.113992,0.191627,
1625008239.187747,0.000000,0.531545,-1.114020,0.191616,
1625008239.191910,0.000000,0.530893,-1.114041,0.191600,
1625008239.254406,0.000000,0.523074,-1.113716,0.192050,
1625008239.258579,0.000000,0.522525,-1.113707,0.192037,
1625008239.262825,0.000000,0.521954,-1.113724,0.192003,
1625008239.266910,0.000000,0.521389,-1.113761,0.191944,
1625008239.271075,0.000000,0.520764,-1.113755,0.191915,
1625008239.275245,0.000000,0.520158,-1.113774,0.191878,
1625008239.279403,0.000000,0.519489,-1.113785,0.191836,
1625008239.283667,0.000000,0.518929,-1.113829,0.191757,
1625008239.287744,0.000000,0.518346,-1.113858,0.191713,
1625008239.291912,0.000000,0.517742,-1.113854,0.191698,
1625008239.354436,0.000000,0.509720,-1.113108,0.192108,
1625008239.358573,0.000000,0.509152,-1.113086,0.192075,
1625008239.362746,0.000000,0.508599,-1.113072,0.192019,
1625008239.366903,0.000000,0.508014,-1.113053,0.191963,
1625008239.371060,0.000000,0.507374,-1.113057,0.191912,
1625008239.375230,0.000000,0.506783,-1.113030,0.191871,
1625008239.379392,0.000000,0.506120,-1.112994,0.191861,
1625008239.383568,0.000000,0.505588,-1.112984,0.191782,
1625008239.387743,0.000000,0.504971,-1.112951,0.191775,
1625008239.391907,0.000000,0.504400,-1.112921,0.191740,
1625008239.454410,0.000000,0.496329,-1.111911,0.192196,
1625008239.458593,0.000000,0.495744,-1.111917,0.192155,
1625008239.462755,0.000000,0.495173,-1.111856,0.192137,
1625008239.466923,0.000000,0.494568,-1.111859,0.192106,
1625008239.471103,0.000000,0.494021,-1.111841,0.192025,
1625008239.475253,0.000000,0.493423,-1.111819,0.191968,
1625008239.479433,0.000000,0.492837,-1.111757,0.191946,
1625008239.483676,0.000000,0.492197,-1.111707,0.191904,
1625008239.487775,0.000000,0.491578,-1.111672,0.191859,
1625008239.491928,0.000000,0.490916,-1.111613,0.191836,
1625008239.554429,0.000000,0.482834,-1.110196,0.192175,
1625008239.558595,0.000000,0.482293,-1.110111,0.192170,
1625008239.562764,0.000000,0.481746,-1.110110,0.192097,
1625008239.566922,0.000000,0.481191,-1.110058,0.192083,
1625008239.571167,0.000000,0.480571,-1.109984,0.192090,
1625008239.575260,0.000000,0.479901,-1.109901,0.191973,
1625008239.579432,0.000000,0.479253,-1.109822,0.191928,
1625008239.583586,0.000000,0.478636,-1.109747,0.191887,
1625008239.587754,0.000000,0.478014,-1.109666,0.191897,
1625008239.591923,0.000000,0.477355,-1.109569,0.191875,
1625008239.654463,0.000000,0.469303,-1.107835,0.192263,
1625008239.658629,0.000000,0.468681,-1.107760,0.192272,
1625008239.662798,0.000000,0.468100,-1.107674,0.192171,
1625008239.667047,0.000000,0.467495,-1.107591,0.192144,
1625008239.671133,0.000000,0.466950,-1.107478,0.192110,
1625008239.675306,0.000000,0.466292,-1.107376,0.192085,
1625008239.679465,0.000000,0.465655,-1.107231,0.192130,
1625008239.683704,0.000000,0.465084,-1.107169,0.191988,
1625008239.687797,0.000000,0.464479,-1.107085,0.191915,
1625008239.691976,0.000000,0.463850,-1.107002,0.191836,
1625008239.754452,0.000000,0.455786,-1.104835,0.192236,
1625008239.758627,0.000000,0.455228,-1.104678,0.192263,
1625008239.762789,0.000000,0.454556,-1.104520,0.192302,
1625008239.766959,0.000000,0.453940,-1.104379,0.192279,
1625008239.771160,0.000000,0.453373,-1.104277,0.192288,
1625008239.775287,0.000000,0.452791,-1.104223,0.192173,
1625008239.779452,0.000000,0.452168,-1.104091,0.192162,
1625008239.783608,0.000000,0.451543,-1.103965,0.192094,
1625008239.787781,0.000000,0.451003,-1.103818,0.192040,
1625008239.791945,0.000000,0.450406,-1.103687,0.192001,
