1625008164.000000,549112797.000000,-0.000062,0.000075,0.000381,0.001218,0.029360,-0.000088,0.999568,-0.001342,0.000473,0.008099,-0.001876,0.005254,0.000338,
1625008164.000000,554115772.000000,-0.000064,0.000077,0.000429,0.001221,0.029389,-0.000081,0.999567,-0.001205,0.000476,0.008988,-0.000665,0.003539,0.006706,
1625008164.000000,559118748.000000,-0.000060,0.000078,0.000482,0.001218,0.029379,-0.000065,0.999568,-0.000621,0.000247,0.010193,0.001339,-0.002096,0.001462,
1625008164.000000,564121723.000000,-0.000035,0.000046,0.000141,0.001244,0.029424,-0.000066,0.999566,-0.000310,-0.000275,0.003761,-0.000653,0.009726,0.002383,
1625008164.000000,569124699.000000,-0.000034,0.000044,0.000161,0.001232,0.029431,-0.000055,0.999566,-0.000025,-0.000365,0.004148,-0.007143,-0.011380,0.001472,
1625008164.000000,574127674.000000,-0.000042,0.000044,0.000196,0.001222,0.029399,-0.000062,0.999567,-0.000981,-0.000174,0.006011,0.002435,0.003112,-0.005021,
1625008164.000000,579130888.000000,-0.000048,0.000043,0.000224,0.001231,0.029424,-0.000068,0.999566,-0.001310,-0.000173,0.006535,-0.000638,0.000405,0.002433,
1625008164.000000,584134817.000000,-0.000056,0.000042,0.000255,0.001223,0.029407,-0.000059,0.999567,-0.001765,-0.000174,0.007032,0.000266,-0.000032,0.000399,
1625008164.000000,589137793.000000,-0.000066,0.000041,0.000290,0.001230,0.029419,-0.000064,0.999566,-0.002196,-0.000174,0.007564,0.000408,-0.000748,-0.000781,
1625008164.000000,594140768.000000,0.000051,0.000043,0.000311,0.001220,0.029369,-0.000070,0.999568,0.001280,-0.000003,0.008903,-0.001783,-0.011481,-0.003881,
1625008164.000000,649173737.000000,-0.000065,0.000079,0.000568,0.001230,0.029394,-0.000061,0.999567,-0.002444,0.000390,0.012528,-0.003894,0.001362,-0.000799,
1625008164.000000,654176950.000000,-0.000059,0.000080,0.000636,0.001224,0.029382,-0.000050,0.999568,-0.000779,0.000403,0.013670,0.001399,-0.010421,0.003640,
1625008164.000000,659179926.000000,-0.000057,0.000082,0.000707,0.001228,0.029311,-0.000045,0.999570,-0.000382,0.000409,0.014379,-0.002759,-0.056880,0.003526,
1625008164.000000,664182901.000000,-0.000071,0.000021,0.000182,0.001185,0.028658,-0.000061,0.999589,-0.002291,-0.000301,0.006911,-0.029386,-0.525616,-0.014472,
1625008164.000000,669186115.000000,0.000239,-0.000081,0.000330,0.001132,0.027022,-0.000198,0.999634,0.033436,-0.011896,0.021832,0.010745,-0.583182,-0.111245,
1625008164.000000,674188852.000000,0.000435,-0.000150,0.000431,0.001191,0.025987,-0.000621,0.999661,0.044629,-0.015691,0.025990,0.020978,-0.309269,-0.212857,
1625008164.000000,679191589.000000,0.000701,-0.000239,0.000545,0.001241,0.025381,-0.001205,0.999676,0.056871,-0.019441,0.029870,0.056471,-0.165203,-0.240556,
1625008164.000000,684194565.000000,0.001204,-0.000310,0.000537,0.001384,0.025221,-0.001827,0.999679,0.095187,-0.017889,0.016112,0.034977,0.056112,-0.259475,
1625008164.000000,689197779.000000,0.001738,-0.000406,0.000583,0.001401,0.025547,-0.002538,0.999669,0.117588,-0.019411,0.014771,0.021278,0.159680,-0.314864,
1625008164.000000,694200754.000000,0.002828,-0.000356,0.000567,0.001481,0.026201,-0.003397,0.999650,0.151055,-0.017981,0.016948,0.031440,0.205088,-0.355511,
1625008164.000000,734224796.000000,0.005739,-0.001106,-0.000206,0.001966,0.028187,-0.011192,0.999538,0.103560,-0.018816,-0.000153,0.024748,0.015112,-0.457974,
1625008164.000000,739227772.000000,0.006247,-0.001214,-0.000237,0.002012,0.028213,-0.012316,0.999524,0.101069,-0.019573,0.000491,0.023041,-0.005028,-0.435632,
1625008164.000000,744230747.000000,0.006741,-0.001327,-0.000260,0.001989,0.028176,-0.013379,0.999512,0.098502,-0.020357,0.001559,-0.016583,-0.015904,-0.419526,
1625008164.000000,749233961.000000,0.007255,-0.001401,-0.000349,0.001888,0.028157,-0.014431,0.999498,0.100742,-0.014849,-0.007468,-0.034768,-0.003038,-0.425950,
1625008164.000000,754237890.000000,0.007752,-0.001485,-0.000422,0.001786,0.028136,-0.015497,0.999482,0.100023,-0.013115,-0.010292,-0.016657,-0.025161,-0.423918,
1625008164.000000,759239674.000000,0.008244,-0.001562,-0.000507,0.001728,0.028041,-0.016545,0.999468,0.099313,-0.011390,-0.012958,-0.013259,-0.045525,-0.416375,
1625008164.000000,764242887.000000,0.009777,-0.002303,-0.000078,0.001759,0.028233,-0.017671,0.999444,0.123076,-0.019400,-0.006517,-0.043049,-0.029605,-0.425236,
1625008164.000000,769245863.000000,0.010395,-0.002421,-0.000140,0.001611,0.028244,-0.018759,0.999424,0.126091,-0.018731,-0.006270,-0.036943,0.048663,-0.449743,
1625008164.000000,774248838.000000,0.011031,-0.002538,-0.000204,0.001526,0.028388,-0.019893,0.999398,0.129426,-0.018027,-0.006198,-0.014285,0.022940,-0.449901,
1625008164.000000,779252052.000000,0.011690,-0.002705,-0.000119,0.001501,0.028434,-0.021021,0.999374,0.132546,-0.024683,0.014765,0.029150,0.057711,-0.462414,
1625008164.000000,824279785.000000,0.018993,-0.004057,0.000154,0.002254,0.027916,-0.031101,0.999124,0.111013,-0.023973,-0.002279,0.044371,-0.035434,-0.451458,
1625008164.000000,829282761.000000,0.019850,-0.004205,0.000210,0.002325,0.027931,-0.032211,0.999088,0.139177,-0.021157,0.006295,0.029571,0.047882,-0.431166,
1625008164.000000,834285736.000000,0.020555,-0.004355,0.000201,0.002341,0.028102,-0.033273,0.999048,0.145356,-0.020246,0.005852,0.007037,0.066204,-0.425689,
1625008164.000000,839288712.000000,0.021290,-0.004504,0.000186,0.002327,0.028263,-0.034348,0.999008,0.151414,-0.019306,0.005194,0.003860,0.072109,-0.432206,
1625008164.000000,844291687.000000,0.022004,-0.004619,0.000122,0.002302,0.028492,-0.035435,0.998963,0.150275,-0.014135,-0.001942,-0.010941,0.109343,-0.440670,
1625008164.000000,849294662.000000,0.022754,-0.004737,0.000062,0.002243,0.028759,-0.036539,0.998916,0.153270,-0.011477,-0.004831,-0.011127,0.084179,-0.439698,
1625008164.000000,854297638.000000,0.023517,-0.004845,-0.000014,0.002209,0.028975,-0.037649,0.998868,0.156044,-0.008807,-0.007795,0.000740,0.117388,-0.458682,
1625008164.000000,859300852.000000,0.024773,-0.005224,-0.000084,0.002268,0.029660,-0.038882,0.998801,0.157784,-0.016580,-0.001482,-0.028923,0.115030,-0.471924,
1625008164.000000,864303589.000000,0.025553,-0.005369,-0.000139,0.002149,0.029861,-0.040054,0.998749,0.158348,-0.016378,-0.002133,-0.027190,0.037419,-0.467595,
1625008164.000000,869306564.000000,0.026336,-0.005514,-0.000197,0.002042,0.029848,-0.041211,0.998702,0.158920,-0.016178,-0.002803,-0.049045,-0.053695,-0.460133,
1625008164.000000,959295273.000000,0.038677,-0.008662,-0.000150,0.002513,0.029769,-0.061618,0.997653,0.155543,-0.012782,0.001062,-0.021474,0.138620,-0.470279,
1625008164.000000,964298010.000000,0.039448,-0.008820,-0.000190,0.002434,0.030161,-0.062791,0.997568,0.157401,-0.011672,0.000379,-0.033208,0.103081,-0.465085,
1625008164.000000,969300985.000000,0.040151,-0.008991,-0.000219,0.002307,0.030236,-0.063934,0.997493,0.151312,-0.013270,0.001049,-0.043861,-0.029464,-0.458524,
1625008164.000000,974304199.000000,0.040890,-0.009153,-0.000260,0.002155,0.030125,-0.065078,0.997423,0.150501,-0.013019,0.000796,-0.039654,-0.051631,-0.459682,
1625008164.000000,979307175.000000,0.041624,-0.009315,-0.000307,0.002065,0.030004,-0.066226,0.997351,0.149663,-0.012773,-0.000042,0.012438,-0.056608,-0.462830,
1625008164.000000,984309912.000000,0.042348,-0.009550,-0.000148,0.002144,0.029865,-0.067392,0.997277,0.147733,-0.022961,0.028714,0.082932,-0.036757,-0.468191,
1625008164.000000,989312887.000000,0.043069,-0.009775,-0.000021,0.002364,0.029875,-0.068575,0.997196,0.146558,-0.026869,0.039700,0.110702,0.073338,-0.474561,
1625008164.000000,994315863.000000,0.043272,-0.010350,0.000102,0.002753,0.029966,-0.069838,0.997104,0.137508,-0.040553,0.069707,0.099998,0.231439,-0.468440,
1625008164.000000,999318838.000000,0.043856,-0.010515,0.000037,0.002955,0.030527,-0.070973,0.997007,0.127339,-0.029816,0.036895,0.048940,0.159347,-0.433319,
1625008165.000000,4322052.000000,0.044468,-0.010752,0.000185,0.003008,0.030631,-0.072008,0.996929,0.123534,-0.029092,0.035633,0.027320,-0.066251,-0.399090,
1625008165.000000,49350023.000000,0.050340,-0.012250,-0.000408,0.002849,0.029502,-0.081972,0.996194,0.143062,-0.012404,-0.002682,-0.015767,0.070105,-0.432332,
1625008165.000000,54352999.000000,0.051036,-0.012424,-0.000466,0.002737,0.029588,-0.083058,0.996102,0.143111,-0.010656,-0.005372,-0.035502,0.024547,-0.448236,
1625008165.000000,59355974.000000,0.052637,-0.013062,-0.000306,0.002849,0.030116,-0.084344,0.995977,0.156807,-0.012682,0.002322,0.007276,-0.008718,-0.465608,
1625008165.000000,64359188.000000,0.053405,-0.013313,-0.000376,0.002813,0.030137,-0.085520,0.995877,0.158863,-0.016641,0.000330,-0.044319,0.072993,-0.484608,
1625008165.000000,69362164.000000,0.054177,-0.013534,-0.000435,0.002650,0.030395,-0.086723,0.995765,0.159686,-0.016549,0.000460,-0.034741,0.063912,-0.473152,
1625008165.000000,74364901.000000,0.054952,-0.013756,-0.000482,0.002569,0.030395,-0.087863,0.995665,0.160564,-0.016464,0.000906,-0.038952,-0.053665,-0.450507,
1625008165.000000,79368114.000000,0.055690,-0.014009,-0.000346,0.002451,0.030282,-0.088996,0.995569,0.155127,-0.021578,0.025870,0.024847,-0.011573,-0.467550,
1625008165.000000,84371090.000000,0.056435,-0.014259,-0.000249,0.002607,0.030329,-0.090184,0.995460,0.153292,-0.023550,0.034145,0.088832,0.034809,-0.473087,
1625008165.000000,89374065.000000,0.057172,-0.014520,-0.000106,0.002808,0.030444,-0.091357,0.995349,0.151517,-0.025522,0.042697,0.104131,0.093452,-0.466537,
1625008165.000000,94377279.000000,0.057327,-0.015000,-0.000440,0.003133,0.030483,-0.092506,0.995241,0.136110,-0.034306,0.038481,0.075709,0.142869,-0.445525,
1625008165.000000,139403820.000000,0.063206,-0.016892,-0.000902,0.003283,0.029285,-0.102300,0.994317,0.149661,-0.014412,0.002167,-0.019084,0.108618,-0.446612,
1625008165.000000,144407034.000000,0.063936,-0.017113,-0.000928,0.003186,0.029576,-0.103406,0.994194,0.153617,-0.012309,-0.000057,-0.033329,0.107730,-0.447630,
1625008165.000000,149410009.000000,0.064686,-0.017329,-0.000975,0.003120,0.029825,-0.104519,0.994071,0.157570,-0.010186,-0.002775,-0.022231,0.083294,-0.447696,
1625008165.000000,154412746.000000,0.065386,-0.017558,-0.000964,0.003067,0.030023,-0.105635,0.993947,0.151686,-0.012620,0.004214,0.000917,0.076828,-0.455064,
1625008165.000000,159415960.000000,0.065843,-0.017713,-0.001244,0.003185,0.030385,-0.106863,0.993804,0.144288,-0.013416,-0.006741,-0.019961,-0.013807,-0.459558,
1625008165.000000,164418936.000000,0.066530,-0.017931,-0.001326,0.003057,0.030322,-0.108007,0.993683,0.144150,-0.013143,-0.006160,-0.027975,0.013567,-0.467945,
1625008165.000000,169421911.000000,0.067217,-0.018149,-0.001401,0.002958,0.030443,-0.109175,0.993552,0.144076,-0.012866,-0.005397,-0.049814,0.032993,-0.468095,
1625008165.000000,174425125.000000,0.067910,-0.018386,-0.001402,0.002783,0.030501,-0.110309,0.993425,0.144488,-0.014350,0.002043,-0.042926,0.024590,-0.445671,
1625008165.000000,179427862.000000,0.068602,-0.018617,-0.001427,0.002755,0.030555,-0.111401,0.993302,0.144789,-0.014611,0.004867,0.050987,-0.008566,-0.439165,
1625008165.000000,184430838.000000,0.069290,-0.018850,-0.001433,0.002950,0.030537,-0.112525,0.993175,0.144643,-0.014869,0.008009,0.118396,0.063431,-0.464751,
1625008165.000000,244467974.000000,0.077026,-0.022484,-0.000928,0.003483,0.029811,-0.125572,0.991630,0.158521,-0.017583,0.008049,-0.028905,0.137037,-0.425750,
1625008165.000000,249471188.000000,0.077721,-0.022741,-0.000941,0.003428,0.030026,-0.126620,0.991491,0.153366,-0.015332,0.005649,-0.009601,0.060543,-0.434014,
1625008165.000000,254474163.000000,0.078448,-0.023007,-0.000964,0.003412,0.030188,-0.127722,0.991345,0.154282,-0.014042,0.003691,0.005365,0.065269,-0.446050,
1625008165.000000,259477139.000000,0.078798,-0.023075,-0.001021,0.003470,0.030559,-0.128912,0.991179,0.147114,-0.011699,0.002448,-0.007399,0.050434,-0.452324,
1625008165.000000,264480114.000000,0.079450,-0.023325,-0.001052,0.003396,0.030636,-0.130037,0.991030,0.142981,-0.012669,0.001685,-0.029836,-0.000475,-0.449290,
1625008165.000000,269483089.000000,0.080126,-0.023570,-0.001092,0.003245,0.030596,-0.131141,0.990886,0.142563,-0.012151,0.000646,-0.061733,-0.041915,-0.449118,
1625008165.000000,274485826.000000,0.080796,-0.023813,-0.001149,0.003048,0.030534,-0.132265,0.990739,0.141938,-0.011626,-0.001197,-0.041787,-0.008187,-0.459868,
1625008165.000000,279489040.000000,0.081460,-0.024120,-0.001004,0.003005,0.030562,-0.133403,0.990586,0.141944,-0.020332,0.025503,0.035106,0.010312,-0.455639,
1625008165.000000,284492016.000000,0.082122,-0.024416,-0.000896,0.003163,0.030627,-0.134533,0.990431,0.141690,-0.023496,0.035421,0.108662,0.091178,-0.456598,
1625008165.000000,289494753.000000,0.082781,-0.024728,-0.000741,0.003424,0.030895,-0.135671,0.990266,0.141506,-0.026637,0.046238,0.067526,0.110213,-0.452460,
1625008165.000000,329519033.000000,0.087315,-0.027095,-0.001588,0.003644,0.029179,-0.144081,0.989129,0.129744,-0.018006,-0.000838,0.054555,-0.050599,-0.434398,
1625008165.000000,334522009.000000,0.087915,-0.027367,-0.001635,0.003717,0.029165,-0.145163,0.988971,0.132622,-0.017414,-0.001561,0.020435,0.023210,-0.428160,
1625008165.000000,339524984.000000,0.088528,-0.027641,-0.001688,0.003710,0.029235,-0.146207,0.988815,0.135489,-0.016819,-0.002476,0.003084,0.032391,-0.422608,
1625008165.000000,344527960.000000,0.089179,-0.027901,-0.001815,0.003698,0.029377,-0.147272,0.988653,0.141265,-0.012893,-0.012818,-0.012599,0.094671,-0.440796,
1625008165.000000,349530935.000000,0.089842,-0.028167,-0.001932,0.003665,0.029716,-0.148373,0.988478,0.145298,-0.010921,-0.016835,-0.018175,0.159644,-0.447270,
1625008165.000000,354533911.000000,0.090525,-0.028429,-0.002070,0.003651,0.030058,-0.149475,0.988302,0.149355,-0.008929,-0.020884,-0.009481,0.075251,-0.447186,
1625008165.000000,359537125.000000,0.092062,-0.029016,-0.001498,0.003779,0.030588,-0.150690,0.988101,0.158215,-0.011073,0.001555,-0.001031,0.047734,-0.456851,
1625008165.000000,364540100.000000,0.092798,-0.029303,-0.001548,0.003739,0.030716,-0.151822,0.987923,0.157989,-0.010589,0.000729,-0.031707,0.019012,-0.456898,
1625008165.000000,369543076.000000,0.093532,-0.029590,-0.001605,0.003590,0.030731,-0.152945,0.987750,0.157778,-0.010108,-0.000325,-0.045936,-0.000804,-0.456823,
1625008165.000000,374546051.000000,0.094259,-0.029903,-0.001605,0.003451,0.030730,-0.154063,0.987577,0.157589,-0.013609,0.006718,-0.041390,-0.040366,-0.446270,
1625008165.000000,464614630.000000,0.104471,-0.035829,-0.001937,0.003964,0.030853,-0.173416,0.984357,0.148913,-0.010539,-0.002726,-0.018950,0.021858,-0.446268,
1625008165.000000,469617605.000000,0.105083,-0.036137,-0.001955,0.003871,0.030912,-0.174514,0.984162,0.142875,-0.012556,0.000345,-0.027724,0.034224,-0.451490,
1625008165.000000,474620819.000000,0.105725,-0.036439,-0.001999,0.003783,0.031022,-0.175615,0.983963,0.141664,-0.012243,0.000085,-0.032879,0.015824,-0.435706,
1625008165.000000,479623795.000000,0.106360,-0.036739,-0.002048,0.003685,0.031024,-0.176670,0.983774,0.140274,-0.011950,-0.000628,-0.005435,-0.009139,-0.434350,
1625008165.000000,484626770.000000,0.106991,-0.037086,-0.001947,0.003685,0.031032,-0.177762,0.983577,0.140286,-0.018260,0.020643,0.021521,0.019671,-0.447354,
1625008165.000000,489629984.000000,0.108426,-0.037707,-0.002542,0.003800,0.030894,-0.178852,0.983383,0.151716,-0.023928,0.033756,0.077626,0.114840,-0.464306,
1625008165.000000,494632721.000000,0.109101,-0.038096,-0.002400,0.004048,0.031186,-0.179993,0.983165,0.151873,-0.026224,0.042608,0.078182,0.112429,-0.446405,
1625008165.000000,499635696.000000,0.109673,-0.038409,-0.002352,0.004214,0.031358,-0.181071,0.982961,0.138527,-0.023101,0.034718,0.072231,0.062919,-0.438606,
1625008165.000000,504638910.000000,0.110271,-0.038763,-0.002225,0.004374,0.031451,-0.182155,0.982757,0.133836,-0.023646,0.037243,0.049322,0.026205,-0.429328,
1625008165.000000,509641886.000000,0.110850,-0.039114,-0.002082,0.004397,0.031350,-0.183182,0.982569,0.129394,-0.024229,0.039866,0.022248,-0.128175,-0.407832,
1625008165.000000,554668903.000000,0.115975,-0.042136,-0.002773,0.004159,0.029989,-0.192468,0.980836,0.154901,-0.010298,-0.002738,-0.008565,0.082092,-0.437702,
1625008165.000000,559671879.000000,0.116703,-0.042630,-0.002409,0.004286,0.030437,-0.193575,0.980604,0.153109,-0.008785,0.004004,-0.007266,0.104375,-0.455817,
1625008165.000000,564675093.000000,0.117333,-0.042980,-0.002398,0.004262,0.030695,-0.194695,0.980374,0.149606,-0.011556,0.006297,-0.025426,0.087482,-0.453738,
1625008165.000000,569678068.000000,0.118006,-0.043320,-0.002412,0.004206,0.030841,-0.195794,0.980151,0.150460,-0.011004,0.006249,-0.000079,0.009154,-0.446185,
1625008165.000000,574680567.000000,0.118682,-0.043661,-0.002420,0.004169,0.030846,-0.196892,0.979931,0.151146,-0.010453,0.006806,-0.028281,0.027543,-0.452571,
1625008165.000000,579684734.000000,0.119342,-0.044007,-0.002370,0.004032,0.031005,-0.197997,0.979704,0.149099,-0.011764,0.015056,-0.057664,0.052780,-0.447351,
1625008165.000000,584686756.000000,0.120008,-0.044353,-0.002333,0.003918,0.031060,-0.199076,0.979484,0.148871,-0.011964,0.018311,-0.003221,-0.040583,-0.438717,
1625008165.000000,589689732.000000,0.120209,-0.044837,-0.003419,0.003995,0.030730,-0.200164,0.979272,0.145300,-0.017738,-0.003748,0.081080,0.061071,-0.458950,
1625008165.000000,594692707.000000,0.120772,-0.045252,-0.003225,0.004273,0.031042,-0.201324,0.979023,0.138676,-0.026031,0.025284,0.096230,0.182374,-0.479317,
1625008165.000000,599695683.000000,0.121351,-0.045652,-0.003112,0.004544,0.031448,-0.202478,0.978771,0.135892,-0.028899,0.035630,0.087340,0.181722,-0.447477,
1625008165.000000,644723892.000000,0.126459,-0.048831,-0.003104,0.004490,0.029629,-0.211766,0.976861,0.149773,-0.012995,0.007121,0.021416,0.092196,-0.425936,
1625008165.000000,649726868.000000,0.127124,-0.049200,-0.003125,0.004549,0.029921,-0.212819,0.976623,0.153950,-0.010789,0.004443,-0.009275,0.111332,-0.430390,
1625008165.000000,654729843.000000,0.127655,-0.049612,-0.003021,0.004689,0.030533,-0.213943,0.976358,0.155356,-0.008746,-0.000661,-0.000082,0.085126,-0.415455,
1625008165.000000,659732819.000000,0.128278,-0.049968,-0.003064,0.004709,0.030697,-0.214965,0.976128,0.151847,-0.009140,-0.001639,-0.001733,0.039766,-0.432297,
1625008165.000000,664735794.000000,0.128950,-0.050326,-0.003125,0.004659,0.030814,-0.216058,0.975883,0.153285,-0.007683,-0.003389,-0.022295,0.076292,-0.459167,
1625008165.000000,669738770.000000,0.129632,-0.050683,-0.003197,0.004621,0.031039,-0.217184,0.975626,0.154999,-0.006213,-0.005428,-0.014783,0.058189,-0.462318,
1625008165.000000,674741983.000000,0.130288,-0.051051,-0.003261,0.004571,0.031112,-0.218300,0.975375,0.152751,-0.008538,-0.005039,-0.012561,0.013920,-0.451658,
1625008165.000000,679744959.000000,0.130958,-0.051415,-0.003337,0.004484,0.031170,-0.219392,0.975128,0.152967,-0.008593,-0.006244,-0.043404,0.014274,-0.449445,
1625008165.000000,684747696.000000,0.131628,-0.051782,-0.003424,0.004366,0.031238,-0.220480,0.974881,0.153276,-0.008643,-0.008078,-0.008691,0.026847,-0.439984,
1625008165.000000,689750910.000000,0.131732,-0.052379,-0.003456,0.004392,0.030850,-0.221520,0.974658,0.137841,-0.025788,0.040580,0.054553,0.015391,-0.443045,
1625008165.000000,744783640.000000,0.137665,-0.056634,-0.003436,0.004798,0.029175,-0.233292,0.971957,0.156411,-0.017582,0.003753,0.007991,0.105032,-0.463242,
1625008165.000000,749786854.000000,0.138336,-0.057074,-0.003459,0.004800,0.029523,-0.234414,0.971676,0.164184,-0.016897,0.002789,-0.030902,0.155275,-0.454936,
1625008165.000000,754789829.000000,0.139276,-0.057786,-0.003402,0.005022,0.030106,-0.235504,0.971394,0.165922,-0.012717,0.001490,0.042363,0.186628,-0.463188,
1625008165.000000,759792805.000000,0.139987,-0.058217,-0.003485,0.005205,0.030495,-0.236630,0.971107,0.169419,-0.010497,-0.003734,0.005196,0.126686,-0.451738,
1625008165.000000,764795542.000000,0.140715,-0.058649,-0.003588,0.005136,0.030745,-0.237711,0.970836,0.172847,-0.008288,-0.008553,-0.039733,0.082523,-0.454603,
1625008165.000000,769798756.000000,0.141310,-0.059023,-0.003636,0.005092,0.030985,-0.238831,0.970553,0.159332,-0.008090,-0.007229,-0.020968,0.096673,-0.463402,
1625008165.000000,774801731.000000,0.141993,-0.059423,-0.003727,0.005052,0.031212,-0.239952,0.970270,0.158188,-0.006493,-0.009330,-0.023255,0.060810,-0.466440,
1625008165.000000,779805899.000000,0.142675,-0.059816,-0.003829,0.004975,0.031264,-0.241077,0.969990,0.157216,-0.004898,-0.011610,-0.015806,-0.041973,-0.454878,
1625008165.000000,784808874.000000,0.143328,-0.060254,-0.003813,0.004883,0.031139,-0.242173,0.969721,0.155160,-0.011825,0.004533,-0.002995,-0.027855,-0.458898,
1625008165.000000,789810896.000000,0.143515,-0.060771,-0.004090,0.004778,0.030698,-0.243277,0.969459,0.142623,-0.022276,0.019802,0.047949,0.011156,-0.473949,
1625008165.000000,829835892.000000,0.147825,-0.064038,-0.004242,0.005164,0.029310,-0.251695,0.967349,0.129460,-0.016796,0.006126,0.036476,-0.179969,-0.427042,
1625008165.000000,834838867.000000,0.148360,-0.064432,-0.004253,0.005149,0.028999,-0.252751,0.967083,0.133639,-0.016217,0.006049,0.033391,-0.049672,-0.445122,
1625008165.000000,839841843.000000,0.148915,-0.064836,-0.004263,0.005202,0.029082,-0.253847,0.966793,0.137908,-0.015607,0.006235,0.019412,0.132575,-0.455860,
1625008165.000000,844845057.000000,0.149498,-0.065223,-0.004340,0.005301,0.029467,-0.254930,0.966496,0.142451,-0.011209,-0.002954,0.002437,0.130303,-0.434591,
1625008165.000000,849847794.000000,0.150099,-0.065623,-0.004407,0.005329,0.029708,-0.255960,0.966216,0.147026,-0.009068,-0.006229,0.002311,0.099325,-0.427983,
1625008165.000000,854850769.000000,0.150724,-0.066027,-0.004491,0.005379,0.029978,-0.257010,0.965929,0.151522,-0.006903,-0.009437,0.002474,0.105359,-0.439850,
1625008165.000000,859853983.000000,0.151440,-0.066828,-0.004122,0.005609,0.030412,-0.258112,0.965620,0.148046,-0.009875,0.001237,-0.002841,0.097417,-0.442973,
1625008165.000000,864856720.000000,0.152057,-0.067238,-0.004159,0.005621,0.030613,-0.259180,0.965328,0.147996,-0.008599,0.001003,-0.000713,0.040630,-0.441905,
1625008165.000000,869859695.000000,0.152672,-0.067641,-0.004186,0.005569,0.030650,-0.260253,0.965038,0.147738,-0.007324,0.001274,-0.028251,-0.002301,-0.451434,
1625008165.000000,874862671.000000,0.153290,-0.068039,-0.004204,0.005456,0.030703,-0.261352,0.964740,0.147477,-0.006040,0.001900,-0.025415,0.028600,-0.457925,
1625008165.000000,929895639.000000,0.158778,-0.072215,-0.005174,0.005615,0.028959,-0.272868,0.961599,0.117130,-0.012984,0.004956,0.026077,-0.096590,-0.435746,
1625008165.000000,934898853.000000,0.159240,-0.072575,-0.005189,0.005595,0.028741,-0.273897,0.961313,0.116635,-0.012452,0.003175,0.034556,-0.053122,-0.423713,
1625008165.000000,939901829.000000,0.159805,-0.072984,-0.005226,0.005633,0.028687,-0.274924,0.961022,0.132426,-0.010190,0.000619,0.024057,0.013999,-0.427017,
1625008165.000000,944904804.000000,0.160353,-0.073383,-0.005267,0.005669,0.028794,-0.275970,0.960718,0.138733,-0.008913,-0.001136,0.010035,0.086855,-0.450343,
1625008165.000000,949929476.000000,0.160932,-0.073796,-0.005319,0.005749,0.029091,-0.277066,0.960393,0.145286,-0.007591,-0.002950,0.014341,0.153802,-0.450601,
1625008165.000000,954932451.000000,0.161489,-0.074169,-0.005393,0.005849,0.029467,-0.278126,0.960075,0.141675,-0.003951,-0.006927,-0.001514,0.143333,-0.439699,
1625008165.000000,959936380.000000,0.161908,-0.075235,-0.005072,0.006125,0.030094,-0.279181,0.959747,0.148944,-0.006127,-0.007589,-0.007016,0.127852,-0.435446,
1625008165.000000,964938402.000000,0.162522,-0.075658,-0.005161,0.006145,0.030391,-0.280232,0.959431,0.150416,-0.003890,-0.010440,-0.029084,0.082893,-0.447118,
1625008165.000000,969942331.000000,0.163047,-0.076073,-0.005167,0.006053,0.030505,-0.281308,0.959114,0.141451,-0.007676,-0.002604,-0.023100,-0.009627,-0.445141,
1625008165.000000,974944353.000000,0.163618,-0.076486,-0.005229,0.005955,0.030403,-0.282373,0.958804,0.139810,-0.007452,-0.002522,-0.014170,-0.086917,-0.451329,
1625008166.000000,59996367.000000,0.171923,-0.084945,-0.005082,0.006670,0.029648,-0.300202,0.953391,0.158533,-0.013292,-0.007313,-0.004674,0.098935,-0.422589,
1625008166.000000,64999342.000000,0.172404,-0.085380,-0.005071,0.006681,0.029763,-0.301228,0.953064,0.144536,-0.013553,-0.000308,0.004022,0.027010,-0.437650,
1625008166.000000,70002079.000000,0.172953,-0.085846,-0.005117,0.006672,0.029850,-0.302282,0.952728,0.143042,-0.012374,-0.000841,-0.004611,0.040154,-0.446182,
1625008166.000000,75005293.000000,0.173501,-0.086306,-0.005161,0.006618,0.029919,-0.303337,0.952391,0.141817,-0.011199,-0.001105,-0.032208,-0.020962,-0.435573,
1625008166.000000,80008268.000000,0.174054,-0.086788,-0.005180,0.006442,0.029820,-0.304371,0.952065,0.143344,-0.012811,0.002300,-0.042011,-0.076602,-0.442847,
1625008166.000000,85011244.000000,0.174600,-0.087256,-0.005209,0.006266,0.029709,-0.305443,0.951726,0.142892,-0.012744,0.003099,-0.041816,-0.033128,-0.453695,
1625008166.000000,90014458.000000,0.174704,-0.087651,-0.005190,0.006177,0.029490,-0.306479,0.951401,0.135414,-0.016269,0.008547,0.016510,-0.008387,-0.451499,
1625008166.000000,95017433.000000,0.175163,-0.088188,-0.004962,0.006294,0.029474,-0.307551,0.951054,0.134261,-0.026411,0.035297,0.095667,0.045254,-0.445122,
1625008166.000000,100020170.000000,0.175634,-0.088700,-0.004818,0.006567,0.029584,-0.308612,0.950705,0.133705,-0.029749,0.043743,0.094745,0.096506,-0.444008,
1625008166.000000,105023384.000000,0.176094,-0.089227,-0.004618,0.006785,0.029760,-0.309675,0.950352,0.133099,-0.033099,0.052968,0.058247,0.085843,-0.445123,
1625008166.000000,150050640.000000,0.179508,-0.093316,-0.004023,0.006959,0.028479,-0.318710,0.947399,0.128134,-0.018231,0.023522,0.004036,0.015951,-0.430161,
1625008166.000000,155054092.000000,0.179976,-0.093784,-0.003945,0.006957,0.028597,-0.319735,0.947050,0.131924,-0.017452,0.023251,-0.008750,0.118011,-0.440768,
1625008166.000000,160057068.000000,0.181303,-0.094882,-0.005085,0.007157,0.029127,-0.320810,0.946669,0.151424,-0.015620,-0.001946,-0.003417,0.112111,-0.441972,
1625008166.000000,165060282.000000,0.181862,-0.095404,-0.005147,0.007196,0.029309,-0.321843,0.946312,0.153304,-0.013931,-0.004272,0.013643,0.084051,-0.434398,
1625008166.000000,170063257.000000,0.182428,-0.095923,-0.005214,0.007252,0.029506,-0.322885,0.945950,0.154840,-0.012238,-0.006079,-0.006410,0.047064,-0.451396,
1625008166.000000,175066233.000000,0.182961,-0.096415,-0.005255,0.007189,0.029564,-0.323967,0.945579,0.149232,-0.011484,-0.003522,-0.016323,0.011205,-0.457960,
1625008166.000000,180069447.000000,0.183513,-0.096913,-0.005318,0.007103,0.029638,-0.325039,0.945210,0.148146,-0.010172,-0.004467,-0.058504,0.015970,-0.451452,
1625008166.000000,185072184.000000,0.184062,-0.097404,-0.005388,0.006898,0.029655,-0.326093,0.944847,0.147083,-0.008867,-0.006052,-0.043212,-0.073912,-0.442974,
1625008166.000000,190075159.000000,0.184733,-0.097526,-0.005938,0.006713,0.029183,-0.327135,0.944503,0.141931,-0.004586,-0.010476,0.021261,-0.065370,-0.450339,
1625008166.000000,195078373.000000,0.185272,-0.097977,-0.006038,0.006763,0.029150,-0.328221,0.944127,0.141150,-0.003305,-0.011859,0.046785,0.043603,-0.464309,
1625008166.000000,245108366.000000,0.189824,-0.103156,-0.005312,0.007532,0.028232,-0.338481,0.940519,0.136127,-0.012013,0.016755,0.023362,-0.009096,-0.439817,
1625008166.000000,250111341.000000,0.190321,-0.103641,-0.005269,0.007538,0.028223,-0.339521,0.940145,0.139368,-0.010538,0.016734,0.010499,0.034559,-0.444036,
1625008166.000000,255114317.000000,0.190836,-0.104132,-0.005281,0.007556,0.028350,-0.340567,0.939762,0.143224,-0.008856,0.009093,-0.008618,0.034387,-0.445141,
1625008166.000000,260117531.000000,0.191045,-0.104990,-0.005543,0.007634,0.028596,-0.341655,0.939359,0.152420,-0.012436,-0.001394,0.008309,0.065272,-0.450400,
1625008166.000000,265120268.000000,0.191596,-0.105530,-0.005598,0.007724,0.028855,-0.342725,0.938961,0.155994,-0.010813,-0.004086,0.000146,0.155642,-0.462141,
1625008166.000000,270123243.000000,0.192096,-0.106039,-0.005587,0.007793,0.029242,-0.343807,0.938553,0.150834,-0.011052,0.001617,-0.019343,0.122226,-0.457950,
1625008166.000000,275126457.000000,0.192639,-0.106569,-0.005625,0.007796,0.029465,-0.344866,0.938157,0.151767,-0.010017,0.001462,-0.009683,0.068494,-0.449332,
1625008166.000000,280129433.000000,0.193186,-0.107097,-0.005659,0.007771,0.029600,-0.345924,0.937764,0.152493,-0.008981,0.001655,-0.029737,0.012869,-0.456778,
1625008166.000000,285132408.000000,0.193686,-0.107596,-0.005666,0.007634,0.029603,-0.346989,0.937371,0.144814,-0.009576,0.004952,-0.033255,-0.029944,-0.447329,
1625008166.000000,290135384.000000,0.194342,-0.108168,-0.006510,0.007419,0.029135,-0.347978,0.937021,0.140234,-0.011075,-0.008241,-0.040365,-0.117286,-0.438645,
1625008166.000000,330159187.000000,0.197447,-0.112400,-0.006042,0.008105,0.028615,-0.356265,0.933911,0.127297,-0.020079,0.011841,0.051043,-0.196321,-0.414246,
1625008166.000000,335163355.000000,0.197860,-0.112902,-0.006029,0.008062,0.028203,-0.357266,0.933542,0.128137,-0.019499,0.010279,0.050101,-0.104103,-0.438764,
1625008166.000000,340166330.000000,0.198279,-0.113407,-0.006018,0.008051,0.028008,-0.358309,0.933148,0.129235,-0.018900,0.009186,0.023348,-0.070623,-0.444232,
1625008166.000000,345169067.000000,0.198702,-0.113915,-0.006008,0.008000,0.027843,-0.359349,0.932754,0.130288,-0.018298,0.008366,0.017929,-0.043788,-0.450435,
1625008166.000000,350172281.000000,0.199215,-0.114465,-0.006060,0.007997,0.027832,-0.360414,0.932343,0.142230,-0.014550,0.001311,0.001093,0.036998,-0.458034,
1625008166.000000,355175257.000000,0.199862,-0.115127,-0.006377,0.007989,0.027933,-0.361488,0.931924,0.155007,-0.012130,0.000274,0.005082,0.049883,-0.448396,
1625008166.000000,360178232.000000,0.200400,-0.115697,-0.006418,0.008035,0.028063,-0.362529,0.931515,0.159447,-0.010391,-0.001530,0.009602,0.083152,-0.450403,
1625008166.000000,365181446.000000,0.200900,-0.116239,-0.006445,0.008115,0.028339,-0.363584,0.931095,0.156617,-0.010013,-0.000723,-0.002238,0.136573,-0.452668,
1625008166.000000,370184422.000000,0.201448,-0.116808,-0.006498,0.008206,0.028698,-0.364639,0.930670,0.159210,-0.008663,-0.001841,-0.006501,0.159729,-0.461067,
1625008166.000000,375187159.000000,0.202009,-0.117384,-0.006556,0.008272,0.029044,-0.365705,0.930241,0.162052,-0.007296,-0.002811,-0.022396,0.094406,-0.448486,
1625008166.000000,420214415.000000,0.205125,-0.122240,-0.006695,0.008692,0.028951,-0.375182,0.926458,0.125449,-0.026766,0.038963,0.060571,-0.079052,-0.420656,
1625008166.000000,425217390.000000,0.205467,-0.123166,-0.006987,0.008790,0.028901,-0.376145,0.926068,0.117740,-0.024620,0.011916,0.011605,-0.169421,-0.419587,
1625008166.000000,430220366.000000,0.205800,-0.123659,-0.006960,0.008562,0.028405,-0.377120,0.925689,0.113848,-0.023222,0.008591,0.009166,-0.247296,-0.418528,
1625008166.000000,435223341.000000,0.206119,-0.124128,-0.006960,0.008386,0.027860,-0.378111,0.925303,0.109644,-0.021833,0.004536,0.049885,-0.177517,-0.437616,
1625008166.000000,440226316.000000,0.206534,-0.124692,-0.006938,0.008361,0.027525,-0.379158,0.924885,0.127114,-0.021287,0.008283,0.046857,-0.094261,-0.456946,
1625008166.000000,445229530.000000,0.206923,-0.125222,-0.006936,0.008355,0.027381,-0.380221,0.924453,0.131686,-0.020181,0.007610,0.022141,0.006913,-0.457958,
1625008166.000000,450232506.000000,0.207330,-0.125764,-0.006938,0.008413,0.027512,-0.381277,0.924013,0.136261,-0.019057,0.006965,0.007271,0.092168,-0.455807,
1625008166.000000,455235243.000000,0.208202,-0.126955,-0.007370,0.008436,0.027675,-0.382343,0.923568,0.159913,-0.018885,-0.000390,-0.006597,0.140572,-0.443077,
1625008166.000000,460238457.000000,0.208678,-0.127511,-0.007520,0.008508,0.027987,-0.383349,0.923140,0.157333,-0.014206,-0.011290,-0.008726,0.089059,-0.435485,
1625008166.000000,465241194.000000,0.209188,-0.128117,-0.007633,0.008503,0.028110,-0.384365,0.922714,0.160236,-0.011986,-0.015079,-0.008686,0.019596,-0.448309,
1625008166.000000,555296421.000000,0.217045,-0.138728,-0.007929,0.008700,0.027412,-0.403005,0.914746,0.156119,-0.012569,-0.004331,-0.015264,0.082175,-0.457928,
1625008166.000000,560299397.000000,0.217534,-0.139351,-0.008004,0.008746,0.027640,-0.404047,0.914279,0.160755,-0.010398,-0.008555,0.010189,0.098129,-0.454720,
1625008166.000000,565302372.000000,0.217967,-0.139931,-0.008017,0.008854,0.027860,-0.405080,0.913814,0.154224,-0.010894,-0.003932,0.006295,0.100190,-0.450454,
1625008166.000000,570305347.000000,0.218447,-0.140538,-0.008081,0.008876,0.028044,-0.406107,0.913352,0.155232,-0.009604,-0.005141,-0.017452,0.024233,-0.451499,
1625008166.000000,575308323.000000,0.218929,-0.141141,-0.008160,0.008823,0.028128,-0.407157,0.912882,0.155851,-0.008306,-0.006804,-0.020571,0.079294,-0.474880,
1625008166.000000,580311537.000000,0.219413,-0.141738,-0.008249,0.008840,0.028416,-0.408248,0.912386,0.156179,-0.006998,-0.008578,-0.037529,0.087189,-0.474044,
1625008166.000000,585314512.000000,0.219879,-0.142334,-0.008313,0.008754,0.028547,-0.409298,0.911912,0.154075,-0.007611,-0.006301,-0.030290,-0.001690,-0.451490,
1625008166.000000,590317488.000000,0.220163,-0.142973,-0.008616,0.008503,0.028225,-0.410284,0.911481,0.145049,-0.010361,-0.006736,-0.037423,-0.045030,-0.453555,
1625008166.000000,595320463.000000,0.220600,-0.143545,-0.008706,0.008381,0.028183,-0.411342,0.911007,0.143735,-0.009760,-0.008379,0.015294,-0.011098,-0.476011,
1625008166.000000,600323439.000000,0.220956,-0.144174,-0.008476,0.008461,0.028134,-0.412429,0.910516,0.140311,-0.019924,0.023895,0.067059,-0.011740,-0.465507,
1625008166.000000,650354147.000000,0.224168,-0.149423,-0.006719,0.008881,0.026936,-0.422528,0.905906,0.134775,-0.010252,0.021585,0.009150,0.131002,-0.461292,
1625008166.000000,655357361.000000,0.224926,-0.150750,-0.007372,0.009072,0.027462,-0.423604,0.905386,0.162405,-0.011130,0.010609,-0.006736,0.132296,-0.441989,
1625008166.000000,660360336.000000,0.225341,-0.151319,-0.007379,0.009137,0.027728,-0.424593,0.904913,0.154384,-0.008778,0.007526,-0.003714,0.092623,-0.438726,
1625008166.000000,665363312.000000,0.225807,-0.151942,-0.007400,0.009197,0.027933,-0.425596,0.904435,0.155968,-0.006893,0.004849,-0.004556,0.081060,-0.450500,
1625008166.000000,670366526.000000,0.226284,-0.152567,-0.007432,0.009207,0.028088,-0.426625,0.903946,0.157596,-0.004991,0.002300,-0.010047,0.024097,-0.459052,
1625008166.000000,675369263.000000,0.226740,-0.153190,-0.007456,0.009145,0.028122,-0.427670,0.903451,0.155966,-0.006415,0.002862,-0.025872,0.005575,-0.468598,
1625008166.000000,680372238.000000,0.227211,-0.153814,-0.007492,0.009068,0.028236,-0.428734,0.902944,0.156186,-0.005836,0.001889,-0.034579,0.057736,-0.472917,
1625008166.000000,685375214.000000,0.227682,-0.154438,-0.007531,0.009015,0.028405,-0.429793,0.902436,0.156441,-0.005257,0.000984,-0.037625,0.021113,-0.467564,
1625008166.000000,690378428.000000,0.227753,-0.155041,-0.008202,0.008811,0.028092,-0.430791,0.901971,0.151356,-0.009466,-0.007411,-0.023883,-0.013410,-0.454799,
1625008166.000000,695381403.000000,0.228122,-0.155669,-0.008034,0.008751,0.028066,-0.431813,0.901484,0.146322,-0.014995,0.015459,0.020862,-0.036199,-0.457881,
1625008166.000000,740408421.000000,0.230773,-0.160564,-0.006661,0.009211,0.026923,-0.440771,0.897168,0.122428,-0.015245,0.026090,0.039182,-0.087043,-0.433636,
1625008166.000000,745411396.000000,0.231098,-0.161106,-0.006564,0.009211,0.026791,-0.441743,0.896694,0.125704,-0.014469,0.026762,0.030601,0.019429,-0.440789,
1625008166.000000,750414610.000000,0.231435,-0.161660,-0.006463,0.009298,0.026921,-0.442756,0.896190,0.128958,-0.013666,0.027625,0.008268,0.075313,-0.457011,
1625008166.000000,755417347.000000,0.232257,-0.162954,-0.007072,0.009407,0.027244,-0.443807,0.895659,0.148561,-0.013034,0.025516,-0.012034,0.079950,-0.449562,
1625008166.000000,760420084.000000,0.232668,-0.163597,-0.006983,0.009432,0.027439,-0.444802,0.895159,0.151953,-0.012159,0.027024,-0.009916,0.056002,-0.446221,
1625008166.000000,765423298.000000,0.233090,-0.164251,-0.006888,0.009451,0.027594,-0.445809,0.894653,0.155230,-0.011269,0.028497,-0.009809,0.098733,-0.454820,
1625008166.000000,770426273.000000,0.233413,-0.164762,-0.006896,0.009529,0.027884,-0.446826,0.894136,0.145363,-0.010083,0.021404,-0.008838,0.107082,-0.455905,
1625008166.000000,775429249.000000,0.233815,-0.165378,-0.006838,0.009540,0.028052,-0.447842,0.893622,0.145839,-0.009138,0.020558,-0.022548,0.018716,-0.455866,
1625008166.000000,780432463.000000,0.234219,-0.165993,-0.006783,0.009432,0.028088,-0.448863,0.893110,0.146241,-0.008193,0.019712,-0.036554,-0.010169,-0.460134,
1625008166.000000,785436392.000000,0.234606,-0.166602,-0.006704,0.009312,0.028162,-0.449901,0.892586,0.143847,-0.009330,0.022594,-0.052399,0.030258,-0.475014,
1625008166.000000,835466385.000000,0.238210,-0.173161,-0.008334,0.009582,0.027115,-0.459650,0.887634,0.125427,-0.011851,0.008149,0.031749,-0.147781,-0.429297,
1625008166.000000,840469360.000000,0.238525,-0.173707,-0.008334,0.009526,0.026857,-0.460616,0.887142,0.125212,-0.010869,0.006247,0.046672,-0.063670,-0.435640,
1625008166.000000,845472336.000000,0.238844,-0.174251,-0.008337,0.009523,0.026699,-0.461585,0.886643,0.125129,-0.009886,0.004864,0.024425,-0.061494,-0.431406,
1625008166.000000,850475311.000000,0.239236,-0.174862,-0.008353,0.009480,0.026622,-0.462545,0.886145,0.138890,-0.006230,0.003298,0.006064,0.030971,-0.437698,
1625008166.000000,855478525.000000,0.239218,-0.175711,-0.008025,0.009663,0.026872,-0.463555,0.885608,0.154828,-0.007060,0.002351,-0.011790,0.133502,-0.448405,
1625008166.000000,860481501.000000,0.239642,-0.176378,-0.008070,0.009777,0.027212,-0.464530,0.885085,0.160041,-0.004908,-0.000629,0.002885,0.145995,-0.429315,
1625008166.000000,865484476.000000,0.240019,-0.176990,-0.008101,0.009924,0.027482,-0.465465,0.884584,0.154406,-0.004667,-0.001067,0.013856,0.088882,-0.427995,
1625008166.000000,870487213.000000,0.240439,-0.177638,-0.008157,0.009973,0.027652,-0.466429,0.884070,0.155862,-0.003122,-0.003395,-0.022421,0.075653,-0.442046,
1625008166.000000,875490427.000000,0.240867,-0.178288,-0.008230,0.009958,0.027867,-0.467414,0.883543,0.157335,-0.001560,-0.006099,-0.029071,0.054015,-0.454742,
1625008166.000000,880493402.000000,0.241264,-0.178912,-0.008299,0.009875,0.027932,-0.468421,0.883009,0.152137,-0.002619,-0.006612,-0.037267,-0.040448,-0.452729,
1625008166.000000,925520182.000000,0.243332,-0.184319,-0.008848,0.010436,0.027702,-0.477096,0.878353,0.108026,-0.019360,0.028076,0.050954,-0.141279,-0.411119,
1625008166.000000,930523157.000000,0.243636,-0.184836,-0.008969,0.010303,0.027350,-0.478006,0.877870,0.110739,-0.012598,0.007362,0.001230,-0.159009,-0.414246,
1625008166.000000,935527325.000000,0.243884,-0.185328,-0.008966,0.010051,0.027010,-0.478924,0.877383,0.107921,-0.010984,0.003804,0.001741,-0.165539,-0.416439,
1625008166.000000,940529346.000000,0.244128,-0.185803,-0.008982,0.009882,0.026665,-0.479845,0.876893,0.105065,-0.009383,0.000005,0.023579,-0.131632,-0.420640,
1625008166.000000,945533276.000000,0.244422,-0.186373,-0.008932,0.009819,0.026444,-0.480787,0.876384,0.118590,-0.010086,0.009153,0.053052,-0.031128,-0.435570,
1625008166.000000,950506449.000000,0.244705,-0.186909,-0.008918,0.009937,0.026435,-0.481755,0.875851,0.122194,-0.009363,0.009608,0.036488,0.060355,-0.442019,
1625008166.000000,955509186.000000,0.245033,-0.188218,-0.008486,0.010051,0.026820,-0.482732,0.875300,0.145391,-0.012292,0.019258,-0.006396,0.103669,-0.428135,
1625008166.000000,960512400.000000,0.245406,-0.188842,-0.008571,0.010112,0.027083,-0.483657,0.874780,0.148486,-0.006950,0.005239,-0.023474,0.099486,-0.425884,
1625008166.000000,965515375.000000,0.245780,-0.189495,-0.008594,0.010156,0.027310,-0.484600,0.874250,0.152157,-0.004725,0.001962,-0.001133,0.083416,-0.439804,
1625008166.000000,970518351.000000,0.246172,-0.190158,-0.008631,0.010226,0.027484,-0.485574,0.873704,0.155849,-0.002474,-0.001002,-0.004049,0.066563,-0.451541,
1625008167.000000,65575123.000000,0.251142,-0.202611,-0.008643,0.010475,0.027052,-0.503604,0.863448,0.158428,-0.008262,0.007629,-0.010638,0.086860,-0.439852,
1625008167.000000,70578337.000000,0.251438,-0.203221,-0.008621,0.010549,0.027268,-0.504562,0.862880,0.150318,-0.006999,0.007952,0.001110,0.110785,-0.448414,
1625008167.000000,75581312.000000,0.251780,-0.203894,-0.008629,0.010672,0.027524,-0.505521,0.862309,0.151532,-0.005406,0.006085,0.003300,0.098586,-0.438855,
1625008167.000000,80584288.000000,0.252130,-0.204568,-0.008646,0.010721,0.027686,-0.506462,0.861751,0.152577,-0.003815,0.004386,-0.011625,0.039987,-0.442966,
1625008167.000000,85587502.000000,0.252797,-0.205369,-0.009206,0.010608,0.027476,-0.507419,0.861196,0.144408,-0.003033,0.001510,-0.036187,0.023992,-0.447415,
1625008167.000000,90591192.000000,0.253135,-0.206006,-0.009244,0.010516,0.027586,-0.508374,0.860630,0.143572,-0.002032,0.000069,-0.040535,0.006389,-0.442051,
1625008167.000000,95594406.000000,0.253471,-0.206635,-0.009289,0.010386,0.027580,-0.509321,0.860072,0.142709,-0.001041,-0.001497,-0.017071,-0.064665,-0.440958,
1625008167.000000,100596428.000000,0.253756,-0.207340,-0.009061,0.010320,0.027505,-0.510282,0.859505,0.145282,-0.009731,0.027827,0.031909,0.045672,-0.453723,
1625008167.000000,105599403.000000,0.254060,-0.208009,-0.008942,0.010571,0.027705,-0.511274,0.858906,0.145423,-0.011821,0.036157,0.083125,0.157209,-0.466574,
1625008167.000000,110603333.000000,0.254359,-0.208692,-0.008775,0.010910,0.027910,-0.512270,0.858302,0.145921,-0.013893,0.045222,0.080086,0.114424,-0.452783,
1625008167.000000,155630350.000000,0.257016,-0.213813,-0.008672,0.010249,0.026196,-0.520556,0.853364,0.142024,-0.001794,0.021068,0.018989,0.059937,-0.440127,
1625008167.000000,160633564.000000,0.257346,-0.214466,-0.008605,0.010401,0.026420,-0.521488,0.852786,0.146205,-0.000731,0.021303,0.010629,0.136892,-0.432668,
1625008167.000000,165636539.000000,0.257713,-0.215103,-0.008636,0.010548,0.026708,-0.522399,0.852217,0.149418,0.004188,0.011596,-0.004391,0.116511,-0.427271,
1625008167.000000,170639515.000000,0.258079,-0.215766,-0.008627,0.010651,0.026978,-0.523310,0.851649,0.153216,0.006387,0.008774,-0.013940,0.129946,-0.431555,
1625008167.000000,175642490.000000,0.258462,-0.216442,-0.008634,0.010773,0.027293,-0.524233,0.851069,0.156967,0.008609,0.005772,-0.004438,0.121949,-0.440081,
1625008167.000000,180645466.000000,0.258809,-0.217075,-0.008611,0.010859,0.027484,-0.525173,0.850482,0.149938,0.007460,0.009012,0.004229,0.042354,-0.444368,
1625008167.000000,185648203.000000,0.258864,-0.217997,-0.009896,0.010900,0.027344,-0.526171,0.849869,0.142079,0.001594,-0.000497,-0.023422,-0.027793,-0.447618,
1625008167.000000,190651417.000000,0.259185,-0.218623,-0.009942,0.010772,0.027372,-0.527130,0.849276,0.141545,0.002415,-0.000594,-0.040699,0.018651,-0.458247,
1625008167.000000,195654392.000000,0.259489,-0.219247,-0.009981,0.010709,0.027506,-0.528098,0.848670,0.140619,0.001538,-0.000600,-0.031005,0.018358,-0.449848,
1625008167.000000,200657129.000000,0.259805,-0.219873,-0.010024,0.010612,0.027510,-0.529036,0.848087,0.140249,0.001831,-0.000390,-0.007603,-0.047808,-0.439037,
1625008167.000000,245685339.000000,0.260862,-0.225200,-0.008617,0.010705,0.026191,-0.537338,0.842892,0.119059,-0.011095,0.029674,0.020119,-0.071818,-0.436068,
1625008167.000000,250687361.000000,0.261071,-0.225773,-0.008506,0.010648,0.026073,-0.538257,0.842310,0.120964,-0.010291,0.028167,0.027269,-0.046383,-0.429698,
1625008167.000000,255690336.000000,0.260218,-0.226245,-0.008335,0.010594,0.026114,-0.539203,0.841704,0.138986,-0.013011,0.018596,0.023223,0.016405,-0.430691,
1625008167.000000,260694265.000000,0.260464,-0.226921,-0.008281,0.010683,0.026229,-0.540118,0.841113,0.144598,-0.011268,0.017140,0.017652,0.080799,-0.438209,
1625008167.000000,265697479.000000,0.260728,-0.227621,-0.008234,0.010831,0.026445,-0.541037,0.840513,0.150412,-0.009498,0.015768,0.005079,0.157440,-0.435036,
1625008167.000000,270700455.000000,0.260992,-0.228276,-0.008202,0.011028,0.026844,-0.541941,0.839915,0.146472,-0.006136,0.013826,-0.018492,0.166748,-0.432837,
1625008167.000000,275703430.000000,0.261274,-0.228960,-0.008183,0.011130,0.027151,-0.542848,0.839318,0.148266,-0.003729,0.012042,-0.015343,0.092041,-0.435010,
1625008167.000000,280706644.000000,0.261569,-0.229649,-0.008169,0.011178,0.027302,-0.543769,0.838716,0.149986,-0.001309,0.010164,0.009209,0.038029,-0.447735,
1625008167.000000,285709381.000000,0.261878,-0.230341,-0.008166,0.011212,0.027392,-0.544723,0.838094,0.151677,0.001132,0.007943,-0.015044,0.062153,-0.459543,
1625008167.000000,290712357.000000,0.262135,-0.230993,-0.008104,0.011200,0.027561,-0.545676,0.837468,0.145498,-0.001284,0.013610,-0.024008,0.017386,-0.449969,
1625008167.000000,335739136.000000,0.267653,-0.239160,-0.012608,0.011523,0.027115,-0.553908,0.832056,0.134528,0.011456,-0.010486,0.031797,-0.248004,-0.412704,
1625008167.000000,340742111.000000,0.267962,-0.239742,-0.012707,0.011201,0.026596,-0.554776,0.831499,0.130297,0.013154,-0.015265,0.018615,-0.216492,-0.409572,
1625008167.000000,345745325.000000,0.268267,-0.240301,-0.012830,0.010967,0.026209,-0.555633,0.830942,0.125949,0.014830,-0.020153,0.015649,-0.143079,-0.414769,
1625008167.000000,350748301.000000,0.268632,-0.241004,-0.012882,0.010846,0.025990,-0.556520,0.830357,0.145945,0.015177,-0.010536,0.035665,-0.044759,-0.435090,
1625008167.000000,355751276.000000,0.269227,-0.242461,-0.013200,0.010843,0.026054,-0.557487,0.829706,0.178475,0.020730,-0.010573,0.036971,0.026395,-0.444758,
1625008167.000000,360754490.000000,0.269666,-0.243259,-0.013304,0.010913,0.026123,-0.558405,0.829086,0.184600,0.022060,-0.009663,-0.001416,0.046566,-0.437278,
1625008167.000000,365757227.000000,0.270128,-0.244011,-0.013509,0.010965,0.026290,-0.559302,0.828474,0.183918,0.027295,-0.020891,0.002545,0.116030,-0.434013,
1625008167.000000,370760202.000000,0.270603,-0.244813,-0.013686,0.011164,0.026608,-0.560200,0.827854,0.187781,0.029944,-0.024647,-0.002343,0.169588,-0.436193,
1625008167.000000,375763416.000000,0.271095,-0.245628,-0.013882,0.011343,0.026963,-0.561098,0.827232,0.191674,0.032609,-0.028403,0.000453,0.142914,-0.436186,
1625008167.000000,380766392.000000,0.271551,-0.246393,-0.014053,0.011466,0.027191,-0.561999,0.826611,0.184114,0.031405,-0.026245,-0.009807,0.058239,-0.438299,
1625008167.000000,425794363.000000,0.274573,-0.253449,-0.015487,0.012156,0.027601,-0.570454,0.820776,0.170618,0.012518,0.031969,0.057267,0.065064,-0.437540,
1625008167.000000,430797338.000000,0.274989,-0.254038,-0.015773,0.012181,0.027509,-0.571317,0.820178,0.154624,0.024167,-0.003336,0.032578,-0.097926,-0.404346,
1625008167.000000,435800552.000000,0.275368,-0.254706,-0.015846,0.011967,0.027136,-0.572144,0.819616,0.149015,0.026035,-0.007367,0.018856,-0.244916,-0.401135,
1625008167.000000,440803528.000000,0.275743,-0.255341,-0.015939,0.011617,0.026609,-0.572996,0.819044,0.143051,0.027885,-0.011695,0.024055,-0.198149,-0.424595,
1625008167.000000,445806503.000000,0.276133,-0.256058,-0.016002,0.011417,0.026249,-0.573884,0.818436,0.152760,0.026453,-0.007868,0.028494,-0.179625,-0.427968,
1625008167.000000,450680971.000000,0.276516,-0.256729,-0.016088,0.011190,0.025868,-0.574756,0.817840,0.153297,0.027001,-0.008668,0.023066,-0.116509,-0.421393,
1625008167.000000,455684185.000000,0.276507,-0.257583,-0.016707,0.010988,0.025606,-0.575668,0.817208,0.164668,0.026689,-0.020006,0.021020,-0.007552,-0.438537,
1625008167.000000,460686922.000000,0.276965,-0.258396,-0.016924,0.011058,0.025660,-0.576579,0.816564,0.177257,0.030242,-0.027459,0.024230,0.093652,-0.447192,
1625008167.000000,465689898.000000,0.277405,-0.259182,-0.017121,0.011242,0.025887,-0.577479,0.815918,0.181903,0.031835,-0.030112,0.010465,0.109154,-0.434359,
1625008167.000000,470692873.000000,0.277858,-0.259986,-0.017332,0.011351,0.026089,-0.578352,0.815291,0.186477,0.033442,-0.032731,-0.005630,0.094650,-0.426832,
1625008167.000000,565751076.000000,0.280394,-0.272370,-0.017888,0.011452,0.025153,-0.595370,0.802976,0.120469,0.016730,-0.023511,0.003023,0.091086,-0.444383,
1625008167.000000,570753813.000000,0.280850,-0.273330,-0.018071,0.011566,0.025328,-0.596253,0.802314,0.149993,0.023364,-0.026727,0.017860,0.110033,-0.434786,
1625008167.000000,575756788.000000,0.281183,-0.274019,-0.018271,0.011746,0.025552,-0.597121,0.801658,0.154164,0.025948,-0.030969,-0.000993,0.088728,-0.438945,
1625008167.000000,580760002.000000,0.281532,-0.274722,-0.018492,0.011815,0.025752,-0.598008,0.800989,0.158208,0.028562,-0.035199,-0.013113,0.117307,-0.446521,
1625008167.000000,585762978.000000,0.281854,-0.275372,-0.018684,0.011970,0.026059,-0.598901,0.800309,0.151170,0.028024,-0.033045,-0.017068,0.119495,-0.451774,
1625008167.000000,590765953.000000,0.281499,-0.276711,-0.018473,0.012055,0.026050,-0.599841,0.799604,0.159045,0.020853,-0.018105,-0.015134,0.015268,-0.445563,
1625008167.000000,595768929.000000,0.281820,-0.277437,-0.018612,0.011973,0.026058,-0.600730,0.798937,0.158303,0.022180,-0.018277,-0.023471,-0.005630,-0.451794,
1625008167.000000,600771904.000000,0.282080,-0.278152,-0.018646,0.011923,0.026147,-0.601640,0.798250,0.154088,0.016404,-0.006785,-0.016259,0.034239,-0.455174,
1625008167.000000,605774879.000000,0.282366,-0.278866,-0.018715,0.011930,0.026218,-0.602539,0.797570,0.152259,0.015362,-0.003117,0.009472,0.008813,-0.448672,
1625008167.000000,610778093.000000,0.282642,-0.279573,-0.018768,0.011957,0.026200,-0.603432,0.796894,0.150397,0.014309,0.000378,0.046646,0.015834,-0.444446,
1625008167.000000,650801659.000000,0.283622,-0.285097,-0.018626,0.011785,0.024438,-0.610295,0.791709,0.130166,0.010652,0.003295,0.038346,-0.072937,-0.428683,
1625008167.000000,655804634.000000,0.283807,-0.286424,-0.019149,0.011653,0.024280,-0.611212,0.791009,0.158866,0.010971,-0.000647,0.022232,-0.014938,-0.431859,
1625008167.000000,660807848.000000,0.284065,-0.287187,-0.019196,0.011662,0.024252,-0.612068,0.790347,0.162525,0.012144,-0.000466,0.022250,-0.000105,-0.430812,
1625008167.000000,665810823.000000,0.284360,-0.287995,-0.019328,0.011701,0.024269,-0.612926,0.789681,0.170127,0.015672,-0.009016,0.011691,0.051472,-0.441389,
1625008167.000000,670813799.000000,0.284651,-0.288806,-0.019424,0.011838,0.024453,-0.613805,0.788990,0.174753,0.017621,-0.011068,0.015783,0.134350,-0.446838,
1625008167.000000,675816774.000000,0.284956,-0.289638,-0.019529,0.012060,0.024725,-0.614677,0.788299,0.179501,0.019589,-0.012864,0.004316,0.127226,-0.441442,
1625008167.000000,680820704.000000,0.285256,-0.290426,-0.019625,0.012188,0.024960,-0.615541,0.787615,0.174373,0.021258,-0.012306,-0.008708,0.101298,-0.439303,
1625008167.000000,685823917.000000,0.284709,-0.291021,-0.020246,0.012294,0.024973,-0.616454,0.786899,0.162807,0.014816,-0.026502,-0.012869,0.075957,-0.453238,
1625008167.000000,690826893.000000,0.284975,-0.291788,-0.020428,0.012330,0.025143,-0.617350,0.786190,0.163435,0.016635,-0.028481,-0.025608,0.064028,-0.456546,
1625008167.000000,695829868.000000,0.285197,-0.292492,-0.020557,0.012287,0.025246,-0.618231,0.785495,0.155497,0.014376,-0.024317,-0.020419,-0.057075,-0.440517,
1625008167.000000,745859861.000000,0.286531,-0.298644,-0.020110,0.012287,0.024104,-0.626830,0.778686,0.116716,0.004829,0.010145,0.034990,-0.148969,-0.420400,
1625008167.000000,750863075.000000,0.286681,-0.299203,-0.020108,0.012111,0.023781,-0.627655,0.778034,0.114449,0.006316,0.006177,0.031998,-0.142438,-0.419322,
1625008167.000000,755866051.000000,0.286381,-0.300435,-0.020650,0.011750,0.023351,-0.628505,0.777366,0.125423,0.003919,-0.012598,0.026531,-0.054055,-0.438493,
1625008167.000000,760868788.000000,0.286573,-0.301208,-0.020699,0.011749,0.023311,-0.629367,0.776670,0.141817,0.005794,-0.009208,0.010683,0.009123,-0.437657,
1625008167.000000,765871763.000000,0.286752,-0.301903,-0.020783,0.011775,0.023342,-0.630206,0.775988,0.145895,0.007462,-0.009919,0.025332,0.037245,-0.433155,
1625008167.000000,770874739.000000,0.286943,-0.302616,-0.020868,0.011877,0.023395,-0.631055,0.775294,0.149854,0.009151,-0.010330,0.018284,0.038630,-0.439669,
1625008167.000000,775877714.000000,0.287146,-0.303334,-0.020968,0.011958,0.023511,-0.631911,0.774592,0.152202,0.011528,-0.012326,0.007253,0.111070,-0.446012,
1625008167.000000,780880928.000000,0.287360,-0.304072,-0.021075,0.012163,0.023800,-0.632780,0.773870,0.155458,0.013526,-0.014021,-0.013732,0.141671,-0.455623,
1625008167.000000,785883665.000000,0.286357,-0.304865,-0.020546,0.012367,0.023964,-0.633710,0.773100,0.162180,0.004174,-0.017939,-0.017210,0.056431,-0.445123,
1625008167.000000,790886641.000000,0.286493,-0.305558,-0.020647,0.012379,0.024074,-0.634565,0.772395,0.153723,0.003380,-0.017194,-0.011711,0.050582,-0.450205,
1625008167.000000,840918064.000000,0.285926,-0.312034,-0.019417,0.012775,0.023536,-0.643190,0.765239,0.114371,-0.018489,0.025009,0.083963,-0.191906,-0.414211,
1625008167.000000,845920801.000000,0.285934,-0.312607,-0.019329,0.012603,0.023117,-0.644000,0.764572,0.109477,-0.018073,0.023331,0.019503,-0.122087,-0.429044,
1625008167.000000,850923777.000000,0.284704,-0.312859,-0.018778,0.012349,0.022886,-0.644856,0.763862,0.116435,-0.022859,0.019169,-0.020592,-0.092775,-0.434565,
1625008167.000000,855926991.000000,0.284697,-0.313464,-0.018710,0.012151,0.022717,-0.645686,0.763168,0.118802,-0.020804,0.018276,0.017905,-0.090252,-0.436549,
1625008167.000000,860929966.000000,0.284699,-0.314076,-0.018648,0.012094,0.022528,-0.646531,0.762459,0.121087,-0.018740,0.017260,0.063865,-0.050830,-0.441957,
1625008167.000000,865932941.000000,0.284713,-0.314700,-0.018605,0.012177,0.022412,-0.647386,0.761735,0.123443,-0.016659,0.015507,0.055470,0.046353,-0.454662,
1625008167.000000,870935917.000000,0.284741,-0.315364,-0.018561,0.012327,0.022540,-0.648247,0.760997,0.129169,-0.014891,0.014254,-0.015944,0.086203,-0.441009,
1625008167.000000,875938892.000000,0.284778,-0.316037,-0.018501,0.012363,0.022761,-0.649068,0.760289,0.133203,-0.012898,0.014515,-0.031292,0.081415,-0.438579,
1625008167.000000,880941868.000000,0.284826,-0.316719,-0.018461,0.012445,0.022956,-0.649917,0.759557,0.136802,-0.010883,0.013774,-0.001097,0.078468,-0.454755,
1625008167.000000,885945082.000000,0.284861,-0.317370,-0.018439,0.012555,0.023120,-0.650788,0.758803,0.133769,-0.011259,0.011693,0.001046,0.094112,-0.466413,
1625008167.000000,930971622.000000,0.282234,-0.323400,-0.016387,0.013213,0.023585,-0.658549,0.752052,0.117130,-0.036517,0.055377,0.046534,0.043057,-0.431139,
1625008167.000000,935975790.000000,0.282134,-0.324005,-0.016135,0.013312,0.023530,-0.659370,0.751332,0.112425,-0.036260,0.056876,0.064806,-0.041072,-0.435591,
1625008167.000000,940977812.000000,0.282030,-0.324592,-0.015873,0.013237,0.023216,-0.660181,0.750631,0.108096,-0.036017,0.058403,0.076547,-0.182244,-0.415364,
1625008167.000000,945980787.000000,0.281945,-0.325205,-0.015693,0.012966,0.022703,-0.660960,0.749965,0.111429,-0.033634,0.048360,0.041540,-0.242943,-0.410933,
1625008167.000000,950984955.000000,0.281853,-0.325786,-0.015485,0.012638,0.022300,-0.661763,0.749275,0.110074,-0.032558,0.045537,0.003986,-0.138182,-0.440810,
1625008167.000000,956107616.000000,0.281774,-0.326151,-0.016457,0.012308,0.022128,-0.662603,0.748543,0.103839,-0.029977,0.014774,-0.011958,-0.080159,-0.444140,
1625008167.000000,961110592.000000,0.281711,-0.326861,-0.016335,0.012183,0.022005,-0.663426,0.747819,0.122289,-0.029125,0.022385,0.038972,-0.040565,-0.435460,
1625008167.000000,966113806.000000,0.281644,-0.327505,-0.016275,0.012239,0.021869,-0.664249,0.747091,0.127226,-0.028073,0.021093,0.068227,-0.028383,-0.443980,
1625008167.000000,971116781.000000,0.281581,-0.328170,-0.016189,0.012316,0.021809,-0.665093,0.746340,0.132057,-0.027012,0.021358,0.025452,0.078753,-0.455756,
1625008167.000000,976119518.000000,0.281524,-0.328851,-0.016111,0.012494,0.022066,-0.665935,0.745578,0.136525,-0.025933,0.021361,-0.033219,0.121388,-0.446224,
1625008168.000000,21146774.000000,0.280664,-0.335160,-0.015938,0.012760,0.022820,-0.673534,0.738694,0.122033,-0.031532,0.039440,0.108568,0.122809,-0.481309,
1625008168.000000,26149750.000000,0.280549,-0.335773,-0.015715,0.013178,0.022984,-0.674415,0.737877,0.118625,-0.033881,0.049727,0.060601,0.169859,-0.460177,
1625008168.000000,31152725.000000,0.280434,-0.336389,-0.015474,0.013429,0.023162,-0.675223,0.737127,0.116629,-0.035304,0.057542,0.028257,0.056349,-0.422656,
1625008168.000000,36155701.000000,0.280308,-0.336992,-0.015202,0.013481,0.023076,-0.675999,0.736418,0.114210,-0.036752,0.064191,0.085765,-0.059602,-0.422618,
1625008168.000000,41158676.000000,0.280198,-0.337508,-0.015087,0.013477,0.022743,-0.676796,0.735696,0.102521,-0.033478,0.043818,0.088471,-0.132487,-0.430220,
1625008168.000000,46161890.000000,0.280076,-0.338028,-0.014901,0.013259,0.022342,-0.677590,0.734981,0.096538,-0.033084,0.040171,0.023135,-0.223477,-0.421689,
1625008168.000000,51164865.000000,0.279952,-0.338515,-0.014733,0.012853,0.021915,-0.678377,0.734275,0.090362,-0.032731,0.036095,0.003783,-0.208169,-0.433266,
1625008168.000000,56167364.000000,0.280118,-0.340088,-0.016189,0.012430,0.021577,-0.679189,0.733541,0.119768,-0.027639,0.013984,0.000788,-0.094266,-0.453647,
1625008168.000000,61170578.000000,0.280032,-0.340703,-0.016134,0.012340,0.021465,-0.680025,0.732771,0.122663,-0.025936,0.012994,0.044167,-0.022203,-0.451529,
1625008168.000000,66173553.000000,0.279953,-0.341330,-0.016071,0.012415,0.021382,-0.680854,0.732002,0.125501,-0.024224,0.012740,0.039438,0.014810,-0.454604,
1625008168.000000,156228781.000000,0.279125,-0.353816,-0.016897,0.012775,0.021477,-0.695626,0.717969,0.111838,-0.019505,0.002651,-0.007884,-0.130580,-0.452436,
1625008168.000000,161231756.000000,0.279048,-0.354376,-0.016922,0.012637,0.021338,-0.696445,0.717182,0.110955,-0.018469,-0.001377,0.042017,-0.029602,-0.451473,
1625008168.000000,166234970.000000,0.278985,-0.355079,-0.016920,0.012718,0.021259,-0.697253,0.716397,0.126549,-0.016771,0.000772,0.044692,0.029658,-0.450280,
1625008168.000000,171237707.000000,0.278921,-0.355724,-0.016947,0.012805,0.021299,-0.698062,0.715606,0.130876,-0.015484,-0.000723,0.013341,0.036098,-0.450367,
1625008168.000000,176240683.000000,0.278863,-0.356388,-0.016986,0.012886,0.021406,-0.698867,0.714815,0.135148,-0.014179,-0.002358,-0.008845,0.101251,-0.454551,
1625008168.000000,181243658.000000,0.278833,-0.357020,-0.017053,0.013060,0.021700,-0.699673,0.714014,0.132046,-0.009362,-0.006956,-0.031310,0.144336,-0.449335,
1625008168.000000,186246872.000000,0.278673,-0.356718,-0.017230,0.013513,0.022044,-0.700481,0.713203,0.125574,-0.006948,-0.007631,-0.009171,0.087969,-0.448115,
1625008168.000000,191249847.000000,0.278647,-0.357345,-0.017306,0.013578,0.022150,-0.701285,0.712408,0.127046,-0.004309,-0.011104,-0.004461,0.018871,-0.454575,
1625008168.000000,196252584.000000,0.278585,-0.357933,-0.017330,0.013559,0.022222,-0.702112,0.711591,0.122345,-0.007932,-0.005503,-0.013335,0.041940,-0.484285,
1625008168.000000,201255560.000000,0.278551,-0.358534,-0.017408,0.013557,0.022354,-0.702979,0.710730,0.120921,-0.007364,-0.006632,-0.051344,0.008825,-0.480344,
1625008168.000000,246283770.000000,0.276635,-0.362187,-0.016777,0.013581,0.021642,-0.710147,0.703590,0.081883,-0.025436,0.035002,0.028123,-0.263169,-0.427972,
1625008168.000000,251286507.000000,0.276508,-0.362590,-0.016626,0.013171,0.021197,-0.710924,0.702826,0.076668,-0.024211,0.032483,0.012341,-0.202596,-0.449167,
1625008168.000000,256289482.000000,0.276459,-0.363134,-0.018688,0.012737,0.020869,-0.711719,0.702039,0.074226,-0.019486,-0.010847,0.004760,-0.170396,-0.441849,
1625008168.000000,261292696.000000,0.276356,-0.363786,-0.018688,0.012524,0.020665,-0.712502,0.701254,0.102024,-0.018135,-0.005205,0.017503,-0.014615,-0.458583,
1625008168.000000,266295671.000000,0.276259,-0.364300,-0.018738,0.012656,0.020744,-0.713321,0.700416,0.107370,-0.016796,-0.006446,0.029328,0.084284,-0.462154,
1625008168.000000,271298647.000000,0.276167,-0.364844,-0.018798,0.012848,0.020851,-0.714113,0.699602,0.112954,-0.015439,-0.007674,0.040957,0.109731,-0.449102,
1625008168.000000,276301861.000000,0.276096,-0.365358,-0.018912,0.013106,0.021031,-0.714897,0.698791,0.110302,-0.012016,-0.015117,0.007123,0.126140,-0.449182,
1625008168.000000,281304598.000000,0.276027,-0.365909,-0.019022,0.013278,0.021306,-0.715679,0.697979,0.112762,-0.009815,-0.018399,-0.038991,0.145818,-0.453422,
1625008168.000000,286307573.000000,0.276535,-0.367917,-0.018897,0.013758,0.021932,-0.716431,0.697177,0.122347,-0.002315,-0.016085,-0.031638,0.090145,-0.440605,
1625008168.000000,291310787.000000,0.276472,-0.368429,-0.018926,0.013771,0.022047,-0.717202,0.696381,0.113708,-0.005060,-0.010088,-0.005912,-0.010766,-0.454294,
1625008168.000000,336337805.000000,0.275862,-0.374768,-0.018772,0.014429,0.022278,-0.724265,0.689010,0.098780,-0.016141,0.056210,0.046269,-0.034648,-0.427693,
1625008168.000000,341341496.000000,0.275831,-0.375146,-0.018820,0.014229,0.021996,-0.724996,0.688254,0.083674,-0.009238,0.027871,0.033341,-0.236268,-0.413787,
1625008168.000000,346344471.000000,0.275768,-0.375557,-0.018705,0.013775,0.021473,-0.725719,0.687518,0.077035,-0.008069,0.025088,0.044034,-0.253008,-0.416937,
1625008168.000000,351347685.000000,0.275712,-0.375926,-0.018592,0.013461,0.021071,-0.726461,0.686752,0.069985,-0.006932,0.022793,0.028230,-0.154633,-0.438271,
1625008168.000000,356350660.000000,0.274946,-0.377968,-0.019499,0.013046,0.020761,-0.727163,0.686027,0.105944,-0.006675,0.000389,0.008811,-0.106896,-0.431878,
1625008168.000000,361353397.000000,0.274884,-0.378504,-0.019528,0.012866,0.020610,-0.727903,0.685249,0.108457,-0.005504,-0.001975,0.000362,-0.065942,-0.436953,
1625008168.000000,366356611.000000,0.274825,-0.379051,-0.019574,0.012822,0.020578,-0.728666,0.684440,0.110873,-0.004319,-0.004559,0.024718,0.038893,-0.446749,
1625008168.000000,371359587.000000,0.274769,-0.379676,-0.019647,0.012988,0.020668,-0.729431,0.683619,0.120529,-0.002860,-0.008051,0.019744,0.090216,-0.449836,
1625008168.000000,376362562.000000,0.274717,-0.380283,-0.019719,0.013120,0.020791,-0.730189,0.682803,0.124745,-0.001558,-0.010166,0.011919,0.050815,-0.431865,
1625008168.000000,381365776.000000,0.274669,-0.380906,-0.019803,0.013215,0.020863,-0.730925,0.682011,0.128547,-0.000251,-0.012410,0.013215,0.073660,-0.446458,
1625008168.000000,426392794.000000,0.273022,-0.389024,-0.019483,0.014473,0.022113,-0.737759,0.674547,0.120336,-0.012991,0.055811,0.078996,0.064287,-0.452829,
1625008168.000000,431395769.000000,0.272982,-0.389501,-0.019491,0.014575,0.022003,-0.738509,0.673727,0.104524,-0.006857,0.033720,0.059867,-0.016636,-0.435602,
1625008168.000000,436398745.000000,0.272902,-0.390009,-0.019343,0.014579,0.021870,-0.739238,0.672931,0.097703,-0.006557,0.034606,0.048032,-0.073903,-0.425019,
1625008168.000000,441401720.000000,0.272827,-0.390484,-0.019187,0.014390,0.021597,-0.739949,0.672162,0.090954,-0.006292,0.035581,0.025830,-0.170781,-0.411159,
1625008168.000000,446404696.000000,0.272755,-0.390926,-0.019024,0.014003,0.021233,-0.740636,0.671425,0.084207,-0.006065,0.036541,0.008604,-0.251129,-0.396246,
1625008168.000000,451408625.000000,0.272697,-0.391450,-0.018974,0.013540,0.020788,-0.741322,0.670691,0.091830,-0.003168,0.024932,0.033090,-0.227237,-0.421645,
1625008168.000000,456410646.000000,0.271306,-0.392622,-0.019365,0.013180,0.020508,-0.741971,0.669989,0.098472,-0.007132,0.005157,0.035441,-0.114630,-0.437733,
1625008168.000000,461414814.000000,0.271225,-0.393105,-0.019376,0.013065,0.020350,-0.742701,0.669186,0.096527,-0.005988,0.001969,0.021368,-0.050668,-0.430126,
1625008168.000000,466416836.000000,0.271137,-0.393836,-0.019355,0.013002,0.020275,-0.743423,0.668388,0.120444,-0.003146,0.004649,0.004445,-0.013987,-0.433301,
1625008168.000000,471419573.000000,0.271060,-0.394448,-0.019362,0.013051,0.020334,-0.744157,0.667568,0.126230,-0.001436,0.003908,0.019127,0.093945,-0.448220,
1625008168.000000,521450758.000000,0.268200,-0.401695,-0.019200,0.014102,0.021666,-0.751442,0.659292,0.127540,-0.009465,0.020007,0.073573,0.068757,-0.459624,
1625008168.000000,526453495.000000,0.268055,-0.402256,-0.018981,0.014406,0.021698,-0.752202,0.658417,0.118605,-0.012856,0.039478,0.087337,0.142816,-0.460697,
1625008168.000000,531456470.000000,0.267912,-0.402834,-0.018795,0.014776,0.021778,-0.752945,0.657557,0.114890,-0.014369,0.048215,0.077766,0.089444,-0.435213,
1625008168.000000,536459684.000000,0.267762,-0.403395,-0.018557,0.014879,0.021695,-0.753638,0.656763,0.111209,-0.015915,0.057270,0.043680,-0.063677,-0.410541,
1625008168.000000,541462660.000000,0.267664,-0.403892,-0.018505,0.014698,0.021466,-0.754321,0.655990,0.101193,-0.009653,0.032933,0.029643,-0.142304,-0.419059,
1625008168.000000,546465635.000000,0.267553,-0.404380,-0.018375,0.014406,0.021159,-0.755020,0.655202,0.094889,-0.008122,0.028282,0.016039,-0.198041,-0.417112,
1625008168.000000,551468849.000000,0.267452,-0.404835,-0.018267,0.014010,0.020791,-0.755702,0.654435,0.088554,-0.006626,0.023305,0.033835,-0.210080,-0.409496,
1625008168.000000,556471586.000000,0.266707,-0.406001,-0.019205,0.013592,0.020449,-0.756320,0.653741,0.110297,-0.006948,0.009754,0.021484,-0.172674,-0.417917,
1625008168.000000,561474562.000000,0.266595,-0.406551,-0.019159,0.013358,0.020230,-0.757019,0.652943,0.112928,-0.006122,0.010173,0.024192,-0.055511,-0.432832,
1625008168.000000,566477776.000000,0.266482,-0.407118,-0.019110,0.013365,0.020182,-0.757734,0.652114,0.115745,-0.005276,0.010725,0.010837,0.001490,-0.437160,
1625008168.000000,656532764.000000,0.262511,-0.418066,-0.018981,0.013975,0.020386,-0.770273,0.637235,0.097046,-0.004860,0.011246,0.032785,-0.172396,-0.420819,
1625008168.000000,661535740.000000,0.262397,-0.418536,-0.018948,0.013718,0.020127,-0.770944,0.636437,0.096096,-0.004167,0.009162,0.011588,-0.084170,-0.415388,
1625008168.000000,666538477.000000,0.262280,-0.419152,-0.018911,0.013640,0.020078,-0.771609,0.635633,0.112415,-0.000859,0.009886,0.008193,-0.015512,-0.420730,
1625008168.000000,671541691.000000,0.262169,-0.419716,-0.018889,0.013656,0.020068,-0.772286,0.634812,0.117171,0.000755,0.008850,0.025373,0.044156,-0.429268,
1625008168.000000,676544666.000000,0.262060,-0.420308,-0.018863,0.013774,0.020131,-0.772966,0.633978,0.122104,0.002399,0.008454,0.005266,0.028016,-0.426121,
1625008168.000000,681547642.000000,0.261953,-0.420930,-0.018835,0.013811,0.020183,-0.773648,0.633144,0.127278,0.004071,0.008400,0.017665,0.070284,-0.442999,
1625008168.000000,686550617.000000,0.261866,-0.421521,-0.018870,0.014075,0.020374,-0.774357,0.632265,0.125636,0.006521,0.001005,-0.004141,0.182330,-0.447516,
1625008168.000000,691553593.000000,0.261308,-0.422474,-0.018275,0.014667,0.020901,-0.775010,0.631433,0.132699,0.007441,0.006762,-0.027061,0.171957,-0.436601,
1625008168.000000,696556568.000000,0.261213,-0.423142,-0.018280,0.014853,0.021153,-0.775689,0.630586,0.136127,0.009409,0.005129,-0.014089,0.077233,-0.431291,
1625008168.000000,701559544.000000,0.261116,-0.423654,-0.018261,0.014892,0.021263,-0.776377,0.629734,0.122252,0.007146,0.005607,-0.017219,0.017784,-0.450373,
1625008168.000000,751590729.000000,0.259253,-0.430215,-0.018861,0.014737,0.020583,-0.783183,0.621276,0.084881,0.000674,0.029451,0.020588,-0.294367,-0.391754,
1625008168.000000,756593704.000000,0.258209,-0.431154,-0.019645,0.014210,0.020147,-0.783749,0.620589,0.079404,0.002147,-0.015194,0.053523,-0.227308,-0.418141,
1625008168.000000,761596680.000000,0.258050,-0.431774,-0.019554,0.013960,0.019866,-0.784419,0.619755,0.100963,0.000965,0.002338,0.027366,-0.076081,-0.425934,
1625008168.000000,766599894.000000,0.257938,-0.432273,-0.019562,0.013877,0.019750,-0.785064,0.618944,0.103509,0.001881,0.003110,0.023226,-0.058878,-0.404413,
1625008168.000000,771602631.000000,0.257828,-0.432776,-0.019560,0.013788,0.019670,-0.785698,0.618144,0.105454,0.002799,0.004248,-0.004371,0.002696,-0.420285,
1625008168.000000,776605368.000000,0.257732,-0.433321,-0.019585,0.013838,0.019759,-0.786363,0.617294,0.111254,0.006581,0.000245,0.011260,0.046012,-0.435435,
1625008168.000000,781608582.000000,0.257634,-0.433878,-0.019609,0.013959,0.019803,-0.787030,0.616439,0.115060,0.008684,-0.001297,0.027672,0.079151,-0.430008,
1625008168.000000,786611557.000000,0.257540,-0.434457,-0.019647,0.014140,0.019952,-0.787692,0.615583,0.118764,0.010804,-0.002477,-0.020321,0.091419,-0.437406,
1625008168.000000,791614532.000000,0.256646,-0.435995,-0.018623,0.014841,0.020580,-0.788378,0.614668,0.130096,0.009104,0.005458,-0.004883,0.140509,-0.444862,
1625008168.000000,796617746.000000,0.256539,-0.436635,-0.018662,0.015149,0.020815,-0.789060,0.613777,0.131512,0.010623,0.003102,0.005416,0.136102,-0.450172,
1625008168.000000,846648693.000000,0.255059,-0.444754,-0.019382,0.015973,0.020787,-0.795810,0.604979,0.106489,0.003956,0.041594,0.039212,-0.164491,-0.415027,
1625008168.000000,851651669.000000,0.254940,-0.445266,-0.019189,0.015555,0.020490,-0.796437,0.604175,0.099230,0.004099,0.045161,-0.045800,-0.247621,-0.404306,
1625008168.000000,856654882.000000,0.253585,-0.446329,-0.019520,0.015044,0.020213,-0.797017,0.603431,0.099834,0.004253,0.011881,0.023552,-0.299713,-0.394708,
1625008168.000000,861657619.000000,0.253472,-0.446813,-0.019540,0.014549,0.019670,-0.797631,0.602650,0.097089,0.005529,0.005319,0.055916,-0.251206,-0.407377,
1625008168.000000,866660595.000000,0.253369,-0.447282,-0.019570,0.014243,0.019367,-0.798272,0.601817,0.094067,0.006803,0.000139,0.033574,-0.059510,-0.432004,
1625008168.000000,871663809.000000,0.253239,-0.447894,-0.019586,0.014284,0.019326,-0.798925,0.600950,0.114101,0.009119,0.000896,0.017080,0.024130,-0.427823,
1625008168.000000,876666784.000000,0.253124,-0.448469,-0.019617,0.014318,0.019391,-0.799558,0.600105,0.120360,0.010853,-0.000815,-0.015200,0.058069,-0.421253,
1625008168.000000,881669760.000000,0.253007,-0.449078,-0.019654,0.014444,0.019547,-0.800193,0.599250,0.126565,0.012619,-0.002773,0.005009,0.084089,-0.429840,
1625008168.000000,886672735.000000,0.252910,-0.449663,-0.019714,0.014631,0.019655,-0.800839,0.598379,0.124427,0.015044,-0.006509,0.029718,0.107970,-0.434126,
1625008168.000000,891675711.000000,0.252898,-0.450267,-0.018160,0.015188,0.020088,-0.801500,0.597465,0.134309,0.020779,0.014128,-0.005463,0.140071,-0.440424,
1625008168.000000,941705465.000000,0.250192,-0.457672,-0.018591,0.016414,0.020701,-0.808104,0.588448,0.119515,-0.001732,0.064643,0.091493,0.037663,-0.434142,
1625008168.000000,946709633.000000,0.249995,-0.458239,-0.018269,0.016383,0.020494,-0.808728,0.587598,0.115559,-0.005024,0.076030,0.050923,-0.148066,-0.418910,
1625008168.000000,951712608.000000,0.249914,-0.458736,-0.018220,0.015978,0.020136,-0.809354,0.586758,0.101684,0.007334,0.040190,0.011528,-0.257429,-0.414908,
1625008168.000000,956714630.000000,0.248751,-0.459654,-0.019989,0.015577,0.019889,-0.809954,0.585949,0.098489,0.013187,-0.009464,-0.038447,-0.249919,-0.415831,
1625008168.000000,961717606.000000,0.248673,-0.460127,-0.020098,0.015039,0.019580,-0.810571,0.585120,0.091923,0.016092,-0.018001,0.045057,-0.251608,-0.411650,
1625008168.000000,966721773.000000,0.248451,-0.460838,-0.020085,0.014682,0.019120,-0.811184,0.584294,0.117544,0.010708,-0.006956,0.050633,-0.150694,-0.414743,
1625008168.000000,971724510.000000,0.248314,-0.461420,-0.020143,0.014563,0.018994,-0.811805,0.583438,0.121138,0.011025,-0.007087,0.024957,0.006821,-0.431829,
1625008168.000000,976727724.000000,0.248171,-0.462021,-0.020200,0.014668,0.019021,-0.812439,0.582551,0.124933,0.011365,-0.007198,0.004403,0.060910,-0.432983,
1625008168.000000,981730700.000000,0.248042,-0.462679,-0.020287,0.014770,0.019154,-0.813060,0.581677,0.133291,0.016430,-0.011097,-0.003650,0.077536,-0.425433,
1625008168.000000,986733675.000000,0.247905,-0.463348,-0.020381,0.014957,0.019289,-0.813682,0.580798,0.138912,0.018695,-0.013541,0.013794,0.116725,-0.439228,
1625008169.000000,31760693.000000,0.245168,-0.469909,-0.020465,0.015923,0.020375,-0.819458,0.572556,0.131415,0.001093,0.033241,0.109619,0.109414,-0.452096,
1625008169.000000,36763668.000000,0.244939,-0.470525,-0.020293,0.016305,0.020346,-0.820105,0.571619,0.129673,-0.002799,0.045325,0.097879,0.126484,-0.457289,
1625008169.000000,41766882.000000,0.244694,-0.471129,-0.020066,0.016650,0.020360,-0.820761,0.570666,0.127909,-0.006688,0.057188,0.077473,0.109480,-0.456392,
1625008169.000000,46769857.000000,0.244601,-0.471613,-0.020084,0.016815,0.020303,-0.821397,0.569748,0.108923,0.003900,0.032916,0.054144,-0.065793,-0.429711,
1625008169.000000,51772594.000000,0.244434,-0.472124,-0.019937,0.016521,0.019986,-0.821998,0.568900,0.101772,0.004749,0.033020,0.048663,-0.231062,-0.404078,
1625008169.000000,56775808.000000,0.243628,-0.472262,-0.020436,0.016062,0.019653,-0.822552,0.568123,0.089041,0.006080,0.023552,0.021205,-0.314195,-0.404032,
1625008169.000000,61778545.000000,0.243484,-0.472836,-0.020467,0.015436,0.019243,-0.823146,0.567294,0.098270,0.010745,0.010136,-0.008885,-0.238548,-0.414747,
1625008169.000000,66781521.000000,0.243366,-0.473309,-0.020446,0.015016,0.018997,-0.823744,0.566445,0.095458,0.012701,0.005985,0.008160,-0.185464,-0.415843,
1625008169.000000,71784735.000000,0.243262,-0.473771,-0.020446,0.014687,0.018734,-0.824342,0.565592,0.092567,0.014648,0.001768,0.031750,-0.109223,-0.422151,
1625008169.000000,76788664.000000,0.243087,-0.474368,-0.020393,0.014687,0.018644,-0.824952,0.564704,0.112609,0.012877,0.009504,0.047667,0.077652,-0.438184,
1625008169.000000,121815681.000000,0.241264,-0.479833,-0.018746,0.016265,0.020438,-0.830502,0.556404,0.132585,0.021349,0.025704,-0.050496,-0.015489,-0.438047,
1625008169.000000,126818657.000000,0.240091,-0.480479,-0.020527,0.015839,0.020043,-0.831092,0.555549,0.122486,0.011186,0.020267,0.051694,0.060389,-0.453010,
1625008169.000000,131821871.000000,0.239904,-0.481065,-0.020445,0.016189,0.020017,-0.831728,0.554587,0.120290,0.009797,0.025716,0.122542,0.151071,-0.458426,
1625008169.000000,136824608.000000,0.239731,-0.481553,-0.020253,0.016628,0.019993,-0.832353,0.553635,0.107930,0.005954,0.040115,0.101065,0.113026,-0.441365,
1625008169.000000,141827583.000000,0.239547,-0.482061,-0.020055,0.016873,0.019943,-0.832957,0.552721,0.102703,0.003713,0.048950,0.065734,0.042664,-0.434854,
1625008169.000000,146830797.000000,0.239362,-0.482541,-0.019820,0.016923,0.019816,-0.833563,0.551809,0.097365,0.001446,0.057122,0.072040,-0.081880,-0.436022,
1625008169.000000,151833773.000000,0.239176,-0.482990,-0.019549,0.016647,0.019467,-0.834168,0.550916,0.091896,-0.000844,0.064839,0.043659,-0.243276,-0.423249,
1625008169.000000,156836748.000000,0.238837,-0.483596,-0.019814,0.016258,0.019157,-0.834722,0.550099,0.080531,0.016838,0.011374,0.039008,-0.367167,-0.405059,
1625008169.000000,161839724.000000,0.238763,-0.483987,-0.019792,0.015608,0.018653,-0.835298,0.549259,0.074334,0.018450,0.004915,0.017066,-0.216555,-0.420913,
1625008169.000000,166842699.000000,0.238708,-0.484355,-0.019800,0.015326,0.018510,-0.835888,0.548373,0.068221,0.020051,-0.001231,-0.017343,-0.089786,-0.420137,
1625008169.000000,221876621.000000,0.234512,-0.490357,-0.019510,0.016138,0.019239,-0.842386,0.538288,0.115060,0.011753,0.001733,-0.039654,0.034933,-0.439198,
1625008169.000000,226879597.000000,0.234326,-0.490903,-0.019532,0.016132,0.019323,-0.842974,0.537366,0.114009,0.012424,0.000689,0.005092,0.040322,-0.442260,
1625008169.000000,231882572.000000,0.234054,-0.491367,-0.019203,0.016319,0.019347,-0.843575,0.536415,0.107377,-0.000455,0.039864,0.088123,0.088708,-0.450906,
1625008169.000000,236885786.000000,0.233817,-0.491853,-0.019010,0.016684,0.019268,-0.844182,0.535450,0.104520,-0.004227,0.051073,0.124699,0.144438,-0.455114,
1625008169.000000,241888762.000000,0.233564,-0.492325,-0.018744,0.017093,0.019245,-0.844783,0.534490,0.101984,-0.007999,0.063529,0.078773,0.085926,-0.436057,
1625008169.000000,246891499.000000,0.233414,-0.492723,-0.018622,0.017180,0.019147,-0.845354,0.533587,0.086711,0.000063,0.045935,0.061368,-0.056733,-0.423061,
1625008169.000000,251894712.000000,0.233235,-0.493110,-0.018412,0.016991,0.018867,-0.845927,0.532694,0.078826,0.000949,0.045761,0.060643,-0.187901,-0.421078,
1625008169.000000,256897688.000000,0.231738,-0.495233,-0.019674,0.016793,0.018545,-0.846471,0.531846,0.077917,-0.000444,0.026417,0.043495,-0.299142,-0.416768,
1625008169.000000,261900663.000000,0.231505,-0.495761,-0.019656,0.016172,0.018140,-0.847031,0.530987,0.093560,0.003043,0.014193,-0.027639,-0.253094,-0.405076,
1625008169.000000,266903639.000000,0.231312,-0.496199,-0.019551,0.015681,0.017941,-0.847573,0.530143,0.093607,0.004751,0.013132,0.023672,-0.187516,-0.407100,
1625008169.000000,356958389.000000,0.224135,-0.505845,-0.019131,0.017096,0.018145,-0.857799,0.513381,0.089479,-0.006852,0.021669,-0.004400,-0.216007,-0.404961,
1625008169.000000,361961603.000000,0.223906,-0.506216,-0.019043,0.016580,0.017886,-0.858335,0.512510,0.083360,-0.004480,0.016028,0.002816,-0.269769,-0.412589,
1625008169.000000,366964579.000000,0.223700,-0.506566,-0.018997,0.015943,0.017465,-0.858876,0.511638,0.077439,-0.002129,0.009532,0.042478,-0.298268,-0.411465,
1625008169.000000,371967554.000000,0.223387,-0.507063,-0.018875,0.015494,0.017077,-0.859422,0.510747,0.099892,-0.004660,0.019837,0.052129,-0.141432,-0.429518,
1625008169.000000,376970768.000000,0.223120,-0.507509,-0.018796,0.015413,0.016924,-0.859984,0.509807,0.105044,-0.004211,0.020099,0.038200,0.003352,-0.439245,
1625008169.000000,381973743.000000,0.222843,-0.507975,-0.018720,0.015520,0.016962,-0.860539,0.508866,0.110210,-0.003746,0.020602,-0.010680,0.095105,-0.432780,
1625008169.000000,386976480.000000,0.222554,-0.508464,-0.018643,0.015682,0.017144,-0.861082,0.507935,0.115388,-0.003267,0.021524,-0.006859,0.055474,-0.429562,
1625008169.000000,391979694.000000,0.221166,-0.510289,-0.017877,0.016129,0.017433,-0.861665,0.506921,0.128514,0.002987,0.007089,0.029736,0.081913,-0.446587,
1625008169.000000,396982670.000000,0.220872,-0.510868,-0.017875,0.016400,0.017550,-0.862235,0.505939,0.132415,0.005256,0.004763,0.006410,0.133663,-0.451009,
1625008169.000000,401985645.000000,0.220573,-0.511470,-0.017891,0.016683,0.017760,-0.862794,0.504968,0.136421,0.007529,0.002363,-0.003540,0.161784,-0.445554,
1625008169.000000,447013617.000000,0.216887,-0.518406,-0.017771,0.017582,0.018127,-0.867829,0.496222,0.115653,-0.006539,0.048362,0.095792,0.014780,-0.442431,
1625008169.000000,452016830.000000,0.216650,-0.518848,-0.017728,0.017600,0.017952,-0.868380,0.495262,0.102714,-0.000706,0.030059,0.039465,-0.083395,-0.439221,
1625008169.000000,456894636.000000,0.215816,-0.521166,-0.017629,0.017657,0.017886,-0.868936,0.494287,0.105891,0.004692,0.021388,0.019749,-0.203299,-0.412747,
1625008169.000000,461897612.000000,0.215573,-0.521624,-0.017553,0.017144,0.017548,-0.869449,0.493413,0.099405,0.005478,0.018774,0.019253,-0.272198,-0.410370,
1625008169.000000,466900587.000000,0.215258,-0.522216,-0.017474,0.016628,0.017233,-0.869981,0.492503,0.113640,0.006632,0.019383,0.031629,-0.160410,-0.432926,
1625008169.000000,471903563.000000,0.214994,-0.522724,-0.017416,0.016416,0.017015,-0.870522,0.491562,0.113534,0.007554,0.017387,0.045825,-0.117725,-0.428729,
1625008169.000000,476906776.000000,0.214734,-0.523233,-0.017360,0.016191,0.016813,-0.871049,0.490642,0.113463,0.008473,0.015966,0.023350,-0.069294,-0.423251,
1625008169.000000,481909513.000000,0.214445,-0.523830,-0.017318,0.016161,0.016787,-0.871576,0.489706,0.126036,0.011814,0.013861,0.005162,0.025831,-0.438197,
1625008169.000000,486912251.000000,0.214164,-0.524415,-0.017283,0.016262,0.016851,-0.872117,0.488736,0.130952,0.013748,0.012306,0.015776,0.077442,-0.444675,
1625008169.000000,491915226.000000,0.212498,-0.525337,-0.016278,0.016452,0.017023,-0.872669,0.487738,0.156353,0.010711,0.014588,0.012735,0.102997,-0.442529,
1625008169.000000,541945457.000000,0.208234,-0.531834,-0.016587,0.017671,0.017870,-0.878140,0.477742,0.134756,0.003598,0.036059,0.085930,0.141641,-0.455395,
1625008169.000000,546949387.000000,0.207920,-0.532358,-0.016460,0.017972,0.017822,-0.878666,0.476765,0.123755,0.002851,0.037835,0.057756,0.056478,-0.428673,
1625008169.000000,551952362.000000,0.207595,-0.532882,-0.016287,0.018018,0.017734,-0.879176,0.475826,0.118720,0.001635,0.043532,0.075025,-0.059922,-0.429678,
1625008169.000000,556955576.000000,0.206018,-0.532406,-0.016078,0.018113,0.017469,-0.879702,0.474859,0.106108,-0.009847,0.048240,0.038650,-0.172331,-0.419234,
1625008169.000000,561958551.000000,0.205726,-0.532888,-0.016064,0.017626,0.017203,-0.880201,0.473962,0.105020,-0.003358,0.029910,0.008021,-0.269577,-0.409485,
1625008169.000000,566961527.000000,0.205428,-0.533317,-0.015950,0.017038,0.016853,-0.880701,0.473066,0.100475,-0.002188,0.027162,0.029748,-0.227857,-0.413813,
1625008169.000000,571964502.000000,0.205150,-0.533725,-0.015844,0.016694,0.016594,-0.881209,0.472141,0.095662,-0.001036,0.024604,0.043514,-0.119044,-0.435055,
1625008169.000000,576967478.000000,0.204805,-0.534248,-0.015740,0.016522,0.016425,-0.881733,0.471173,0.113266,0.000693,0.024958,0.018141,-0.069342,-0.435266,
1625008169.000000,581970453.000000,0.204489,-0.534736,-0.015645,0.016373,0.016353,-0.882243,0.470225,0.117732,0.002110,0.024088,0.009251,-0.064046,-0.432890,
1625008169.000000,586973667.000000,0.204164,-0.535247,-0.015555,0.016304,0.016302,-0.882766,0.469247,0.122050,0.003551,0.023237,0.013805,0.034955,-0.455336,
1625008169.000000,626997232.000000,0.198960,-0.539012,-0.016262,0.017495,0.017423,-0.886944,0.461216,0.138131,-0.000040,0.002797,-0.013177,0.005967,-0.461707,
1625008169.000000,632000446.000000,0.198564,-0.539573,-0.016275,0.017460,0.017418,-0.887476,0.460194,0.136283,-0.000169,0.004164,0.008673,-0.031027,-0.454367,
1625008169.000000,637003422.000000,0.198170,-0.540125,-0.016286,0.017471,0.017394,-0.888003,0.459177,0.134159,-0.000309,0.005194,0.053948,0.085793,-0.472256,
1625008169.000000,642006397.000000,0.197756,-0.540633,-0.016158,0.017870,0.017403,-0.888550,0.458101,0.129321,-0.006612,0.025390,0.091752,0.161292,-0.474717,
1625008169.000000,647009611.000000,0.197350,-0.541137,-0.016037,0.018231,0.017359,-0.889073,0.457072,0.126344,-0.009222,0.034711,0.098890,0.077067,-0.441527,
1625008169.000000,652013540.000000,0.196941,-0.541621,-0.015863,0.018344,0.017220,-0.889568,0.456109,0.123226,-0.011862,0.044618,0.039636,-0.045868,-0.425462,
1625008169.000000,657016277.000000,0.196818,-0.541391,-0.015439,0.018258,0.017169,-0.890062,0.455150,0.104504,-0.004884,0.015344,0.027248,-0.139166,-0.428774,
1625008169.000000,662019491.000000,0.196503,-0.541790,-0.015400,0.017882,0.016900,-0.890557,0.454206,0.098066,-0.003702,0.010723,0.037300,-0.224778,-0.420327,
1625008169.000000,667022467.000000,0.196211,-0.542166,-0.015381,0.017319,0.016550,-0.891039,0.453293,0.091648,-0.002553,0.006212,0.029660,-0.287461,-0.409583,
1625008169.000000,672025442.000000,0.195793,-0.542705,-0.015309,0.016783,0.016223,-0.891525,0.452371,0.110821,-0.002505,0.010708,0.028638,-0.165104,-0.434007,
1625008169.000000,762080431.000000,0.186475,-0.551239,-0.014069,0.018219,0.016594,-0.900576,0.434000,0.089934,-0.003723,0.026149,0.045680,-0.248066,-0.435260,
1625008169.000000,767082453.000000,0.186107,-0.551675,-0.014038,0.017716,0.016296,-0.901064,0.433017,0.097130,-0.002955,0.018361,0.014651,-0.194112,-0.438567,
1625008169.000000,772086382.000000,0.185796,-0.552045,-0.013974,0.017338,0.016112,-0.901543,0.432042,0.094574,-0.002252,0.016259,0.016645,-0.151269,-0.434187,
1625008169.000000,777089357.000000,0.185495,-0.552405,-0.013920,0.017079,0.015936,-0.902024,0.431054,0.091786,-0.001563,0.013956,0.039163,-0.064997,-0.449081,
1625008169.000000,782092571.000000,0.185131,-0.552855,-0.013876,0.017042,0.015856,-0.902515,0.430029,0.106792,-0.000076,0.012811,0.013765,-0.010237,-0.452424,
1625008169.000000,787095547.000000,0.184787,-0.553282,-0.013838,0.017023,0.015857,-0.902998,0.429014,0.111291,0.000969,0.011617,0.016528,0.016722,-0.449088,
1625008169.000000,792098284.000000,0.182735,-0.554179,-0.013106,0.017203,0.016125,-0.903510,0.427918,0.145173,-0.002647,0.012376,-0.003257,0.071007,-0.453407,
1625008169.000000,797101259.000000,0.182312,-0.554722,-0.013066,0.017428,0.016289,-0.903989,0.426889,0.144342,0.001946,0.011769,0.006798,0.165147,-0.451300,
1625008169.000000,802104473.000000,0.181855,-0.555298,-0.013056,0.017829,0.016467,-0.904458,0.425872,0.147460,0.004225,0.009456,-0.000021,0.157341,-0.439579,
1625008169.000000,807107449.000000,0.181400,-0.555886,-0.013054,0.018059,0.016653,-0.904923,0.424866,0.150212,0.006511,0.007341,-0.022871,0.089938,-0.455410,
1625008169.000000,857137442.000000,0.174894,-0.559500,-0.013145,0.019201,0.016796,-0.909712,0.414456,0.111364,-0.019998,0.052012,0.035906,-0.205195,-0.408600,
1625008169.000000,862140656.000000,0.174622,-0.559825,-0.013192,0.018613,0.016494,-0.910150,0.413532,0.095469,-0.010585,0.026870,0.025866,-0.280983,-0.415018,
1625008169.000000,867143631.000000,0.174281,-0.560144,-0.013090,0.018022,0.016189,-0.910600,0.412578,0.088016,-0.009113,0.022731,0.001883,-0.242302,-0.432108,
1625008169.000000,872147560.000000,0.173970,-0.560439,-0.013014,0.017508,0.015961,-0.911058,0.411596,0.080730,-0.007668,0.017823,0.044835,-0.202015,-0.432184,
1625008169.000000,877149582.000000,0.173535,-0.560865,-0.012943,0.017173,0.015687,-0.911513,0.410614,0.104044,-0.007732,0.017320,0.017179,-0.113264,-0.439499,
1625008169.000000,882152557.000000,0.173155,-0.561243,-0.012878,0.017075,0.015683,-0.911974,0.409593,0.108766,-0.006852,0.016407,0.013827,0.059402,-0.456625,
1625008169.000000,887155533.000000,0.171371,-0.562713,-0.011326,0.017415,0.016039,-0.912473,0.408450,0.138351,-0.003794,0.034433,0.029377,0.124803,-0.453560,
1625008169.000000,892159700.000000,0.170917,-0.563260,-0.011307,0.017691,0.016157,-0.912925,0.407424,0.143458,0.001742,0.022308,-0.009123,0.130566,-0.440699,
1625008169.000000,897162437.000000,0.170436,-0.563814,-0.011228,0.017963,0.016352,-0.913365,0.406416,0.148113,0.004137,0.020114,-0.010431,0.128684,-0.441728,
1625008169.000000,902165174.000000,0.169949,-0.564393,-0.011162,0.018218,0.016511,-0.913813,0.405392,0.152670,0.006570,0.017912,-0.012225,0.121084,-0.450302,
1625008169.000000,942189455.000000,0.165763,-0.568106,-0.012204,0.018764,0.016936,-0.917511,0.396908,0.126963,-0.007555,0.049616,0.072563,0.109244,-0.463230,
1625008169.000000,947192430.000000,0.165296,-0.568546,-0.011956,0.019014,0.016838,-0.917961,0.395858,0.124679,-0.009610,0.059633,0.091008,0.086831,-0.448180,
1625008169.000000,952195644.000000,0.164931,-0.568936,-0.011880,0.019258,0.016769,-0.918399,0.394831,0.109907,-0.003863,0.038848,0.048404,0.043324,-0.438650,
1625008169.000000,957198381.000000,0.163838,-0.568649,-0.011970,0.019392,0.016765,-0.918828,0.393826,0.103018,-0.005794,0.022898,0.032991,-0.155824,-0.416337,
1625008169.000000,962258577.000000,0.163473,-0.568992,-0.011890,0.018849,0.016471,-0.919241,0.392899,0.096431,-0.004855,0.018617,0.018588,-0.299660,-0.401326,
1625008169.000000,967261553.000000,0.163003,-0.569444,-0.011777,0.018181,0.016186,-0.919658,0.391966,0.110475,-0.004436,0.022530,0.018156,-0.241360,-0.428956,
1625008169.000000,972264528.000000,0.162609,-0.569824,-0.011699,0.017780,0.015965,-0.920097,0.390961,0.109944,-0.003654,0.020925,0.031263,-0.122200,-0.438833,
1625008169.000000,977268457.000000,0.162214,-0.570211,-0.011620,0.017592,0.015837,-0.920522,0.389974,0.109931,-0.002860,0.019797,0.023699,-0.062804,-0.422668,
1625008169.000000,982270479.000000,0.161817,-0.570605,-0.011547,0.017509,0.015769,-0.920938,0.388997,0.110296,-0.002060,0.018753,0.020485,-0.003794,-0.432187,
1625008169.000000,987273693.000000,0.161355,-0.571100,-0.011507,0.017583,0.015780,-0.921367,0.387976,0.124439,0.001360,0.015125,0.012018,0.064185,-0.449358,
1625008170.000000,37304640.000000,0.153533,-0.574756,-0.010342,0.018993,0.016984,-0.925655,0.377509,0.130948,-0.010229,0.042981,0.071699,0.058845,-0.463050,
1625008170.000000,42307615.000000,0.153021,-0.575185,-0.010141,0.019239,0.016911,-0.926097,0.376415,0.129307,-0.011662,0.050751,0.083107,0.095284,-0.464353,
1625008170.000000,47310591.000000,0.152558,-0.575566,-0.009968,0.019452,0.016816,-0.926523,0.375359,0.119639,-0.011708,0.048816,0.062030,0.020183,-0.443928,
1625008170.000000,52313566.000000,0.152089,-0.575941,-0.009742,0.019414,0.016681,-0.926935,0.374347,0.114556,-0.012646,0.053259,0.062709,-0.070311,-0.426927,
1625008170.000000,57316303.000000,0.150634,-0.576299,-0.010696,0.019336,0.016503,-0.927326,0.373390,0.104910,-0.017454,0.040461,0.041739,-0.090240,-0.424741,
1625008170.000000,62319517.000000,0.150211,-0.576682,-0.010721,0.019034,0.016344,-0.927724,0.372423,0.105113,-0.010042,0.020648,0.012709,-0.204046,-0.406785,
1625008170.000000,67322493.000000,0.149794,-0.577018,-0.010654,0.018464,0.016109,-0.928107,0.371506,0.101615,-0.008298,0.016453,0.013831,-0.227473,-0.401229,
1625008170.000000,72325468.000000,0.149407,-0.577337,-0.010608,0.018041,0.015905,-0.928499,0.370556,0.097516,-0.006563,0.011956,0.034067,-0.149302,-0.423710,
1625008170.000000,77328682.000000,0.148933,-0.577737,-0.010534,0.017834,0.015739,-0.928901,0.369563,0.113257,-0.005934,0.015742,0.040594,-0.027909,-0.425961,
1625008170.000000,82331419.000000,0.148494,-0.578117,-0.010480,0.017829,0.015709,-0.929290,0.368585,0.117189,-0.004613,0.014534,-0.012577,-0.024823,-0.417300,
1625008170.000000,127359629.000000,0.142757,-0.580450,-0.010431,0.019102,0.016980,-0.932890,0.359253,0.131728,-0.002615,0.003265,-0.034066,0.042631,-0.439659,
1625008170.000000,132362604.000000,0.142263,-0.580880,-0.010441,0.019137,0.017084,-0.933283,0.358225,0.130352,-0.002526,0.004544,0.008076,0.024436,-0.441807,
1625008170.000000,137365818.000000,0.141773,-0.581305,-0.010442,0.019177,0.017028,-0.933685,0.357176,0.128814,-0.002444,0.005835,0.051187,-0.009313,-0.457747,
1625008170.000000,142368555.000000,0.141268,-0.581686,-0.010260,0.019234,0.016920,-0.934101,0.356088,0.124745,-0.008533,0.032020,0.072205,0.065277,-0.466382,
1625008170.000000,147371531.000000,0.140771,-0.582068,-0.010101,0.019548,0.016857,-0.934511,0.354998,0.122254,-0.010915,0.042728,0.078766,0.128715,-0.457815,
1625008170.000000,152374744.000000,0.140271,-0.582436,-0.009891,0.019811,0.016780,-0.934905,0.353948,0.119942,-0.013310,0.053421,0.079666,0.032215,-0.429100,
1625008170.000000,157377720.000000,0.138820,-0.581603,-0.009424,0.019935,0.016586,-0.935268,0.352989,0.104807,-0.018242,0.037677,0.027741,-0.108998,-0.407621,
1625008170.000000,162380695.000000,0.138371,-0.581885,-0.009242,0.019584,0.016444,-0.935638,0.352035,0.099175,-0.016930,0.035745,0.019775,-0.172659,-0.416154,
1625008170.000000,167383671.000000,0.137947,-0.582153,-0.009078,0.019173,0.016241,-0.936017,0.351057,0.093583,-0.015635,0.033382,0.021363,-0.180960,-0.419483,
1625008170.000000,172386646.000000,0.137457,-0.582476,-0.008893,0.018734,0.016066,-0.936390,0.350094,0.104289,-0.015238,0.036708,0.013592,-0.195669,-0.407712,
1625008170.000000,217414618.000000,0.132800,-0.584011,-0.008931,0.019333,0.016562,-0.939742,0.340934,0.110507,-0.005696,-0.006602,-0.017128,0.061184,-0.466143,
1625008170.000000,222417593.000000,0.130432,-0.585079,-0.008450,0.019391,0.016694,-0.940109,0.339913,0.133062,-0.008162,0.005637,-0.031199,0.058998,-0.464179,
1625008170.000000,227420568.000000,0.129894,-0.585476,-0.008457,0.019425,0.016824,-0.940491,0.338844,0.133099,-0.007399,0.004571,-0.037471,0.018295,-0.446981,
1625008170.000000,232423544.000000,0.129361,-0.585872,-0.008470,0.019448,0.016950,-0.940867,0.337794,0.132955,-0.006640,0.003350,-0.022700,0.057352,-0.450150,
1625008170.000000,237426519.000000,0.128817,-0.586197,-0.008218,0.019627,0.017028,-0.941245,0.336723,0.127627,-0.012963,0.029881,0.043318,0.093789,-0.453445,
1625008170.000000,242429733.000000,0.128278,-0.586553,-0.008085,0.019883,0.016962,-0.941625,0.335648,0.126063,-0.014362,0.036584,0.084099,0.087277,-0.454446,
1625008170.000000,247432709.000000,0.127739,-0.586899,-0.007913,0.020119,0.016850,-0.942006,0.334569,0.124527,-0.015758,0.043807,0.083928,0.067153,-0.453428,
1625008170.000000,252435446.000000,0.127263,-0.587197,-0.007755,0.020318,0.016752,-0.942381,0.333503,0.113014,-0.015546,0.043734,0.060552,0.072291,-0.444888,
1625008170.000000,257438421.000000,0.125886,-0.586136,-0.008034,0.020556,0.016722,-0.942728,0.332508,0.102221,-0.025362,0.045779,0.033796,-0.085715,-0.425674,
1625008170.000000,262441635.000000,0.125413,-0.586356,-0.007821,0.020155,0.016513,-0.943085,0.331530,0.096585,-0.026217,0.048890,0.048545,-0.224705,-0.410708,
1625008170.000000,362502337.000000,0.112795,-0.592327,-0.007199,0.020372,0.016287,-0.950022,0.311093,0.099155,-0.019652,0.029516,0.037197,-0.124509,-0.415971,
1625008170.000000,367505550.000000,0.112348,-0.592538,-0.007079,0.019927,0.016135,-0.950347,0.310134,0.092511,-0.018700,0.025641,-0.003629,-0.258688,-0.397800,
1625008170.000000,372508526.000000,0.111937,-0.592728,-0.006987,0.019317,0.015940,-0.950672,0.309184,0.085354,-0.017776,0.020729,0.035666,-0.176249,-0.418975,
1625008170.000000,377511501.000000,0.111446,-0.592981,-0.006900,0.019083,0.015771,-0.951010,0.308168,0.097621,-0.016742,0.019775,0.028807,-0.094996,-0.424630,
1625008170.000000,382514715.000000,0.110999,-0.593206,-0.006828,0.018878,0.015687,-0.951334,0.307182,0.098619,-0.015764,0.017621,0.023897,-0.040136,-0.410540,
1625008170.000000,387517691.000000,0.109575,-0.592391,-0.006144,0.019078,0.015767,-0.951642,0.306212,0.116560,-0.019403,0.026668,0.008479,-0.030741,-0.414738,
1625008170.000000,392520428.000000,0.109023,-0.592709,-0.006050,0.019015,0.015754,-0.951966,0.305205,0.123696,-0.015449,0.025357,0.028115,0.018152,-0.432863,
1625008170.000000,397523642.000000,0.108475,-0.593018,-0.005976,0.019174,0.015744,-0.952297,0.304164,0.127120,-0.013406,0.023113,0.007571,0.088799,-0.430857,
1625008170.000000,402526617.000000,0.107914,-0.593345,-0.005912,0.019365,0.015867,-0.952615,0.303148,0.130664,-0.011373,0.021029,-0.014459,0.088612,-0.423247,
1625008170.000000,407529593.000000,0.107359,-0.593665,-0.005868,0.019564,0.015972,-0.952934,0.302125,0.130242,-0.010573,0.016380,-0.005518,0.106400,-0.434978,
1625008170.000000,452557564.000000,0.100530,-0.594564,-0.006390,0.021045,0.016388,-0.955845,0.292658,0.122735,-0.030815,0.051592,0.095732,0.169956,-0.449960,
1625008170.000000,457560778.000000,0.100063,-0.594733,-0.006206,0.021303,0.016272,-0.956157,0.291626,0.107828,-0.028955,0.052163,0.078493,0.001910,-0.411351,
1625008170.000000,462483168.000000,0.099534,-0.594916,-0.005964,0.021158,0.016118,-0.956458,0.290655,0.103155,-0.029656,0.056875,0.011685,-0.128647,-0.404945,
1625008170.000000,467486143.000000,0.099023,-0.595081,-0.005711,0.020706,0.016016,-0.956765,0.289683,0.098265,-0.030398,0.060504,0.018430,-0.238523,-0.414607,
1625008170.000000,472489119.000000,0.098543,-0.595256,-0.005640,0.020038,0.015762,-0.957079,0.288704,0.095678,-0.026122,0.035513,0.016091,-0.311878,-0.406168,
1625008170.000000,477492094.000000,0.098077,-0.595414,-0.005502,0.019351,0.015557,-0.957388,0.287735,0.092043,-0.024881,0.029458,0.026019,-0.213716,-0.425094,
1625008170.000000,482495070.000000,0.097630,-0.595565,-0.005389,0.019079,0.015393,-0.957709,0.286694,0.088548,-0.023635,0.023671,0.041505,-0.027766,-0.435017,
1625008170.000000,487498045.000000,0.096352,-0.594400,-0.005180,0.019151,0.015535,-0.958001,0.285703,0.114429,-0.025867,0.022858,0.014760,0.039455,-0.421985,
1625008170.000000,492501259.000000,0.095790,-0.594621,-0.005087,0.019241,0.015566,-0.958298,0.284697,0.119764,-0.024407,0.022306,0.014439,0.055743,-0.419788,
1625008170.000000,497504234.000000,0.095210,-0.594860,-0.004998,0.019408,0.015610,-0.958596,0.283680,0.125044,-0.022926,0.021800,-0.007500,0.085631,-0.425175,
1625008170.000000,542532206.000000,0.088741,-0.598545,-0.006419,0.020526,0.016317,-0.961300,0.274253,0.125905,-0.010140,0.006448,0.031747,0.025438,-0.439922,
1625008170.000000,547535181.000000,0.088159,-0.598788,-0.006227,0.020658,0.016231,-0.961606,0.273174,0.122462,-0.017780,0.033474,0.082858,0.100977,-0.451732,
1625008170.000000,552538395.000000,0.087586,-0.599033,-0.006059,0.021043,0.016117,-0.961913,0.272068,0.120095,-0.020858,0.044575,0.104211,0.144333,-0.458120,
1625008170.000000,557541370.000000,0.086006,-0.599128,-0.005955,0.021442,0.016024,-0.962184,0.271081,0.125383,-0.026045,0.058510,0.087200,0.065667,-0.437878,
1625008170.000000,562544107.000000,0.085393,-0.599348,-0.005665,0.021442,0.015894,-0.962475,0.270055,0.123492,-0.029131,0.069721,0.029642,-0.099505,-0.416409,
1625008170.000000,567547321.000000,0.085040,-0.599578,-0.005845,0.021025,0.015758,-0.962764,0.269065,0.103260,-0.015301,0.027643,0.025032,-0.216598,-0.412194,
1625008170.000000,572550297.000000,0.084573,-0.599777,-0.005753,0.020455,0.015569,-0.963053,0.268082,0.096053,-0.013555,0.022117,-0.002078,-0.252301,-0.410094,
1625008170.000000,577553272.000000,0.084142,-0.599962,-0.005696,0.019843,0.015431,-0.963340,0.267102,0.088757,-0.011843,0.015820,0.031225,-0.224923,-0.413254,
1625008170.000000,582556486.000000,0.083587,-0.600205,-0.005617,0.019442,0.015202,-0.963630,0.266098,0.105502,-0.013329,0.017713,0.050228,-0.116838,-0.423934,
1625008170.000000,587559223.000000,0.083093,-0.600425,-0.005557,0.019342,0.015112,-0.963917,0.265070,0.107735,-0.012866,0.016088,0.028349,0.031570,-0.427158,
1625008170.000000,637590170.000000,0.077098,-0.604372,-0.005375,0.020782,0.016086,-0.966725,0.254465,0.124398,0.014342,0.000040,-0.032310,-0.044262,-0.434537,
1625008170.000000,642591953.000000,0.076541,-0.604720,-0.005234,0.020710,0.016113,-0.967003,0.253411,0.126452,0.007956,0.023191,0.029399,0.058441,-0.448181,
1625008170.000000,647596121.000000,0.076004,-0.605064,-0.005125,0.020993,0.016064,-0.967287,0.252302,0.125454,0.005677,0.031532,0.074475,0.100301,-0.450621,
1625008170.000000,652599096.000000,0.075464,-0.605395,-0.004977,0.021205,0.015935,-0.967568,0.251216,0.124416,0.003394,0.039954,0.092360,0.071577,-0.448229,
1625008170.000000,657602310.000000,0.073980,-0.604862,-0.005917,0.021414,0.015748,-0.967825,0.250216,0.115201,-0.000545,0.038172,0.075500,0.065602,-0.440900,
1625008170.000000,662605286.000000,0.073477,-0.605142,-0.005744,0.021505,0.015634,-0.968097,0.249162,0.109790,-0.000782,0.041207,0.061348,-0.029474,-0.428013,
1625008170.000000,667608261.000000,0.072996,-0.605408,-0.005548,0.021270,0.015470,-0.968365,0.248150,0.104559,-0.001047,0.044497,0.024409,-0.174924,-0.403617,
1625008170.000000,672610998.000000,0.072501,-0.605720,-0.005439,0.020757,0.015335,-0.968624,0.247189,0.108141,0.003952,0.032697,0.016481,-0.215540,-0.406580,
1625008170.000000,677614212.000000,0.072037,-0.606004,-0.005309,0.020298,0.015171,-0.968891,0.246185,0.106012,0.005768,0.029180,0.030721,-0.158038,-0.420666,
1625008170.000000,682617188.000000,0.071587,-0.606289,-0.005198,0.019952,0.015044,-0.969158,0.245169,0.103908,0.007570,0.025806,0.017840,-0.142873,-0.421648,
1625008170.000000,722641468.000000,0.065891,-0.606654,-0.005137,0.020622,0.015285,-0.971221,0.236794,0.136822,0.016192,-0.004955,-0.026120,0.048596,-0.447194,
1625008170.000000,727644205.000000,0.065319,-0.607046,-0.005207,0.020707,0.015381,-0.971482,0.235706,0.138657,0.018870,-0.008527,-0.017305,0.065206,-0.454504,
1625008170.000000,732648373.000000,0.064746,-0.607452,-0.005296,0.020853,0.015489,-0.971746,0.234594,0.140463,0.021561,-0.012118,-0.015277,0.056268,-0.450446,
1625008170.000000,737651348.000000,0.064279,-0.607587,-0.004961,0.020861,0.015567,-0.972003,0.233521,0.124950,0.009039,0.014266,-0.029007,-0.031876,-0.436437,
1625008170.000000,742653370.000000,0.063742,-0.607912,-0.004885,0.020731,0.015610,-0.972259,0.232463,0.123279,0.008445,0.018570,0.012152,-0.020771,-0.437524,
1625008170.000000,747657061.000000,0.063214,-0.608227,-0.004802,0.020808,0.015533,-0.972517,0.231380,0.121326,0.007847,0.022246,0.073285,0.075028,-0.452426,
1625008170.000000,752660036.000000,0.062701,-0.608494,-0.004603,0.021094,0.015414,-0.972778,0.230261,0.115169,0.002498,0.041184,0.088146,0.121813,-0.455731,
1625008170.000000,757663012.000000,0.061006,-0.607210,-0.005096,0.021367,0.015155,-0.973036,0.229162,0.110754,-0.015427,0.051250,0.086897,0.046682,-0.432313,
1625008170.000000,762665987.000000,0.060472,-0.607388,-0.004843,0.021417,0.014995,-0.973281,0.228122,0.107633,-0.017971,0.059631,0.057270,-0.005882,-0.425748,
1625008170.000000,767669201.000000,0.060081,-0.607598,-0.004878,0.021292,0.014896,-0.973528,0.227088,0.094592,-0.007632,0.029499,0.026121,-0.145795,-0.417433,
