1624910603.109356,0.000000,0.566668,-0.497431,0.196909,
1624910603.113519,0.000000,0.566669,-0.497435,0.196917,
1624910603.117692,0.000000,0.566660,-0.497437,0.196917,
1624910603.121850,0.000000,0.566669,-0.497440,0.196921,
1624910603.126025,0.000000,0.566670,-0.497432,0.196908,
1624910603.130220,0.000000,0.566662,-0.497447,0.196938,
1624910613.847014,0.000000,0.566675,-0.497451,0.196927,
1624910613.851088,0.000000,0.566666,-0.497446,0.196914,
1624910613.855270,0.000000,0.566669,-0.497450,0.196922,
1624910613.859435,0.000000,0.566673,-0.497447,0.196924,
1624910613.863594,0.000000,0.566666,-0.497449,0.196932,
1624910613.867770,0.000000,0.566675,-0.497429,0.196924,
1624910613.871948,0.000000,0.566679,-0.497444,0.196935,
1624910613.876109,0.000000,0.566668,-0.497451,0.196927,
1624910613.880270,0.000000,0.566664,-0.497451,0.196931,
1624910613.884444,0.000000,0.566679,-0.497462,0.196935,
1624910613.888592,0.000000,0.566671,-0.497434,0.196913,
1624910613.951095,0.000000,0.567920,-0.497771,0.196996,
1624910613.955263,0.000000,0.568315,-0.497857,0.196993,
1624910613.959424,0.000000,0.568735,-0.497897,0.196960,
1624910613.963598,0.000000,0.569170,-0.497941,0.196870,
1624910613.967768,0.000000,0.569719,-0.498035,0.196875,
1624910613.971961,0.000000,0.570283,-0.498071,0.196856,
1624910613.976104,0.000000,0.570835,-0.498133,0.196834,
1624910613.980368,0.000000,0.571388,-0.498167,0.196776,
1624910613.984442,0.000000,0.571994,-0.498244,0.196764,
1624910613.988586,0.000000,0.572615,-0.498268,0.196646,
1624910614.051094,0.000000,0.580513,-0.499568,0.196811,
1624910614.055274,0.000000,0.581049,-0.499719,0.196845,
1624910614.059440,0.000000,0.581540,-0.499824,0.196794,
1624910614.063602,0.000000,0.582112,-0.499931,0.196853,
1624910614.067759,0.000000,0.582637,-0.500028,0.196825,
1624910614.071934,0.000000,0.583162,-0.500078,0.196751,
1624910614.076134,0.000000,0.583755,-0.500209,0.196759,
1624910614.080273,0.000000,0.584333,-0.500307,0.196728,
1624910614.084430,0.000000,0.584891,-0.500362,0.196644,
1624910614.088599,0.000000,0.585483,-0.500439,0.196587,
1624910614.151087,0.000000,0.593971,-0.502166,0.196590,
1624910614.155253,0.000000,0.594496,-0.502326,0.196628,
1624910614.159418,0.000000,0.595039,-0.502479,0.196708,
1624910614.163587,0.000000,0.595536,-0.502633,0.196714,
1624910614.167762,0.000000,0.596081,-0.502792,0.196730,
1624910614.171930,0.000000,0.596625,-0.502934,0.196709,
1624910614.176088,0.000000,0.597203,-0.503061,0.196642,
1624910614.180265,0.000000,0.597777,-0.503194,0.196626,
1624910614.184454,0.000000,0.598372,-0.503297,0.196581,
1624910614.188579,0.000000,0.598971,-0.503403,0.196550,
1624910614.251076,0.000000,0.607189,-0.505423,0.196422,
1624910614.255255,0.000000,0.607707,-0.505613,0.196500,
1624910614.259412,0.000000,0.608203,-0.505781,0.196532,
1624910614.263571,0.000000,0.608694,-0.505943,0.196468,
1624910614.267748,0.000000,0.609248,-0.506102,0.196478,
1624910614.271950,0.000000,0.609807,-0.506264,0.196437,
1624910614.276103,0.000000,0.610357,-0.506403,0.196410,
1624910614.280255,0.000000,0.610910,-0.506552,0.196383,
1624910614.284420,0.000000,0.611500,-0.506710,0.196391,
1624910614.288574,0.000000,0.612083,-0.506850,0.196378,
1624910614.351117,0.000000,0.620142,-0.509243,0.196328,
1624910614.355285,0.000000,0.620597,-0.509418,0.196309,
1624910614.359442,0.000000,0.621121,-0.509605,0.196359,
1624910614.363617,0.000000,0.621637,-0.509782,0.196407,
1624910614.367783,0.000000,0.622143,-0.509969,0.196399,
1624910614.371968,0.000000,0.622646,-0.510146,0.196410,
1624910614.376118,0.000000,0.623160,-0.510281,0.196313,
1624910614.380372,0.000000,0.623702,-0.510422,0.196263,
1624910614.384445,0.000000,0.624317,-0.510601,0.196305,
1624910614.388611,0.000000,0.624894,-0.510757,0.196273,
1624910614.451111,0.000000,0.632929,-0.513495,0.196253,
1624910614.455284,0.000000,0.633371,-0.513762,0.196297,
1624910614.459458,0.000000,0.633823,-0.513975,0.196343,
1624910614.463613,0.000000,0.634294,-0.514177,0.196357,
1624910614.467793,0.000000,0.634815,-0.514406,0.196377,
1624910614.471943,0.000000,0.635332,-0.514604,0.196326,
1624910614.476112,0.000000,0.635823,-0.514792,0.196323,
1624910614.480288,0.000000,0.636364,-0.515014,0.196323,
1624910614.484447,0.000000,0.636982,-0.515169,0.196291,
1624910614.488613,0.000000,0.637508,-0.515391,0.196285,
1624910614.551116,0.000000,0.645522,-0.518624,0.196240,
1624910614.555270,0.000000,0.646028,-0.518851,0.196302,
1624910614.559439,0.000000,0.646482,-0.519088,0.196294,
1624910614.563612,0.000000,0.646985,-0.519340,0.196327,
1624910614.567791,0.000000,0.647406,-0.519489,0.196271,
1624910614.571957,0.000000,0.647910,-0.519747,0.196287,
1624910614.576108,0.000000,0.648446,-0.519980,0.196309,
1624910614.580272,0.000000,0.648970,-0.520217,0.196312,
1624910614.584451,0.000000,0.649505,-0.520432,0.196265,
1624910614.588612,0.000000,0.650055,-0.520655,0.196194,
1624910614.651090,0.000000,0.658066,-0.524140,0.196181,
1624910614.655258,0.000000,0.658507,-0.524406,0.196194,
1624910614.659417,0.000000,0.658960,-0.524744,0.196243,
1624910614.663571,0.000000,0.659400,-0.525011,0.196242,
1624910614.667782,0.000000,0.659882,-0.525241,0.196301,
1624910614.671929,0.000000,0.660382,-0.525496,0.196308,
1624910614.676087,0.000000,0.660903,-0.525753,0.196306,
1624910614.680258,0.000000,0.661444,-0.525992,0.196284,
1624910614.684441,0.000000,0.661977,-0.526151,0.196230,
1624910614.688568,0.000000,0.662500,-0.526375,0.196163,
1624910614.751134,0.000000,0.670414,-0.530462,0.196140,
1624910614.755287,0.000000,0.670855,-0.530725,0.196172,
1624910614.759450,0.000000,0.671294,-0.530983,0.196186,
1624910614.763613,0.000000,0.671734,-0.531268,0.196235,
1624910614.767783,0.000000,0.672236,-0.531524,0.196219,
1624910614.771947,0.000000,0.672703,-0.531806,0.196233,
1624910614.776110,0.000000,0.673232,-0.532096,0.196236,
1624910614.780380,0.000000,0.673746,-0.532381,0.196228,
1624910614.784451,0.000000,0.674251,-0.532639,0.196197,
1624910614.788678,0.000000,0.674780,-0.532906,0.196155,
1624910614.851113,0.000000,0.682431,-0.537215,0.196076,
1624910614.855300,0.000000,0.682805,-0.537497,0.196097,
1624910614.859450,0.000000,0.683208,-0.537814,0.196171,
1624910614.863609,0.000000,0.683681,-0.537999,0.196150,
1624910614.867790,0.000000,0.684114,-0.538319,0.196199,
1624910614.871990,0.000000,0.684632,-0.538595,0.196164,
1624910614.876116,0.000000,0.685170,-0.538976,0.196172,
1624910614.880285,0.000000,0.685679,-0.539251,0.196103,
1624910614.884444,0.000000,0.686209,-0.539548,0.196071,
1624910614.888614,0.000000,0.686713,-0.539857,0.196096,
1624910614.951117,0.000000,0.694318,-0.544506,0.196005,
1624910614.955283,0.000000,0.694783,-0.544816,0.196017,
1624910614.959450,0.000000,0.695188,-0.545120,0.195984,
1624910614.963612,0.000000,0.695623,-0.545467,0.196015,
1624910614.967783,0.000000,0.696069,-0.545770,0.196036,
1624910614.971949,0.000000,0.696500,-0.546105,0.196054,
1624910614.976114,0.000000,0.696964,-0.546432,0.196042,
1624910614.980287,0.000000,0.697469,-0.546778,0.196080,
1624910614.984452,0.000000,0.697931,-0.547094,0.196053,
1624910614.988649,0.000000,0.698487,-0.547323,0.195937,
1624910615.051079,0.000000,0.705778,-0.552336,0.195922,
1624910615.055248,0.000000,0.706161,-0.552655,0.195951,
1624910615.059415,0.000000,0.706595,-0.552950,0.195946,
1624910615.063575,0.000000,0.706996,-0.553284,0.196007,
1624910615.067752,0.000000,0.707414,-0.553629,0.196007,
1624910615.071939,0.000000,0.707877,-0.554006,0.196037,
1624910615.076082,0.000000,0.708363,-0.554324,0.195974,
1624910615.080248,0.000000,0.708905,-0.554629,0.195894,
1624910615.084403,0.000000,0.709356,-0.554962,0.195851,
1624910615.088570,0.000000,0.709867,-0.555319,0.195845,
1624910615.151086,0.000000,0.716755,-0.560578,0.195898,
1624910615.155234,0.000000,0.717166,-0.560933,0.195871,
1624910615.159406,0.000000,0.717555,-0.561285,0.195922,
1624910615.163571,0.000000,0.717954,-0.561630,0.195947,
1624910615.167753,0.000000,0.718404,-0.561966,0.195942,
1624910615.171918,0.000000,0.718817,-0.562323,0.195962,
1624910615.176081,0.000000,0.719242,-0.562688,0.195974,
1624910615.180332,0.000000,0.719708,-0.563030,0.195929,
1624910615.184404,0.000000,0.720160,-0.563409,0.195893,
1624910615.188609,0.000000,0.720658,-0.563752,0.195821,
1624910615.251105,0.000000,0.727484,-0.569336,0.195736,
1624910615.255282,0.000000,0.727898,-0.569718,0.195788,
1624910615.259449,0.000000,0.728308,-0.570073,0.195798,
1624910615.263615,0.000000,0.728688,-0.570439,0.195831,
1624910615.267773,0.000000,0.729075,-0.570787,0.195798,
1624910615.271944,0.000000,0.729473,-0.571163,0.195845,
1624910615.276114,0.000000,0.729860,-0.571542,0.195841,
1624910615.280282,0.000000,0.730305,-0.571915,0.195816,
1624910615.284453,0.000000,0.730759,-0.572272,0.195789,
1624910615.288613,0.000000,0.731212,-0.572694,0.195752,
1624910615.351103,0.000000,0.737645,-0.578355,0.195514,
1624910615.355270,0.000000,0.737985,-0.578745,0.195582,
1624910615.359428,0.000000,0.738331,-0.579105,0.195625,
1624910615.363601,0.000000,0.738680,-0.579486,0.195661,
1624910615.367810,0.000000,0.739035,-0.579860,0.195663,
1624910615.371938,0.000000,0.739409,-0.580243,0.195692,
1624910615.376099,0.000000,0.739817,-0.580641,0.195715,
1624910615.380273,0.000000,0.740232,-0.581049,0.195727,
1624910615.384431,0.000000,0.740666,-0.581462,0.195715,
1624910615.388596,0.000000,0.741120,-0.581838,0.195695,
1624910615.451111,0.000000,0.747301,-0.587802,0.195441,
1624910615.455227,0.000000,0.747652,-0.588209,0.195478,
1624910615.459414,0.000000,0.747996,-0.588627,0.195497,
1624910615.463577,0.000000,0.748350,-0.589044,0.195532,
1624910615.467751,0.000000,0.748686,-0.589454,0.195605,
1624910615.471913,0.000000,0.749050,-0.589858,0.195573,
1624910615.476081,0.000000,0.749426,-0.590273,0.195580,
1624910615.480247,0.000000,0.749850,-0.590679,0.195530,
1624910615.484519,0.000000,0.750263,-0.591113,0.195491,
1624910615.488581,0.000000,0.750672,-0.591510,0.195438,
1624910615.551077,0.000000,0.756561,-0.597814,0.195438,
1624910615.555241,0.000000,0.756875,-0.598248,0.195470,
1624910615.559446,0.000000,0.757241,-0.598629,0.195475,
1624910615.563593,0.000000,0.757574,-0.599011,0.195435,
1624910615.567768,0.000000,0.757955,-0.599453,0.195438,
1624910615.571936,0.000000,0.758298,-0.599860,0.195467,
1624910615.576099,0.000000,0.758652,-0.600242,0.195462,
1624910615.580352,0.000000,0.758981,-0.600681,0.195464,
1624910615.584435,0.000000,0.759337,-0.601119,0.195437,
1624910615.588632,0.000000,0.759736,-0.601543,0.195404,
1624910615.651111,0.000000,0.765565,-0.607999,0.195023,
1624910615.655281,0.000000,0.765847,-0.608389,0.195052,
1624910615.659433,0.000000,0.766156,-0.608818,0.195073,
1624910615.663648,0.000000,0.766400,-0.609273,0.195146,
1624910615.667773,0.000000,0.766739,-0.609664,0.195160,
1624910615.671963,0.000000,0.767073,-0.610069,0.195158,
1624910615.676139,0.000000,0.767407,-0.610500,0.195183,
1624910615.680262,0.000000,0.767790,-0.610980,0.195204,
1624910615.684431,0.000000,0.768137,-0.611449,0.195230,
1624910615.688599,0.000000,0.768480,-0.611952,0.195275,
1624910615.751101,0.000000,0.773982,-0.618802,0.195100,
1624910615.755260,0.000000,0.774269,-0.619247,0.195133,
1624910615.759420,0.000000,0.774622,-0.619680,0.195108,
1624910615.763595,0.000000,0.774874,-0.620120,0.195155,
1624910615.767781,0.000000,0.775187,-0.620573,0.195146,
1624910615.771944,0.000000,0.775486,-0.621002,0.195137,
1624910615.776116,0.000000,0.775750,-0.621434,0.195172,
1624910615.780277,0.000000,0.776028,-0.621832,0.195168,
1624910615.784443,0.000000,0.776368,-0.622263,0.195167,
1624910615.788607,0.000000,0.776668,-0.622695,0.195172,
1624910615.851113,0.000000,0.782034,-0.629864,0.194878,
1624910615.855276,0.000000,0.782282,-0.630326,0.194947,
1624910615.859435,0.000000,0.782522,-0.630746,0.194999,
1624910615.863608,0.000000,0.782781,-0.631180,0.195056,
1624910615.867768,0.000000,0.783004,-0.631615,0.195066,
1624910615.871936,0.000000,0.783259,-0.632026,0.195087,
1624910615.876102,0.000000,0.783550,-0.632458,0.195075,
1624910615.880268,0.000000,0.783884,-0.632977,0.194944,
1624910615.884435,0.000000,0.784124,-0.633467,0.195017,
1624910615.888604,0.000000,0.784454,-0.633934,0.195033,
1624910615.951106,0.000000,0.789482,-0.641248,0.194559,
1624910615.955279,0.000000,0.789651,-0.641648,0.195013,
1624910615.959431,0.000000,0.789876,-0.642076,0.195000,
1624910615.963601,0.000000,0.790168,-0.642593,0.195232,
1624910615.967782,0.000000,0.790372,-0.643016,0.195274,
1624910615.971946,0.000000,0.790676,-0.643481,0.195310,
1624910615.976098,0.000000,0.790928,-0.643970,0.195322,
1624910615.980329,0.000000,0.791247,-0.644505,0.195224,
1624910615.984423,0.000000,0.791499,-0.644974,0.195192,
1624910615.988597,0.000000,0.791707,-0.645398,0.195278,
1624910616.051097,0.000000,0.796404,-0.652869,0.194474,
1624910616.055266,0.000000,0.796630,-0.653337,0.194379,
1624910616.059433,0.000000,0.796802,-0.653781,0.194494,
1624910616.063626,0.000000,0.797011,-0.654241,0.194549,
1624910616.067765,0.000000,0.797213,-0.654731,0.194612,
1624910616.071928,0.000000,0.797450,-0.655171,0.194656,
1624910616.076086,0.000000,0.797664,-0.655600,0.194670,
1624910616.080261,0.000000,0.797907,-0.656047,0.194747,
1624910616.084429,0.000000,0.798169,-0.656540,0.194690,
1624910616.088604,0.000000,0.798390,-0.657078,0.194690,
1624910616.151086,0.000000,0.802736,-0.664725,0.194658,
1624910616.155258,0.000000,0.802946,-0.665218,0.194702,
1624910616.159422,0.000000,0.803148,-0.665707,0.194744,
1624910616.163585,0.000000,0.803354,-0.666173,0.194790,
1624910616.167773,0.000000,0.803573,-0.666637,0.194813,
1624910616.171928,0.000000,0.803786,-0.667121,0.194867,
1624910616.176090,0.000000,0.803972,-0.667630,0.194922,
1624910616.180253,0.000000,0.804174,-0.668145,0.194936,
1624910616.184425,0.000000,0.804385,-0.668607,0.194902,
1624910616.188603,0.000000,0.804677,-0.669115,0.194856,
1624910616.205249,0.000000,0.805686,-0.671153,0.194828,
1624910616.209410,0.000000,0.805968,-0.671706,0.194775,
1624910616.213580,0.000000,0.806260,-0.672257,0.194718,
1624910616.217756,0.000000,0.806551,-0.672791,0.194625,
1624910616.221919,0.000000,0.806816,-0.673310,0.194570,
1624910616.226075,0.000000,0.807136,-0.673803,0.194544,
1624910616.230247,0.000000,0.807420,-0.674354,0.194505,
1624910616.234412,0.000000,0.807692,-0.674887,0.194462,
1624910616.238595,0.000000,0.807962,-0.675436,0.194426,
1624910616.242753,0.000000,0.808195,-0.675937,0.194487,
1624910616.351079,0.000000,0.814035,-0.689645,0.194357,
1624910616.355244,0.000000,0.814203,-0.690143,0.194418,
1624910616.359421,0.000000,0.814371,-0.690612,0.194470,
1624910616.363598,0.000000,0.814538,-0.691107,0.194519,
1624910616.367755,0.000000,0.814701,-0.691604,0.194535,
1624910616.371915,0.000000,0.814876,-0.692091,0.194552,
1624910616.376092,0.000000,0.815044,-0.692562,0.194567,
1624910616.380340,0.000000,0.815232,-0.693054,0.194587,
1624910616.384436,0.000000,0.815367,-0.693587,0.194647,
1624910616.388600,0.000000,0.815579,-0.694099,0.194621,
1624910616.451108,0.000000,0.818794,-0.702637,0.194359,
1624910616.455263,0.000000,0.818938,-0.703130,0.194524,
1624910616.459425,0.000000,0.819090,-0.703645,0.194555,
1624910616.463606,0.000000,0.819219,-0.704215,0.194491,
1624910616.467771,0.000000,0.819361,-0.704674,0.194523,
1624910616.471922,0.000000,0.819487,-0.705175,0.194551,
1624910616.476102,0.000000,0.819618,-0.705678,0.194631,
1624910616.480249,0.000000,0.819745,-0.706228,0.194681,
1624910616.484422,0.000000,0.819914,-0.706766,0.194665,
1624910616.488595,0.000000,0.820093,-0.707335,0.194602,
1624910616.551081,0.000000,0.823094,-0.715984,0.194348,
1624910616.555246,0.000000,0.823245,-0.716509,0.194372,
1624910616.559415,0.000000,0.823357,-0.717004,0.194445,
1624910616.563586,0.000000,0.823434,-0.717504,0.194542,
1624910616.567762,0.000000,0.823617,-0.717985,0.194506,
1624910616.571930,0.000000,0.823720,-0.718561,0.194477,
1624910616.576101,0.000000,0.823906,-0.719081,0.194478,
1624910616.580258,0.000000,0.823988,-0.719638,0.194544,
1624910616.584427,0.000000,0.824132,-0.720156,0.194520,
1624910616.588591,0.000000,0.824295,-0.720683,0.194516,
1624910616.651057,0.000000,0.826929,-0.729254,0.194034,
1624910616.655226,0.000000,0.827017,-0.729786,0.194119,
1624910616.659389,0.000000,0.827112,-0.730232,0.194336,
1624910616.663565,0.000000,0.827166,-0.730875,0.194178,
1624910616.667732,0.000000,0.827260,-0.731411,0.194217,
1624910616.671887,0.000000,0.827357,-0.731920,0.194249,
1624910616.676068,0.000000,0.827430,-0.732494,0.194215,
1624910616.680243,0.000000,0.827521,-0.733040,0.194237,
1624910616.684394,0.000000,0.827609,-0.733587,0.194292,
1624910616.688569,0.000000,0.827738,-0.734135,0.194269,
1624910616.751083,0.000000,0.829969,-0.742702,0.193933,
1624910616.755247,0.000000,0.830055,-0.743208,0.193978,
1624910616.759421,0.000000,0.830133,-0.743728,0.194012,
1624910616.763592,0.000000,0.830207,-0.744240,0.194041,
1624910616.767757,0.000000,0.830285,-0.744767,0.194069,
1624910616.771926,0.000000,0.830335,-0.745334,0.194057,
1624910616.776127,0.000000,0.830430,-0.745670,0.194336,
1624910616.780328,0.000000,0.830533,-0.746383,0.194111,
1624910616.784426,0.000000,0.830631,-0.746908,0.194156,
1624910616.788603,0.000000,0.830720,-0.747453,0.194145,
1624910616.851093,0.000000,0.832426,-0.755936,0.193897,
1624910616.855265,0.000000,0.832520,-0.756441,0.193888,
1624910616.859426,0.000000,0.832569,-0.756993,0.193903,
1624910616.863596,0.000000,0.832654,-0.757619,0.193861,
1624910616.867762,0.000000,0.832682,-0.758107,0.193916,
1624910616.871923,0.000000,0.832701,-0.758627,0.193956,
1624910616.876092,0.000000,0.832768,-0.759132,0.193960,
1624910616.880257,0.000000,0.832826,-0.759656,0.193940,
1624910616.884433,0.000000,0.832930,-0.760166,0.193899,
1624910616.888599,0.000000,0.833081,-0.760579,0.193903,
1624910616.951093,0.000000,0.834439,-0.769456,0.193493,
1624910616.955253,0.000000,0.834475,-0.769987,0.193587,
1624910616.959444,0.000000,0.834467,-0.770529,0.193691,
1624910616.963595,0.000000,0.834509,-0.771057,0.193734,
1624910616.967752,0.000000,0.834543,-0.771544,0.193798,
1624910616.971925,0.000000,0.834560,-0.772067,0.193832,
1624910616.976078,0.000000,0.834584,-0.772572,0.193823,
1624910616.980260,0.000000,0.834618,-0.773083,0.193813,
1624910616.984426,0.000000,0.834649,-0.773601,0.193813,
1624910616.988596,0.000000,0.834671,-0.774137,0.193832,
1624910617.051083,0.000000,0.835747,-0.782953,0.193326,
1624910617.055247,0.000000,0.835795,-0.783488,0.193327,
1624910617.059412,0.000000,0.835710,-0.784002,0.193570,
1624910617.063590,0.000000,0.835830,-0.784426,0.193636,
1624910617.067754,0.000000,0.835841,-0.784957,0.193702,
1624910617.071922,0.000000,0.835810,-0.785614,0.193530,
1624910617.076083,0.000000,0.835805,-0.786140,0.193534,
1624910617.080247,0.000000,0.835807,-0.786606,0.193572,
1624910617.084481,0.000000,0.835801,-0.787104,0.193613,
1624910617.088592,0.000000,0.835812,-0.787617,0.193622,
1624910617.151096,0.000000,0.836412,-0.796542,0.193258,
1624910617.155262,0.000000,0.836416,-0.797092,0.193333,
1624910617.159434,0.000000,0.836419,-0.797641,0.193383,
1624910617.163597,0.000000,0.836416,-0.798229,0.193283,
1624910617.167769,0.000000,0.836401,-0.798740,0.193315,
1624910617.171929,0.000000,0.836395,-0.799246,0.193345,
1624910617.176095,0.000000,0.836374,-0.799776,0.193381,
1624910617.180344,0.000000,0.836366,-0.800280,0.193409,
1624910617.184446,0.000000,0.836343,-0.800770,0.193448,
1624910617.188618,0.000000,0.836364,-0.801267,0.193432,
1624910617.251091,0.000000,0.836703,-0.810163,0.192770,
1624910617.255258,0.000000,0.836655,-0.810764,0.192814,
1624910617.259430,0.000000,0.836603,-0.811321,0.192883,
1624910617.263589,0.000000,0.836653,-0.811693,0.193127,
1624910617.267749,0.000000,0.836501,-0.812388,0.193044,
1624910617.271913,0.000000,0.836453,-0.812874,0.193108,
1624910617.276088,0.000000,0.836400,-0.813363,0.193169,
1624910617.280255,0.000000,0.836344,-0.813895,0.193186,
1624910617.284421,0.000000,0.836327,-0.814439,0.193164,
1624910617.288581,0.000000,0.836310,-0.814925,0.193153,
1624910617.351085,0.000000,0.836245,-0.823738,0.192679,
1624910617.355252,0.000000,0.836208,-0.824362,0.192616,
1624910617.359467,0.000000,0.836170,-0.824936,0.192680,
1624910617.363576,0.000000,0.836111,-0.825505,0.192737,
1624910617.367744,0.000000,0.836054,-0.826045,0.192832,
1624910617.371912,0.000000,0.835984,-0.826547,0.192883,
1624910617.376085,0.000000,0.835944,-0.827035,0.192896,
1624910617.380245,0.000000,0.835860,-0.827529,0.192934,
1624910617.384463,0.000000,0.835755,-0.828065,0.192966,
1624910617.388579,0.000000,0.835682,-0.828535,0.193012,
1624910617.451086,0.000000,0.835274,-0.837389,0.192433,
1624910617.455258,0.000000,0.835218,-0.837985,0.192449,
1624910617.459424,0.000000,0.835147,-0.838509,0.192504,
1624910617.463592,0.000000,0.835037,-0.839058,0.192596,
1624910617.467766,0.000000,0.834948,-0.839605,0.192657,
1624910617.471928,0.000000,0.834882,-0.840099,0.192657,
1624910617.476096,0.000000,0.834802,-0.840571,0.192686,
1624910617.480261,0.000000,0.834719,-0.841063,0.192711,
1624910617.484420,0.000000,0.834599,-0.841528,0.192716,
1624910617.488591,0.000000,0.834515,-0.842021,0.192708,
1624910617.551107,0.000000,0.833530,-0.850881,0.192393,
1624910617.555279,0.000000,0.833443,-0.851476,0.192387,
1624910617.559484,0.000000,0.833381,-0.852037,0.192404,
1624910617.563623,0.000000,0.833258,-0.852600,0.192483,
1624910617.567789,0.000000,0.833156,-0.853116,0.192531,
1624910617.571958,0.000000,0.833045,-0.853627,0.192562,
1624910617.576127,0.000000,0.832953,-0.854110,0.192573,
1624910617.580364,0.000000,0.832857,-0.854596,0.192597,
1624910617.584460,0.000000,0.832749,-0.855072,0.192664,
1624910617.588619,0.000000,0.832636,-0.855572,0.192710,
1624910617.651123,0.000000,0.831359,-0.864219,0.192306,
1624910617.655275,0.000000,0.831222,-0.864787,0.192482,
1624910617.659444,0.000000,0.831136,-0.865401,0.192296,
1624910617.663615,0.000000,0.831019,-0.865941,0.192638,
1624910617.667779,0.000000,0.830893,-0.866450,0.192695,
1624910617.671967,0.000000,0.830762,-0.866961,0.192770,
1624910617.676168,0.000000,0.830640,-0.867451,0.192815,
1624910617.680308,0.000000,0.830498,-0.867901,0.192890,
1624910617.684461,0.000000,0.830376,-0.868399,0.192879,
1624910617.688619,0.000000,0.830272,-0.868908,0.192845,
1624910617.751115,0.000000,0.828478,-0.877462,0.192589,
1624910617.755280,0.000000,0.828315,-0.878084,0.192545,
1624910617.759446,0.000000,0.828183,-0.878582,0.192685,
1624910617.763615,0.000000,0.827992,-0.879150,0.192736,
1624910617.767771,0.000000,0.827849,-0.879668,0.192794,
1624910617.771952,0.000000,0.827628,-0.880224,0.192719,
1624910617.776116,0.000000,0.827514,-0.880690,0.192760,
1624910617.780291,0.000000,0.827342,-0.881218,0.192833,
1624910617.784460,0.000000,0.827129,-0.881728,0.192870,
1624910617.788628,0.000000,0.826960,-0.882245,0.192943,
1624910617.851121,0.000000,0.825048,-0.890603,0.192416,
1624910617.855292,0.000000,0.824848,-0.891225,0.192371,
1624910617.859458,0.000000,0.824673,-0.891804,0.192368,
1624910617.863619,0.000000,0.824557,-0.892434,0.192284,
1624910617.867784,0.000000,0.824338,-0.892969,0.192399,
1624910617.871950,0.000000,0.824160,-0.893451,0.192458,
1624910617.876119,0.000000,0.823994,-0.893915,0.192545,
1624910617.880288,0.000000,0.823830,-0.894404,0.192566,
1624910617.884451,0.000000,0.823668,-0.894874,0.192594,
1624910617.888612,0.000000,0.823540,-0.895352,0.192331,
1624910617.951090,0.000000,0.821056,-0.903770,0.192228,
1624910617.955254,0.000000,0.820877,-0.904354,0.192182,
1624910617.959422,0.000000,0.820644,-0.904913,0.192196,
1624910617.963589,0.000000,0.820439,-0.905486,0.192194,
1624910617.967757,0.000000,0.820232,-0.906028,0.192263,
1624910617.971918,0.000000,0.820031,-0.906536,0.192344,
1624910617.976091,0.000000,0.819811,-0.907054,0.192423,
1624910617.980350,0.000000,0.819654,-0.907545,0.192456,
1624910617.984426,0.000000,0.819434,-0.908041,0.192451,
1624910617.988583,0.000000,0.819230,-0.908562,0.192487,
1624910618.051115,0.000000,0.816411,-0.916810,0.192145,
1624910618.055279,0.000000,0.816205,-0.917396,0.192120,
1624910618.059461,0.000000,0.815991,-0.917977,0.192059,
1624910618.063619,0.000000,0.815768,-0.918514,0.192067,
1624910618.067796,0.000000,0.815503,-0.919076,0.192139,
1624910618.071956,0.000000,0.815217,-0.919606,0.192215,
1624910618.076110,0.000000,0.815010,-0.920094,0.192269,
1624910618.080279,0.000000,0.814807,-0.920570,0.192297,
1624910618.084446,0.000000,0.814663,-0.921063,0.192231,
1624910618.088614,0.000000,0.814456,-0.921520,0.192252,
1624910618.151114,0.000000,0.811288,-0.929742,0.191845,
1624910618.155281,0.000000,0.811081,-0.930309,0.191825,
1624910618.159447,0.000000,0.810844,-0.930884,0.191767,
1624910618.163621,0.000000,0.810604,-0.931435,0.191828,
1624910618.167783,0.000000,0.810358,-0.931953,0.191906,
1624910618.171957,0.000000,0.810078,-0.932438,0.192007,
1624910618.176119,0.000000,0.809824,-0.932895,0.192092,
1624910618.180283,0.000000,0.809597,-0.933354,0.192121,
1624910618.184445,0.000000,0.809336,-0.933819,0.192155,
1624910618.188623,0.000000,0.809016,-0.934340,0.192154,
1624910618.251093,0.000000,0.805514,-0.942419,0.191755,
1624910618.255255,0.000000,0.805258,-0.942997,0.191702,
1624910618.259425,0.000000,0.804944,-0.943561,0.191723,
1624910618.263608,0.000000,0.804711,-0.944063,0.191700,
1624910618.267768,0.000000,0.804406,-0.944554,0.191784,
1624910618.271935,0.000000,0.804046,-0.945035,0.191974,
1624910618.276099,0.000000,0.803835,-0.945488,0.192002,
1624910618.280262,0.000000,0.803574,-0.945943,0.192063,
1624910618.284448,0.000000,0.803339,-0.946404,0.192064,
1624910618.288599,0.000000,0.803098,-0.946855,0.192070,
1624910618.351115,0.000000,0.799165,-0.954694,0.191635,
1624910618.355307,0.000000,0.798884,-0.955238,0.191598,
1624910618.359476,0.000000,0.798551,-0.955807,0.191595,
1624910618.363622,0.000000,0.798277,-0.956313,0.191594,
1624910618.367788,0.000000,0.797981,-0.956781,0.191672,
1624910618.371949,0.000000,0.797714,-0.957229,0.191759,
1624910618.376117,0.000000,0.797453,-0.957651,0.191822,
1624910618.380376,0.000000,0.797226,-0.958060,0.191785,
1624910618.384451,0.000000,0.797059,-0.958444,0.191885,
1624910618.388614,0.000000,0.796540,-0.958987,0.191884,
1624910618.451116,0.000000,0.792399,-0.966564,0.191551,
1624910618.455279,0.000000,0.792221,-0.966944,0.191629,
1624910618.459443,0.000000,0.791922,-0.967531,0.191459,
1624910618.463617,0.000000,0.791639,-0.968004,0.191477,
1624910618.467779,0.000000,0.791322,-0.968472,0.191555,
1624910618.471942,0.000000,0.790969,-0.968911,0.191612,
1624910618.476111,0.000000,0.790650,-0.969354,0.191647,
1624910618.480285,0.000000,0.790383,-0.969751,0.191700,
1624910618.484446,0.000000,0.790197,-0.970152,0.191773,
1624910618.488614,0.000000,0.789923,-0.970549,0.191830,
1624910618.551116,0.000000,0.785367,-0.977952,0.191271,
1624910618.555284,0.000000,0.785029,-0.978472,0.191235,
1624910618.559453,0.000000,0.784707,-0.978993,0.191236,
1624910618.563614,0.000000,0.784407,-0.979463,0.191245,
1624910618.567781,0.000000,0.784112,-0.979922,0.191269,
1624910618.571952,0.000000,0.783815,-0.980350,0.191311,
1624910618.576119,0.000000,0.783464,-0.980763,0.191361,
1624910618.580280,0.000000,0.783147,-0.981157,0.191431,
1624910618.584443,0.000000,0.782831,-0.981584,0.191435,
1624910618.588615,0.000000,0.782437,-0.982016,0.191472,
1624910618.651119,0.000000,0.777853,-0.988992,0.191293,
1624910618.655280,0.000000,0.777525,-0.989479,0.191266,
1624910618.659441,0.000000,0.777108,-0.990018,0.191220,
1624910618.663605,0.000000,0.776741,-0.990484,0.191245,
1624910618.667786,0.000000,0.776368,-0.990966,0.191258,
1624910618.671949,0.000000,0.775912,-0.991395,0.191299,
1624910618.676114,0.000000,0.775561,-0.991820,0.191352,
1624910618.680274,0.000000,0.775218,-0.992232,0.191397,
1624910618.684449,0.000000,0.774945,-0.992623,0.191446,
1624910618.688613,0.000000,0.774638,-0.993090,0.191193,
1624910618.751119,0.000000,0.769511,-0.999870,0.191066,
1624910618.755280,0.000000,0.769186,-1.000394,0.190945,
1624910618.759447,0.000000,0.768810,-1.000895,0.190883,
1624910618.763612,0.000000,0.768466,-1.001326,0.190885,
1624910618.767780,0.000000,0.768129,-1.001769,0.190890,
1624910618.771949,0.000000,0.767693,-1.002238,0.190981,
1624910618.776117,0.000000,0.767349,-1.002639,0.191071,
1624910618.780365,0.000000,0.767003,-1.003041,0.191134,
1624910618.784447,0.000000,0.766637,-1.003457,0.191133,
1624910618.788598,0.000000,0.766314,-1.003803,0.191175,
1624910618.851109,0.000000,0.760882,-1.010283,0.190950,
1624910618.855278,0.000000,0.760498,-1.010777,0.190880,
1624910618.859439,0.000000,0.760197,-1.011239,0.190787,
1624910618.863605,0.000000,0.759820,-1.011743,0.190712,
1624910618.867746,0.000000,0.759426,-1.012220,0.190684,
1624910618.871906,0.000000,0.759141,-1.012675,0.190627,
1624910618.876075,0.000000,0.758705,-1.013028,0.190743,
1624910618.880243,0.000000,0.758308,-1.013432,0.190791,
1624910618.884407,0.000000,0.757822,-1.013790,0.190911,
1624910618.888578,0.000000,0.757500,-1.014166,0.190934,
1624910618.951073,0.000000,0.751690,-1.020415,0.190962,
1624910618.955247,0.000000,0.751298,-1.020905,0.190859,
1624910618.959410,0.000000,0.750883,-1.021378,0.190793,
1624910618.963569,0.000000,0.750463,-1.021866,0.190716,
1624910618.967771,0.000000,0.750055,-1.022313,0.190679,
1624910618.971951,0.000000,0.749646,-1.022734,0.190691,
1624910618.976111,0.000000,0.749223,-1.023125,0.190738,
1624910618.980266,0.000000,0.748817,-1.023489,0.190819,
1624910618.984441,0.000000,0.748428,-1.023855,0.190879,
1624910618.988612,0.000000,0.748049,-1.024215,0.190930,
1624910619.051142,0.000000,0.741901,-1.030126,0.190831,
1624910619.055284,0.000000,0.741470,-1.030589,0.190782,
1624910619.059453,0.000000,0.740985,-1.031051,0.190733,
1624910619.063624,0.000000,0.740587,-1.031484,0.190673,
1624910619.067776,0.000000,0.740317,-1.031910,0.190542,
1624910619.071949,0.000000,0.739958,-1.032357,0.190472,
1624910619.076116,0.000000,0.739620,-1.032742,0.190442,
1624910619.080282,0.000000,0.739062,-1.033154,0.190569,
1624910619.084446,0.000000,0.738707,-1.033518,0.190562,
1624910619.088621,0.000000,0.738260,-1.033857,0.190673,
1624910619.151107,0.000000,0.732297,-1.039423,0.190508,
1624910619.155279,0.000000,0.731850,-1.039854,0.190476,
1624910619.159445,0.000000,0.731425,-1.040278,0.190392,
1624910619.163614,0.000000,0.731072,-1.040710,0.190284,
1624910619.167777,0.000000,0.730535,-1.041125,0.190293,
1624910619.171939,0.000000,0.730011,-1.041534,0.190316,
1624910619.176100,0.000000,0.729576,-1.041909,0.190331,
1624910619.180391,0.000000,0.729160,-1.042257,0.190387,
1624910619.184437,0.000000,0.728779,-1.042576,0.190415,
1624910619.188596,0.000000,0.728395,-1.042879,0.190483,
1624910619.251122,0.000000,0.721976,-1.048003,0.190612,
1624910619.255291,0.000000,0.721535,-1.048419,0.190572,
1624910619.259474,0.000000,0.721105,-1.048816,0.190514,
1624910619.263643,0.000000,0.720632,-1.049215,0.190485,
1624910619.267803,0.000000,0.720099,-1.049667,0.190402,
1624910619.271959,0.000000,0.719638,-1.050051,0.190392,
1624910619.276121,0.000000,0.719161,-1.050431,0.190392,
1624910619.280308,0.000000,0.718743,-1.050762,0.190442,
1624910619.284476,0.000000,0.718376,-1.051095,0.190468,
1624910619.288636,0.000000,0.717870,-1.051407,0.190515,
1624910619.351126,0.000000,0.711288,-1.056354,0.190519,
1624910619.355295,0.000000,0.710752,-1.056770,0.190476,
1624910619.359462,0.000000,0.710311,-1.057194,0.190374,
1624910619.363624,0.000000,0.709814,-1.057584,0.190368,
1624910619.367804,0.000000,0.709415,-1.057962,0.190239,
1624910619.371958,0.000000,0.708941,-1.058302,0.190257,
1624910619.376130,0.000000,0.708463,-1.058640,0.190265,
1624910619.380301,0.000000,0.708001,-1.058949,0.190323,
1624910619.384476,0.000000,0.707502,-1.059286,0.190367,
1624910619.388677,0.000000,0.707001,-1.059633,0.190400,
1624910619.451132,0.000000,0.700092,-1.064265,0.190508,
1624910619.455309,0.000000,0.699541,-1.064623,0.190508,
1624910619.459463,0.000000,0.698969,-1.064992,0.190498,
1624910619.463634,0.000000,0.698502,-1.065361,0.190408,
1624910619.467807,0.000000,0.698036,-1.065746,0.190310,
1624910619.471961,0.000000,0.697506,-1.066082,0.190359,
1624910619.476135,0.000000,0.696934,-1.066470,0.190291,
1624910619.480307,0.000000,0.696485,-1.066783,0.190294,
1624910619.484478,0.000000,0.696047,-1.067105,0.190237,
1624910619.488629,0.000000,0.695570,-1.067375,0.190312,
1624910619.551129,0.000000,0.688528,-1.071627,0.190554,
1624910619.555302,0.000000,0.687963,-1.072013,0.190474,
1624910619.559463,0.000000,0.687459,-1.072356,0.190442,
1624910619.563636,0.000000,0.686956,-1.072662,0.190428,
1624910619.567805,0.000000,0.686415,-1.073026,0.190382,
1624910619.571969,0.000000,0.685875,-1.073370,0.190360,
1624910619.576124,0.000000,0.685324,-1.073714,0.190327,
1624910619.580391,0.000000,0.684860,-1.074103,0.190107,
1624910619.584474,0.000000,0.684566,-1.074280,0.190290,
1624910619.588623,0.000000,0.684122,-1.074553,0.190301,
1624910619.651131,0.000000,0.676824,-1.078579,0.190550,
1624910619.655306,0.000000,0.676323,-1.078899,0.190495,
1624910619.659519,0.000000,0.675775,-1.079228,0.190453,
1624910619.663641,0.000000,0.675263,-1.079552,0.190354,
1624910619.667797,0.000000,0.674679,-1.079887,0.190311,
1624910619.671975,0.000000,0.674175,-1.080224,0.190174,
1624910619.676127,0.000000,0.673424,-1.080497,0.190276,
1624910619.680302,0.000000,0.672902,-1.080795,0.190278,
1624910619.684475,0.000000,0.672656,-1.081081,0.190226,
1624910619.688632,0.000000,0.672164,-1.081304,0.190300,
1624910619.751156,0.000000,0.664645,-1.085107,0.190367,
1624910619.755424,0.000000,0.664068,-1.085397,0.190387,
1624910619.759461,0.000000,0.663492,-1.085675,0.190418,
1624910619.763785,0.000000,0.662708,-1.085978,0.190428,
1624910619.767808,0.000000,0.662162,-1.086271,0.190374,
1624910619.771980,0.000000,0.661671,-1.086557,0.190338,
1624910619.776312,0.000000,0.661137,-1.086855,0.190325,
1624910619.780454,0.000000,0.660764,-1.087136,0.190287,
1624910619.784537,0.000000,0.660051,-1.087382,0.190356,
1624910619.788841,0.000000,0.659485,-1.087626,0.190414,
1624910619.851094,0.000000,0.651853,-1.091089,0.190419,
1624910619.855261,0.000000,0.651217,-1.091351,0.190431,
1624910619.859434,0.000000,0.650745,-1.091619,0.190338,
1624910619.863590,0.000000,0.650192,-1.091896,0.190283,
1624910619.867760,0.000000,0.649651,-1.092158,0.190252,
1624910619.871931,0.000000,0.649190,-1.092445,0.190246,
1624910619.876106,0.000000,0.648594,-1.092703,0.190219,
1624910619.880267,0.000000,0.648000,-1.092970,0.190241,
1624910619.884427,0.000000,0.647396,-1.093184,0.190311,
1624910619.888586,0.000000,0.646936,-1.093350,0.190358,
1624910619.951165,0.000000,0.639069,-1.096482,0.190452,
1624910619.955309,0.000000,0.638543,-1.096750,0.190366,
1624910619.959461,0.000000,0.638004,-1.096974,0.190336,
1624910619.963626,0.000000,0.637425,-1.097240,0.190270,
1624910619.967797,0.000000,0.636877,-1.097461,0.190213,
1624910619.971968,0.000000,0.636323,-1.097675,0.190193,
1624910619.976136,0.000000,0.635753,-1.097902,0.190163,
1624910619.980385,0.000000,0.635250,-1.098113,0.190168,
1624910619.984467,0.000000,0.634733,-1.098294,0.190204,
1624910619.988634,0.000000,0.634239,-1.098452,0.190283,
1624910620.051116,0.000000,0.626371,-1.101155,0.190432,
1624910620.055290,0.000000,0.625818,-1.101379,0.190390,
1624910620.059452,0.000000,0.625208,-1.101586,0.190381,
1624910620.063642,0.000000,0.624665,-1.101808,0.190320,
1624910620.067806,0.000000,0.624059,-1.102024,0.190299,
1624910620.071968,0.000000,0.623488,-1.102265,0.190209,
1624910620.076134,0.000000,0.622933,-1.102467,0.190176,
1624910620.080302,0.000000,0.622476,-1.102680,0.190154,
1624910620.084465,0.000000,0.621918,-1.102826,0.190184,
1624910620.088679,0.000000,0.621415,-1.102967,0.190229,
1624910620.151142,0.000000,0.613583,-1.105264,0.190286,
1624910620.155287,0.000000,0.612985,-1.105500,0.190242,
1624910620.159462,0.000000,0.612423,-1.105734,0.190164,
1624910620.163632,0.000000,0.611850,-1.105942,0.190099,
1624910620.167796,0.000000,0.611220,-1.106168,0.190047,
1624910620.171965,0.000000,0.610640,-1.106387,0.189984,
1624910620.176131,0.000000,0.610075,-1.106573,0.189953,
1624910620.180306,0.000000,0.609501,-1.106713,0.189995,
1624910620.184457,0.000000,0.608907,-1.106845,0.190055,
1624910620.188634,0.000000,0.608382,-1.106986,0.190098,
1624910620.251126,0.000000,0.600468,-1.108827,0.190393,
1624910620.255292,0.000000,0.599928,-1.109018,0.190300,
1624910620.259456,0.000000,0.599317,-1.109212,0.190203,
1624910620.263628,0.000000,0.598775,-1.109393,0.190127,
1624910620.267791,0.000000,0.598157,-1.109587,0.190061,
1624910620.271957,0.000000,0.597574,-1.109791,0.189974,
1624910620.276119,0.000000,0.597014,-1.109953,0.189911,
1624910620.280288,0.000000,0.596509,-1.110090,0.189886,
1624910620.284454,0.000000,0.595936,-1.110266,0.189865,
1624910620.288633,0.000000,0.595402,-1.110384,0.189868,
1624910620.351122,0.000000,0.587429,-1.111956,0.190143,
1624910620.355286,0.000000,0.586837,-1.112107,0.190121,
1624910620.359458,0.000000,0.586272,-1.112274,0.190052,
1624910620.363618,0.000000,0.585698,-1.112422,0.190021,
1624910620.367788,0.000000,0.585164,-1.112565,0.189935,
1624910620.371955,0.000000,0.584556,-1.112692,0.189912,
1624910620.376146,0.000000,0.583976,-1.112837,0.189860,
1624910620.380365,0.000000,0.583351,-1.112956,0.189849,
1624910620.384450,0.000000,0.582906,-1.113066,0.189824,
1624910620.388619,0.000000,0.582364,-1.113160,0.189823,
1624910620.451143,0.000000,0.574406,-1.114400,0.190006,
1624910620.455293,0.000000,0.573760,-1.114514,0.189964,
1624910620.459459,0.000000,0.573247,-1.114676,0.189893,
1624910620.463633,0.000000,0.572673,-1.114852,0.189785,
1624910620.467783,0.000000,0.572084,-1.115004,0.189711,
1624910620.471951,0.000000,0.571519,-1.115156,0.189618,
1624910620.476114,0.000000,0.570878,-1.115250,0.189592,
1624910620.480288,0.000000,0.570224,-1.115371,0.189543,
1624910620.484468,0.000000,0.569632,-1.115499,0.189512,
1624910620.488622,0.000000,0.569022,-1.115573,0.189542,
1624910620.551116,0.000000,0.560956,-1.116065,0.190328,
1624910620.555309,0.000000,0.560284,-1.116166,0.190325,
1624910620.559456,0.000000,0.559694,-1.116258,0.190287,
1624910620.563620,0.000000,0.559048,-1.116354,0.190278,
1624910620.567789,0.000000,0.558444,-1.116470,0.190208,
1624910620.571952,0.000000,0.557891,-1.116637,0.190083,
1624910620.576121,0.000000,0.557244,-1.116709,0.190053,
1624910620.580290,0.000000,0.556671,-1.116820,0.189997,
1624910620.584460,0.000000,0.556067,-1.116902,0.189980,
1624910620.588624,0.000000,0.555512,-1.116974,0.189960,
1624910620.651164,0.000000,0.547541,-1.117535,0.189933,
1624910620.655283,0.000000,0.546953,-1.117621,0.189875,
1624910620.659448,0.000000,0.546372,-1.117684,0.189833,
1624910620.663616,0.000000,0.545730,-1.117650,0.190048,
1624910620.667785,0.000000,0.545071,-1.117733,0.190043,
1624910620.671950,0.000000,0.544252,-1.117714,0.190181,
1624910620.676117,0.000000,0.543596,-1.117787,0.190153,
1624910620.680306,0.000000,0.543026,-1.117882,0.190076,
1624910620.684449,0.000000,0.542556,-1.118023,0.189874,
1624910620.688622,0.000000,0.541656,-1.117904,0.190186,
1624910620.751122,0.000000,0.533643,-1.118010,0.190530,
1624910620.755285,0.000000,0.533129,-1.118005,0.190511,
1624910620.759451,0.000000,0.532543,-1.118050,0.190472,
1624910620.763614,0.000000,0.531962,-1.118106,0.190424,
1624910620.767786,0.000000,0.531414,-1.118170,0.190331,
1624910620.771953,0.000000,0.530816,-1.118259,0.190248,
1624910620.776128,0.000000,0.530213,-1.118339,0.190155,
1624910620.780366,0.000000,0.529575,-1.118390,0.190099,
1624910620.784445,0.000000,0.528921,-1.118430,0.190026,
1624910620.788619,0.000000,0.528231,-1.118433,0.190043,
1624910620.851100,0.000000,0.520399,-1.118145,0.190428,
1624910620.855271,0.000000,0.519804,-1.118178,0.190383,
1624910620.859441,0.000000,0.519213,-1.118181,0.190376,
1624910620.863607,0.000000,0.518651,-1.118240,0.190297,
1624910620.867762,0.000000,0.518056,-1.118255,0.190281,
1624910620.871943,0.000000,0.517456,-1.118288,0.190247,
1624910620.876097,0.000000,0.516781,-1.118296,0.190231,
1624910620.880265,0.000000,0.516194,-1.118320,0.190174,
1624910620.884434,0.000000,0.515521,-1.118304,0.190155,
1624910620.888609,0.000000,0.514935,-1.118318,0.190121,
1624910620.951123,0.000000,0.507033,-1.117710,0.190469,
1624910620.955289,0.000000,0.506439,-1.117672,0.190460,
1624910620.959454,0.000000,0.505830,-1.117664,0.190399,
1624910620.963616,0.000000,0.505187,-1.117674,0.190325,
1624910620.967787,0.000000,0.504652,-1.117674,0.190271,
1624910620.971949,0.000000,0.503992,-1.117598,0.190379,
1624910620.976115,0.000000,0.503426,-1.117615,0.190288,
1624910620.980285,0.000000,0.502826,-1.117621,0.190199,
1624910620.984457,0.000000,0.502235,-1.117620,0.190135,
1624910620.988618,0.000000,0.501616,-1.117538,0.190155,
1624910621.051114,0.000000,0.493419,-1.116673,0.190434,
1624910621.055278,0.000000,0.492819,-1.116600,0.190437,
1624910621.059449,0.000000,0.492229,-1.116519,0.190405,
1624910621.063613,0.000000,0.491660,-1.116500,0.190362,
1624910621.067789,0.000000,0.491054,-1.116469,0.190342,
1624910621.071963,0.000000,0.490459,-1.116460,0.190242,
1624910621.076116,0.000000,0.489848,-1.116429,0.190252,
1624910621.080277,0.000000,0.489269,-1.116410,0.190228,
1624910621.084453,0.000000,0.488576,-1.116349,0.190213,
1624910621.088616,0.000000,0.487987,-1.116299,0.190177,
1624910621.151108,0.000000,0.479930,-1.114981,0.190575,
1624910621.155277,0.000000,0.479413,-1.114955,0.190503,
1624910621.159450,0.000000,0.478741,-1.114870,0.190499,
1624910621.163614,0.000000,0.478126,-1.114812,0.190469,
1624910621.167783,0.000000,0.477518,-1.114748,0.190429,
1624910621.171946,0.000000,0.476901,-1.114720,0.190341,
1624910621.176118,0.000000,0.476278,-1.114637,0.190317,
1624910621.180364,0.000000,0.475704,-1.114572,0.190262,
1624910621.184454,0.000000,0.475121,-1.114483,0.190249,
1624910621.188616,0.000000,0.474502,-1.114417,0.190201,
1624910621.251081,0.000000,0.466464,-1.112754,0.190634,
1624910621.255249,0.000000,0.465890,-1.112679,0.190569,
1624910621.259414,0.000000,0.465314,-1.112593,0.190477,
1624910621.263580,0.000000,0.464702,-1.112469,0.190448,
1624910621.267753,0.000000,0.464011,-1.112324,0.190448,
1624910621.271917,0.000000,0.463368,-1.112233,0.190426,
1624910621.276079,0.000000,0.462707,-1.112082,0.190395,
1624910621.280245,0.000000,0.462064,-1.111977,0.190381,
1624910621.284408,0.000000,0.461479,-1.111874,0.190350,
1624910621.288580,0.000000,0.460879,-1.111787,0.190294,
1624910621.351075,0.000000,0.452822,-1.109729,0.190750,
1624910621.355236,0.000000,0.452283,-1.109643,0.190664,
1624910621.359413,0.000000,0.451713,-1.109549,0.190588,
1624910621.363581,0.000000,0.451135,-1.109434,0.190551,
1624910621.367750,0.000000,0.450481,-1.109337,0.190489,
1624910621.371908,0.000000,0.449872,-1.109264,0.190400,
1624910621.376081,0.000000,0.449250,-1.109128,0.190375,
1624910621.380243,0.000000,0.448632,-1.108992,0.190330,
1624910621.384413,0.000000,0.448056,-1.108882,0.190292,
1624910621.388578,0.000000,0.447401,-1.108678,0.190334,
