1624910407.696538,0.000000,0.563940,-0.490166,0.196761,
1624910407.700711,0.000000,0.563945,-0.490172,0.196767,
1624910407.704883,0.000000,0.563937,-0.490169,0.196758,
1624910407.709044,0.000000,0.563932,-0.490159,0.196762,
1624910407.713285,0.000000,0.563941,-0.490155,0.196753,
1624910407.717376,0.000000,0.563946,-0.490159,0.196753,
1624910407.721547,0.000000,0.563947,-0.490156,0.196753,
1624910407.725710,0.000000,0.563953,-0.490164,0.196759,
1624910407.729879,0.000000,0.563954,-0.490171,0.196766,
1624910407.734050,0.000000,0.563939,-0.490163,0.196762,
1624910407.738217,0.000000,0.563942,-0.490163,0.196774,
1624910407.742387,0.000000,0.563941,-0.490163,0.196770,
1624910407.746547,0.000000,0.563931,-0.490156,0.196755,
1624910407.750714,0.000000,0.563942,-0.490164,0.196760,
1624910407.754878,0.000000,0.563952,-0.490159,0.196748,
1624910407.759046,0.000000,0.563959,-0.490176,0.196761,
1624910407.763197,0.000000,0.563951,-0.490166,0.196757,
1624910407.767381,0.000000,0.563950,-0.490170,0.196764,
1624910407.771554,0.000000,0.563943,-0.490175,0.196773,
1624910407.775715,0.000000,0.563946,-0.490172,0.196766,
1624910407.779884,0.000000,0.563949,-0.490174,0.196765,
1624910407.784047,0.000000,0.563947,-0.490169,0.196764,
1624910407.788211,0.000000,0.563940,-0.490161,0.196758,
1624910407.792384,0.000000,0.563950,-0.490168,0.196768,
1624910407.796555,0.000000,0.563949,-0.490162,0.196759,
1624910407.800757,0.000000,0.563961,-0.490164,0.196771,
1624910407.804884,0.000000,0.563962,-0.490170,0.196762,
1624910407.809054,0.000000,0.563959,-0.490169,0.196765,
1624910407.813217,0.000000,0.563953,-0.490173,0.196763,
1624910407.817381,0.000000,0.563941,-0.490164,0.196769,
1624910407.821550,0.000000,0.563931,-0.490165,0.196769,
1624910407.825715,0.000000,0.563949,-0.490170,0.196764,
1624910407.829878,0.000000,0.563945,-0.490163,0.196763,
1624910407.834034,0.000000,0.563937,-0.490160,0.196757,
1624910407.838209,0.000000,0.563946,-0.490160,0.196757,
1624910407.842374,0.000000,0.563950,-0.490174,0.196770,
1624910407.846622,0.000000,0.563948,-0.490155,0.196756,
1624910407.850707,0.000000,0.563940,-0.490156,0.196765,
1624910407.854913,0.000000,0.563931,-0.490170,0.196775,
1624910407.859040,0.000000,0.563933,-0.490167,0.196762,
1624910407.863205,0.000000,0.563946,-0.490171,0.196767,
1624910407.867370,0.000000,0.563949,-0.490174,0.196766,
1624910407.871542,0.000000,0.563952,-0.490166,0.196759,
1624910407.875709,0.000000,0.563966,-0.490175,0.196770,
1624910407.879876,0.000000,0.563959,-0.490165,0.196767,
1624910407.884037,0.000000,0.563960,-0.490163,0.196755,
1624910418.442404,0.000000,0.563963,-0.490170,0.196756,
1624910418.446572,0.000000,0.563952,-0.490166,0.196752,
1624910418.450738,0.000000,0.563954,-0.490162,0.196768,
1624910418.454894,0.000000,0.563949,-0.490145,0.196746,
1624910418.459061,0.000000,0.563951,-0.490162,0.196768,
1624910418.463231,0.000000,0.563950,-0.490160,0.196766,
1624910418.467399,0.000000,0.563953,-0.490155,0.196754,
1624910418.471553,0.000000,0.563947,-0.490157,0.196740,
1624910418.475722,0.000000,0.563959,-0.490160,0.196742,
1624910418.479898,0.000000,0.563954,-0.490169,0.196751,
1624910418.484064,0.000000,0.563943,-0.490156,0.196753,
1624910418.546564,0.000000,0.565349,-0.490556,0.196972,
1624910418.550723,0.000000,0.565777,-0.490605,0.196910,
1624910418.554923,0.000000,0.566245,-0.490714,0.196870,
1624910418.559066,0.000000,0.566737,-0.490815,0.196898,
1624910418.563228,0.000000,0.567306,-0.490894,0.196956,
1624910418.567399,0.000000,0.567788,-0.490949,0.196972,
1624910418.571560,0.000000,0.568345,-0.491038,0.197031,
1624910418.575728,0.000000,0.568856,-0.491082,0.197000,
1624910418.579895,0.000000,0.569431,-0.491123,0.197010,
1624910418.584062,0.000000,0.569989,-0.491169,0.196953,
1624910418.646651,0.000000,0.578294,-0.492530,0.196648,
1624910418.650730,0.000000,0.578790,-0.492658,0.196716,
1624910418.654915,0.000000,0.579296,-0.492793,0.196775,
1624910418.659053,0.000000,0.579795,-0.492912,0.196791,
1624910418.663222,0.000000,0.580311,-0.493063,0.196852,
1624910418.667389,0.000000,0.580793,-0.493171,0.196824,
1624910418.671560,0.000000,0.581359,-0.493314,0.196891,
1624910418.675730,0.000000,0.581906,-0.493440,0.196886,
1624910418.679879,0.000000,0.582460,-0.493570,0.196882,
1624910418.684052,0.000000,0.583002,-0.493691,0.196845,
1624910418.746557,0.000000,0.591851,-0.495438,0.196552,
1624910418.750733,0.000000,0.592358,-0.495663,0.196633,
1624910418.754895,0.000000,0.592812,-0.495790,0.196642,
1624910418.759063,0.000000,0.593322,-0.495940,0.196639,
1624910418.763237,0.000000,0.593848,-0.496043,0.196705,
1624910418.767409,0.000000,0.594393,-0.496237,0.196771,
1624910418.771569,0.000000,0.594937,-0.496348,0.196766,
1624910418.775735,0.000000,0.595453,-0.496522,0.196804,
1624910418.779985,0.000000,0.596022,-0.496665,0.196779,
1624910418.784066,0.000000,0.596600,-0.496775,0.196710,
1624910418.846556,0.000000,0.605197,-0.498877,0.196459,
1624910418.850720,0.000000,0.605651,-0.499046,0.196444,
1624910418.854905,0.000000,0.606191,-0.499275,0.196491,
1624910418.859059,0.000000,0.606669,-0.499461,0.196541,
1624910418.863228,0.000000,0.607154,-0.499644,0.196601,
1624910418.867396,0.000000,0.607643,-0.499813,0.196587,
1624910418.871549,0.000000,0.608171,-0.499951,0.196564,
1624910418.876045,0.000000,0.608681,-0.500099,0.196521,
1624910418.879888,0.000000,0.609302,-0.500301,0.196614,
1624910418.884060,0.000000,0.609888,-0.500468,0.196600,
1624910418.946571,0.000000,0.618496,-0.502963,0.196321,
1624910418.950726,0.000000,0.618999,-0.503209,0.196384,
1624910418.954883,0.000000,0.619478,-0.503403,0.196457,
1624910418.959049,0.000000,0.619938,-0.503579,0.196439,
1624910418.963230,0.000000,0.620460,-0.503734,0.196422,
1624910418.967401,0.000000,0.620970,-0.503952,0.196443,
1624910418.971548,0.000000,0.621539,-0.504179,0.196525,
1624910418.975725,0.000000,0.622081,-0.504399,0.196536,
1624910418.979895,0.000000,0.622616,-0.504600,0.196490,
1624910418.984048,0.000000,0.623215,-0.504827,0.196587,
1624910419.046642,0.000000,0.631666,-0.507769,0.196439,
1624910419.050722,0.000000,0.632128,-0.507978,0.196413,
1624910419.054877,0.000000,0.632542,-0.508173,0.196396,
1624910419.059053,0.000000,0.633036,-0.508384,0.196468,
1624910419.063233,0.000000,0.633567,-0.508689,0.196529,
1624910419.067399,0.000000,0.634049,-0.508891,0.196533,
1624910419.071566,0.000000,0.634517,-0.509040,0.196493,
1624910419.075732,0.000000,0.635052,-0.509254,0.196529,
1624910419.079889,0.000000,0.635583,-0.509465,0.196504,
1624910419.084054,0.000000,0.636117,-0.509666,0.196489,
1624910419.146564,0.000000,0.644373,-0.512965,0.196304,
1624910419.150732,0.000000,0.644812,-0.513170,0.196340,
1624910419.154887,0.000000,0.645268,-0.513442,0.196400,
1624910419.159061,0.000000,0.645734,-0.513657,0.196392,
1624910419.163249,0.000000,0.646197,-0.513882,0.196410,
1624910419.167406,0.000000,0.646680,-0.514099,0.196425,
1624910419.171565,0.000000,0.647163,-0.514323,0.196436,
1624910419.175729,0.000000,0.647666,-0.514498,0.196413,
1624910419.179982,0.000000,0.648175,-0.514730,0.196393,
1624910419.184050,0.000000,0.648749,-0.515008,0.196361,
1624910419.246559,0.000000,0.656702,-0.518747,0.196229,
1624910419.250724,0.000000,0.657147,-0.518991,0.196320,
1624910419.254895,0.000000,0.657620,-0.519207,0.196286,
1624910419.259064,0.000000,0.658054,-0.519538,0.196390,
1624910419.263228,0.000000,0.658499,-0.519774,0.196417,
1624910419.267390,0.000000,0.658955,-0.520054,0.196391,
1624910419.271554,0.000000,0.659418,-0.520327,0.196431,
1624910419.275720,0.000000,0.659901,-0.520588,0.196434,
1624910419.279893,0.000000,0.660418,-0.520825,0.196473,
1624910419.284069,0.000000,0.660937,-0.521092,0.196437,
1624910419.346561,0.000000,0.668815,-0.525045,0.196157,
1624910419.350724,0.000000,0.669235,-0.525321,0.196217,
1624910419.354920,0.000000,0.669660,-0.525542,0.196261,
1624910419.359053,0.000000,0.670116,-0.525822,0.196288,
1624910419.363226,0.000000,0.670563,-0.526129,0.196347,
1624910419.367391,0.000000,0.671018,-0.526374,0.196335,
1624910419.371559,0.000000,0.671465,-0.526653,0.196373,
1624910419.375726,0.000000,0.671943,-0.526957,0.196388,
1624910419.379894,0.000000,0.672430,-0.527232,0.196383,
1624910419.384066,0.000000,0.672949,-0.527511,0.196346,
1624910419.404873,0.000000,0.675552,-0.528845,0.196205,
1624910419.409055,0.000000,0.676080,-0.528992,0.196103,
1624910419.413213,0.000000,0.676608,-0.529260,0.196053,
1624910419.417387,0.000000,0.677138,-0.529532,0.195990,
1624910419.421555,0.000000,0.677677,-0.529803,0.195926,
1624910419.425714,0.000000,0.678180,-0.530159,0.195931,
1624910419.429880,0.000000,0.678721,-0.530472,0.195900,
1624910419.434062,0.000000,0.679247,-0.530717,0.195857,
1624910419.438218,0.000000,0.679751,-0.531125,0.195935,
1624910419.442392,0.000000,0.680209,-0.531441,0.195986,
1624910419.542363,0.000000,0.691681,-0.538689,0.195845,
1624910419.546531,0.000000,0.692138,-0.539000,0.195893,
1624910419.550708,0.000000,0.692562,-0.539337,0.195948,
1624910419.554908,0.000000,0.692995,-0.539614,0.195993,
1624910419.559032,0.000000,0.693389,-0.539989,0.196043,
1624910419.563210,0.000000,0.693814,-0.540316,0.196083,
1624910419.567369,0.000000,0.694221,-0.540615,0.196110,
1624910419.571578,0.000000,0.694626,-0.540903,0.196071,
1624910419.575711,0.000000,0.695067,-0.541243,0.196072,
1624910419.579986,0.000000,0.695500,-0.541550,0.196129,
1624910419.646584,0.000000,0.703401,-0.546883,0.195738,
1624910419.650745,0.000000,0.703787,-0.547198,0.195788,
1624910419.654952,0.000000,0.704164,-0.547535,0.195861,
1624910419.659077,0.000000,0.704545,-0.547875,0.195936,
1624910419.663248,0.000000,0.704930,-0.548206,0.195969,
1624910419.667414,0.000000,0.705344,-0.548512,0.195985,
1624910419.671577,0.000000,0.705730,-0.548835,0.195995,
1624910419.675751,0.000000,0.706125,-0.549178,0.196013,
1624910419.679919,0.000000,0.706601,-0.549513,0.196009,
1624910419.684090,0.000000,0.707026,-0.549833,0.196000,
1624910419.746595,0.000000,0.714245,-0.555073,0.195610,
1624910419.750757,0.000000,0.714661,-0.555456,0.195678,
1624910419.754925,0.000000,0.715040,-0.555835,0.195765,
1624910419.759096,0.000000,0.715392,-0.556172,0.195798,
1624910419.763260,0.000000,0.715804,-0.556493,0.195809,
1624910419.767421,0.000000,0.716143,-0.556846,0.195854,
1624910419.771590,0.000000,0.716507,-0.557191,0.195880,
1624910419.775758,0.000000,0.716905,-0.557617,0.195902,
1624910419.779915,0.000000,0.717257,-0.557934,0.195954,
1624910419.784081,0.000000,0.717697,-0.558282,0.195937,
1624910419.846751,0.000000,0.724797,-0.563844,0.195377,
1624910419.850752,0.000000,0.725214,-0.564233,0.195463,
1624910419.854919,0.000000,0.725590,-0.564623,0.195525,
1624910419.859089,0.000000,0.725950,-0.564970,0.195550,
1624910419.863258,0.000000,0.726314,-0.565373,0.195598,
1624910419.867464,0.000000,0.726726,-0.565693,0.195572,
1624910419.871619,0.000000,0.727108,-0.566062,0.195602,
1624910419.875790,0.000000,0.727468,-0.566444,0.195671,
1624910419.879925,0.000000,0.727824,-0.566855,0.195698,
1624910419.884089,0.000000,0.728235,-0.567248,0.195683,
1624910419.946591,0.000000,0.734929,-0.573125,0.195369,
1624910419.950764,0.000000,0.735302,-0.573534,0.195449,
1624910419.954913,0.000000,0.735658,-0.573899,0.195493,
1624910419.959129,0.000000,0.736017,-0.574267,0.195526,
1624910419.963254,0.000000,0.736352,-0.574659,0.195576,
1624910419.967426,0.000000,0.736674,-0.575022,0.195615,
1624910419.971590,0.000000,0.736999,-0.575363,0.195638,
1624910419.975760,0.000000,0.737337,-0.575732,0.195666,
1624910419.980021,0.000000,0.737712,-0.576132,0.195674,
1624910419.984083,0.000000,0.738076,-0.576538,0.195686,
1624910420.046595,0.000000,0.744508,-0.582576,0.195205,
1624910420.050747,0.000000,0.744858,-0.582978,0.195247,
1624910420.054910,0.000000,0.745172,-0.583412,0.195336,
1624910420.059082,0.000000,0.745493,-0.583819,0.195421,
1624910420.063251,0.000000,0.745842,-0.584247,0.195486,
1624910420.067422,0.000000,0.746176,-0.584674,0.195544,
1624910420.071585,0.000000,0.746507,-0.585052,0.195555,
1624910420.075747,0.000000,0.746835,-0.585472,0.195539,
1624910420.079908,0.000000,0.747222,-0.585876,0.195526,
1624910420.084071,0.000000,0.747601,-0.586256,0.195514,
1624910420.146590,0.000000,0.753736,-0.592737,0.195048,
1624910420.150752,0.000000,0.754080,-0.593168,0.195083,
1624910420.154922,0.000000,0.754370,-0.593582,0.195157,
1624910420.159089,0.000000,0.754678,-0.594027,0.195263,
1624910420.163265,0.000000,0.755007,-0.594467,0.195348,
1624910420.167429,0.000000,0.755273,-0.594850,0.195401,
1624910420.171601,0.000000,0.755634,-0.595248,0.195373,
1624910420.175769,0.000000,0.755921,-0.595610,0.195387,
1624910420.179914,0.000000,0.756270,-0.596052,0.195390,
1624910420.184084,0.000000,0.756590,-0.596463,0.195407,
1624910420.246726,0.000000,0.762516,-0.603215,0.195047,
1624910420.250746,0.000000,0.762833,-0.603658,0.195108,
1624910420.254915,0.000000,0.763234,-0.604050,0.195072,
1624910420.259090,0.000000,0.763513,-0.604511,0.195178,
1624910420.263273,0.000000,0.763781,-0.604959,0.195272,
1624910420.267416,0.000000,0.764078,-0.605379,0.195268,
1624910420.271580,0.000000,0.764378,-0.605812,0.195303,
1624910420.275746,0.000000,0.764666,-0.606277,0.195336,
1624910420.279907,0.000000,0.764966,-0.606679,0.195350,
1624910420.284077,0.000000,0.765287,-0.607103,0.195350,
1624910420.346579,0.000000,0.770965,-0.614095,0.194759,
1624910420.350741,0.000000,0.771259,-0.614509,0.194815,
1624910420.354902,0.000000,0.771562,-0.615021,0.194873,
1624910420.359074,0.000000,0.771819,-0.615460,0.194983,
1624910420.363239,0.000000,0.772119,-0.615919,0.195119,
1624910420.367409,0.000000,0.772459,-0.616398,0.195160,
1624910420.371576,0.000000,0.772719,-0.616826,0.195245,
1624910420.375742,0.000000,0.773015,-0.617256,0.195229,
1624910420.379978,0.000000,0.773317,-0.617704,0.195240,
1624910420.384077,0.000000,0.773586,-0.618175,0.195221,
1624910420.446609,0.000000,0.778893,-0.625390,0.194790,
1624910420.450748,0.000000,0.779222,-0.625846,0.194817,
1624910420.454906,0.000000,0.779465,-0.626330,0.195014,
1624910420.459080,0.000000,0.779749,-0.626757,0.195024,
1624910420.463247,0.000000,0.780033,-0.627242,0.194985,
1624910420.467414,0.000000,0.780303,-0.627749,0.195009,
1624910420.471579,0.000000,0.780561,-0.628232,0.195063,
1624910420.475745,0.000000,0.780813,-0.628655,0.195088,
1624910420.479918,0.000000,0.781077,-0.629148,0.195152,
1624910420.484085,0.000000,0.781338,-0.629671,0.195122,
1624910420.546584,0.000000,0.786388,-0.637295,0.195041,
1624910420.550750,0.000000,0.786601,-0.637708,0.195267,
1624910420.554912,0.000000,0.786881,-0.638242,0.195335,
1624910420.559075,0.000000,0.787096,-0.638756,0.195404,
1624910420.563240,0.000000,0.787373,-0.639256,0.195436,
1624910420.567405,0.000000,0.787717,-0.639887,0.195323,
1624910420.571575,0.000000,0.787954,-0.640371,0.195378,
1624910420.575741,0.000000,0.788161,-0.640795,0.195480,
1624910420.579923,0.000000,0.788398,-0.641219,0.195501,
1624910420.584095,0.000000,0.788630,-0.641530,0.195017,
1624910420.646654,0.000000,0.793246,-0.649352,0.194378,
1624910420.650766,0.000000,0.793500,-0.649883,0.194462,
1624910420.654930,0.000000,0.793668,-0.650375,0.195007,
1624910420.659092,0.000000,0.793987,-0.650873,0.194596,
1624910420.663252,0.000000,0.794212,-0.651330,0.194618,
1624910420.667417,0.000000,0.794440,-0.651819,0.194621,
1624910420.671602,0.000000,0.794566,-0.652257,0.195118,
1624910420.675751,0.000000,0.794783,-0.652750,0.195151,
1624910420.679916,0.000000,0.795030,-0.653227,0.195218,
1624910420.684084,0.000000,0.795260,-0.653687,0.195257,
1624910420.746575,0.000000,0.799572,-0.661454,0.194663,
1624910420.750743,0.000000,0.799825,-0.661979,0.194659,
1624910420.754917,0.000000,0.800007,-0.662511,0.194729,
1624910420.759083,0.000000,0.800192,-0.663057,0.194805,
1624910420.763250,0.000000,0.800396,-0.663519,0.194868,
1624910420.767409,0.000000,0.800575,-0.664015,0.194880,
1624910420.771577,0.000000,0.800741,-0.664510,0.194964,
1624910420.775775,0.000000,0.800948,-0.664913,0.194973,
1624910420.779988,0.000000,0.801161,-0.665415,0.194973,
1624910420.784066,0.000000,0.801357,-0.665892,0.194987,
1624910420.846588,0.000000,0.805251,-0.673854,0.194507,
1624910420.850749,0.000000,0.805432,-0.674388,0.194585,
1624910420.855037,0.000000,0.805600,-0.674925,0.194660,
1624910420.859076,0.000000,0.805766,-0.675428,0.194721,
1624910420.863246,0.000000,0.806078,-0.675734,0.194696,
1624910420.867407,0.000000,0.806205,-0.676409,0.194794,
1624910420.871569,0.000000,0.806354,-0.676875,0.194837,
1624910420.875752,0.000000,0.806528,-0.677403,0.194886,
1624910420.879908,0.000000,0.806701,-0.677870,0.194856,
1624910420.884082,0.000000,0.806909,-0.678280,0.194864,
1624910420.946599,0.000000,0.810523,-0.686309,0.194299,
1624910420.950745,0.000000,0.810673,-0.686908,0.194358,
1624910420.954952,0.000000,0.810817,-0.687417,0.194451,
1624910420.959089,0.000000,0.810989,-0.687943,0.194523,
1624910420.963252,0.000000,0.811143,-0.688419,0.194571,
1624910420.967423,0.000000,0.811285,-0.688935,0.194598,
1624910420.971597,0.000000,0.811448,-0.689435,0.194602,
1624910420.975749,0.000000,0.811607,-0.689955,0.194620,
1624910420.979917,0.000000,0.811743,-0.690474,0.194647,
1624910420.984085,0.000000,0.811888,-0.690987,0.194696,
1624910421.046677,0.000000,0.815000,-0.699254,0.194277,
1624910421.050747,0.000000,0.815156,-0.699766,0.194429,
1624910421.054944,0.000000,0.815325,-0.700269,0.194456,
1624910421.059086,0.000000,0.815482,-0.700763,0.194483,
1624910421.063236,0.000000,0.815625,-0.701270,0.194534,
1624910421.067412,0.000000,0.815762,-0.701793,0.194583,
1624910421.071579,0.000000,0.815900,-0.702310,0.194609,
1624910421.075755,0.000000,0.816031,-0.702821,0.194669,
1624910421.079932,0.000000,0.816155,-0.703327,0.194683,
1624910421.084095,0.000000,0.816295,-0.703782,0.194670,
1624910421.146595,0.000000,0.819146,-0.712087,0.194118,
1624910421.150747,0.000000,0.819303,-0.712680,0.194130,
1624910421.154943,0.000000,0.819388,-0.713235,0.194235,
1624910421.159082,0.000000,0.819499,-0.713761,0.194301,
1624910421.163246,0.000000,0.819617,-0.714279,0.194344,
1624910421.167413,0.000000,0.819742,-0.714772,0.194388,
1624910421.171596,0.000000,0.819866,-0.715262,0.194441,
1624910421.175746,0.000000,0.819993,-0.715740,0.194508,
1624910421.180006,0.000000,0.820085,-0.716267,0.194504,
1624910421.184093,0.000000,0.820197,-0.716797,0.194520,
1624910421.246585,0.000000,0.822609,-0.725269,0.193775,
1624910421.250747,0.000000,0.822765,-0.725855,0.193737,
1624910421.254957,0.000000,0.822896,-0.726413,0.193776,
1624910421.259086,0.000000,0.822967,-0.726977,0.193893,
1624910421.263262,0.000000,0.823136,-0.727439,0.193956,
1624910421.267429,0.000000,0.823234,-0.727934,0.194158,
1624910421.271598,0.000000,0.823366,-0.728428,0.194175,
1624910421.275748,0.000000,0.823433,-0.728930,0.194239,
1624910421.279923,0.000000,0.823527,-0.729435,0.194264,
1624910421.284096,0.000000,0.823624,-0.729919,0.194268,
1624910421.346579,0.000000,0.825508,-0.738645,0.193800,
1624910421.350746,0.000000,0.825602,-0.739242,0.193824,
1624910421.354914,0.000000,0.825735,-0.739801,0.193779,
1624910421.359087,0.000000,0.825833,-0.740345,0.193804,
1624910421.363247,0.000000,0.825874,-0.740937,0.193858,
1624910421.367419,0.000000,0.825986,-0.741435,0.193876,
1624910421.371582,0.000000,0.825994,-0.741977,0.193959,
1624910421.375752,0.000000,0.826147,-0.742325,0.194117,
1624910421.379921,0.000000,0.826164,-0.742850,0.194137,
1624910421.384104,0.000000,0.826303,-0.743342,0.194121,
1624910421.446653,0.000000,0.827854,-0.752049,0.193645,
1624910421.450740,0.000000,0.827924,-0.752683,0.193618,
1624910421.454921,0.000000,0.828000,-0.753231,0.193633,
1624910421.459079,0.000000,0.828093,-0.753802,0.193649,
1624910421.463246,0.000000,0.828139,-0.754363,0.193714,
1624910421.467414,0.000000,0.828201,-0.754922,0.193770,
1624910421.471584,0.000000,0.828235,-0.755476,0.193873,
1624910421.475749,0.000000,0.828277,-0.756000,0.193905,
1624910421.479918,0.000000,0.828273,-0.756372,0.194020,
1624910421.484081,0.000000,0.828312,-0.756875,0.194036,
1624910421.546589,0.000000,0.829590,-0.765491,0.193500,
1624910421.550744,0.000000,0.829687,-0.766099,0.193426,
1624910421.554962,0.000000,0.829706,-0.766581,0.193514,
1624910421.559074,0.000000,0.829807,-0.767287,0.193439,
1624910421.563237,0.000000,0.829902,-0.767728,0.193547,
1624910421.567406,0.000000,0.829863,-0.768292,0.193598,
1624910421.571579,0.000000,0.829933,-0.768818,0.193649,
1624910421.575742,0.000000,0.829939,-0.769337,0.193737,
1624910421.579998,0.000000,0.829961,-0.769831,0.193815,
1624910421.584104,0.000000,0.829969,-0.770293,0.193925,
1624910421.646576,0.000000,0.830745,-0.778983,0.193410,
1624910421.650738,0.000000,0.830844,-0.779607,0.193308,
1624910421.654910,0.000000,0.830870,-0.780237,0.193292,
1624910421.659067,0.000000,0.830948,-0.780819,0.193260,
1624910421.663235,0.000000,0.830983,-0.781348,0.193271,
1624910421.667414,0.000000,0.830998,-0.781865,0.193355,
1624910421.671572,0.000000,0.831009,-0.782372,0.193398,
1624910421.675728,0.000000,0.830977,-0.782885,0.193459,
1624910421.679908,0.000000,0.830987,-0.783388,0.193475,
1624910421.684081,0.000000,0.831042,-0.783917,0.193449,
1624910421.746543,0.000000,0.831401,-0.792430,0.193204,
1624910421.750707,0.000000,0.831441,-0.792975,0.193206,
1624910421.754926,0.000000,0.831452,-0.793577,0.193193,
1624910421.759043,0.000000,0.831506,-0.794147,0.193152,
1624910421.763213,0.000000,0.831491,-0.794732,0.193164,
1624910421.767376,0.000000,0.831496,-0.795424,0.193124,
1624910421.771546,0.000000,0.831486,-0.795982,0.193155,
1624910421.775756,0.000000,0.831466,-0.796531,0.193216,
1624910421.779951,0.000000,0.831430,-0.797013,0.193316,
1624910421.784042,0.000000,0.831375,-0.797515,0.193399,
1624910421.846688,0.000000,0.831349,-0.806201,0.193056,
1624910421.850793,0.000000,0.831404,-0.806721,0.193052,
1624910421.854929,0.000000,0.831367,-0.807371,0.192958,
1624910421.859097,0.000000,0.831394,-0.807996,0.192889,
1624910421.863296,0.000000,0.831362,-0.808604,0.192899,
1624910421.867429,0.000000,0.831283,-0.809218,0.192937,
1624910421.871595,0.000000,0.831242,-0.809778,0.192994,
1624910421.875767,0.000000,0.831198,-0.810266,0.193070,
1624910421.879923,0.000000,0.831206,-0.810761,0.193031,
1624910421.884103,0.000000,0.831148,-0.811288,0.193101,
1624910421.946590,0.000000,0.830760,-0.819935,0.192854,
1624910421.950753,0.000000,0.830761,-0.820515,0.192808,
1624910421.954980,0.000000,0.830734,-0.821109,0.192759,
1624910421.959096,0.000000,0.830710,-0.821719,0.192702,
1624910421.963264,0.000000,0.830656,-0.822303,0.192720,
1624910421.967418,0.000000,0.830593,-0.822888,0.192749,
1624910421.971586,0.000000,0.830528,-0.823449,0.192809,
1624910421.975752,0.000000,0.830440,-0.823993,0.192850,
1624910421.980010,0.000000,0.830374,-0.824524,0.192909,
1624910421.984089,0.000000,0.830324,-0.825027,0.192961,
1624910422.046593,0.000000,0.829549,-0.833675,0.192772,
1624910422.050756,0.000000,0.829525,-0.834337,0.192688,
1624910422.054986,0.000000,0.829469,-0.834969,0.192631,
1624910422.059093,0.000000,0.829419,-0.835575,0.192612,
1624910422.063265,0.000000,0.829306,-0.836109,0.192562,
1624910422.067432,0.000000,0.829248,-0.836684,0.192583,
1624910422.071599,0.000000,0.829167,-0.837272,0.192642,
1624910422.075765,0.000000,0.829082,-0.837829,0.192676,
1624910422.079932,0.000000,0.828997,-0.838355,0.192711,
1624910422.084105,0.000000,0.828932,-0.838853,0.192723,
1624910422.146602,0.000000,0.827744,-0.847501,0.192547,
1624910422.150768,0.000000,0.827703,-0.848097,0.192430,
1624910422.155046,0.000000,0.827639,-0.848695,0.192404,
1624910422.159098,0.000000,0.827518,-0.849310,0.192445,
1624910422.163274,0.000000,0.827403,-0.849904,0.192440,
1624910422.167438,0.000000,0.827281,-0.850506,0.192486,
1624910422.171602,0.000000,0.827072,-0.851104,0.192658,
1624910422.175770,0.000000,0.826863,-0.851642,0.192836,
1624910422.179941,0.000000,0.826765,-0.852168,0.192775,
1624910422.184100,0.000000,0.826622,-0.852664,0.192844,
1624910422.246679,0.000000,0.825266,-0.861210,0.192797,
1624910422.250750,0.000000,0.825186,-0.861779,0.192749,
1624910422.254938,0.000000,0.825033,-0.862408,0.192684,
1624910422.259053,0.000000,0.824949,-0.863007,0.192685,
1624910422.263250,0.000000,0.824798,-0.863599,0.192691,
1624910422.267395,0.000000,0.824654,-0.864179,0.192705,
1624910422.271558,0.000000,0.824524,-0.864714,0.192749,
1624910422.275738,0.000000,0.824295,-0.865307,0.192885,
1624910422.279895,0.000000,0.824167,-0.865798,0.192918,
1624910422.284062,0.000000,0.824110,-0.866270,0.192827,
1624910422.346572,0.000000,0.821968,-0.874692,0.192800,
1624910422.350729,0.000000,0.821859,-0.875307,0.192724,
1624910422.354958,0.000000,0.821759,-0.875923,0.192681,
1624910422.359096,0.000000,0.821643,-0.876476,0.192623,
1624910422.363264,0.000000,0.821456,-0.877023,0.192601,
1624910422.367506,0.000000,0.821334,-0.877604,0.192658,
1624910422.371593,0.000000,0.821166,-0.878117,0.192744,
1624910422.375760,0.000000,0.820976,-0.878631,0.192805,
1624910422.380021,0.000000,0.820892,-0.879140,0.192484,
1624910422.384101,0.000000,0.820647,-0.879600,0.192870,
1624910422.446586,0.000000,0.818415,-0.887778,0.192580,
1624910422.450758,0.000000,0.818237,-0.888430,0.192483,
1624910422.454924,0.000000,0.818153,-0.888999,0.192163,
1624910422.459081,0.000000,0.818064,-0.889572,0.192104,
1624910422.463252,0.000000,0.817907,-0.890149,0.192118,
1624910422.467417,0.000000,0.817657,-0.890671,0.192472,
1624910422.471586,0.000000,0.817483,-0.891171,0.192532,
1624910422.475751,0.000000,0.817306,-0.891695,0.192618,
1624910422.479917,0.000000,0.817140,-0.892196,0.192636,
1624910422.484086,0.000000,0.816978,-0.892651,0.192658,
1624910422.546580,0.000000,0.814338,-0.900763,0.192402,
1624910422.550764,0.000000,0.814086,-0.901369,0.192382,
1624910422.554914,0.000000,0.813928,-0.901962,0.192298,
1624910422.559085,0.000000,0.813726,-0.902537,0.192259,
1624910422.563231,0.000000,0.813523,-0.903108,0.192228,
1624910422.567398,0.000000,0.813374,-0.903664,0.192215,
1624910422.571566,0.000000,0.813219,-0.904144,0.192230,
1624910422.575739,0.000000,0.812969,-0.904635,0.192291,
1624910422.579863,0.000000,0.812728,-0.905103,0.192410,
1624910422.584033,0.000000,0.812518,-0.905621,0.192439,
1624910422.646642,0.000000,0.809569,-0.913549,0.192265,
1624910422.650700,0.000000,0.809409,-0.914112,0.192164,
1624910422.654869,0.000000,0.809253,-0.914694,0.191860,
1624910422.659025,0.000000,0.809060,-0.915275,0.192069,
1624910422.663185,0.000000,0.808745,-0.915836,0.192063,
1624910422.667391,0.000000,0.808575,-0.916358,0.192040,
1624910422.671554,0.000000,0.808385,-0.916839,0.192047,
1624910422.675724,0.000000,0.808123,-0.917355,0.192094,
1624910422.679916,0.000000,0.807853,-0.917850,0.192210,
1624910422.684057,0.000000,0.807613,-0.918349,0.192340,
1624910422.746554,0.000000,0.804356,-0.926027,0.192170,
1624910422.750720,0.000000,0.804141,-0.926601,0.192113,
1624910422.754885,0.000000,0.803929,-0.927141,0.192057,
1624910422.759053,0.000000,0.803691,-0.927756,0.191936,
1624910422.763225,0.000000,0.803312,-0.928332,0.191937,
1624910422.767391,0.000000,0.802995,-0.928925,0.191987,
1624910422.771552,0.000000,0.802905,-0.929428,0.191952,
1624910422.775720,0.000000,0.802580,-0.929945,0.191983,
1624910422.780013,0.000000,0.802330,-0.930429,0.192053,
1624910422.784064,0.000000,0.802096,-0.930904,0.192112,
1624910422.846553,0.000000,0.798583,-0.938274,0.191933,
1624910422.850719,0.000000,0.798207,-0.938895,0.191912,
1624910422.854879,0.000000,0.798083,-0.939416,0.191840,
1624910422.859049,0.000000,0.797824,-0.939991,0.191820,
1624910422.863227,0.000000,0.797560,-0.940566,0.191772,
1624910422.867385,0.000000,0.797293,-0.941089,0.191755,
1624910422.871553,0.000000,0.797013,-0.941629,0.191753,
1624910422.875715,0.000000,0.796737,-0.942178,0.191711,
1624910422.879867,0.000000,0.796308,-0.942666,0.191783,
1624910422.884050,0.000000,0.795993,-0.943143,0.191865,
1624910422.946552,0.000000,0.792093,-0.950407,0.191866,
1624910422.950722,0.000000,0.791850,-0.950960,0.191778,
1624910422.954920,0.000000,0.791575,-0.951516,0.191724,
1624910422.959042,0.000000,0.791308,-0.952072,0.191665,
1624910422.963214,0.000000,0.791038,-0.952617,0.191649,
1624910422.967380,0.000000,0.790767,-0.953158,0.191581,
1624910422.971542,0.000000,0.790452,-0.953700,0.191533,
1624910422.975728,0.000000,0.790178,-0.954231,0.191493,
1624910422.979889,0.000000,0.789843,-0.954725,0.191587,
1624910422.984046,0.000000,0.789538,-0.955188,0.191629,
1624910423.046639,0.000000,0.785410,-0.962084,0.191709,
1624910423.050715,0.000000,0.785110,-0.962651,0.191639,
1624910423.054885,0.000000,0.784800,-0.963204,0.191543,
1624910423.059048,0.000000,0.784513,-0.963755,0.191456,
1624910423.063212,0.000000,0.784216,-0.964289,0.191446,
1624910423.067382,0.000000,0.783962,-0.964745,0.191372,
1624910423.071550,0.000000,0.783669,-0.965318,0.191294,
1624910423.075716,0.000000,0.783341,-0.965844,0.191361,
1624910423.079879,0.000000,0.782899,-0.966301,0.191443,
1624910423.084044,0.000000,0.782612,-0.966801,0.191394,
1624910423.146551,0.000000,0.778085,-0.973484,0.191407,
1624910423.150717,0.000000,0.777732,-0.974000,0.191587,
1624910423.154878,0.000000,0.777429,-0.974535,0.191540,
1624910423.159053,0.000000,0.777155,-0.975030,0.191489,
1624910423.163214,0.000000,0.776887,-0.975540,0.191415,
1624910423.167383,0.000000,0.776536,-0.976051,0.191327,
1624910423.171543,0.000000,0.776229,-0.976663,0.191058,
1624910423.175709,0.000000,0.775852,-0.977141,0.191275,
1624910423.180051,0.000000,0.775478,-0.977651,0.191286,
1624910423.184040,0.000000,0.775160,-0.978079,0.191313,
1624910423.246548,0.000000,0.770423,-0.984376,0.191515,
1624910423.250709,0.000000,0.770011,-0.984941,0.191445,
1624910423.254875,0.000000,0.769743,-0.985441,0.191351,
1624910423.259038,0.000000,0.769336,-0.985935,0.191304,
1624910423.263212,0.000000,0.768975,-0.986472,0.191219,
1624910423.267385,0.000000,0.768643,-0.986984,0.191175,
1624910423.271548,0.000000,0.768296,-0.987478,0.191147,
1624910423.275710,0.000000,0.767949,-0.987954,0.191136,
1624910423.279878,0.000000,0.767650,-0.988418,0.191130,
1624910423.284042,0.000000,0.767239,-0.988840,0.191159,
1624910423.346535,0.000000,0.762182,-0.995052,0.191288,
1624910423.350714,0.000000,0.761837,-0.995510,0.191242,
1624910423.354872,0.000000,0.761385,-0.996053,0.191189,
1624910423.359042,0.000000,0.761021,-0.996564,0.191129,
1624910423.363209,0.000000,0.760675,-0.997073,0.191058,
1624910423.367381,0.000000,0.760298,-0.997574,0.190972,
1624910423.371536,0.000000,0.759992,-0.998083,0.190896,
1624910423.375710,0.000000,0.759655,-0.998558,0.190801,
1624910423.379875,0.000000,0.759243,-0.999039,0.190782,
1624910423.384043,0.000000,0.758900,-0.999531,0.190553,
1624910423.446616,0.000000,0.753328,-1.005491,0.191144,
1624910423.450705,0.000000,0.752957,-1.005990,0.191079,
1624910423.454865,0.000000,0.752637,-1.006449,0.191037,
1624910423.459032,0.000000,0.752273,-1.006936,0.190994,
1624910423.463197,0.000000,0.751856,-1.007404,0.190982,
1624910423.467368,0.000000,0.751403,-1.007891,0.190966,
1624910423.471535,0.000000,0.750960,-1.008386,0.190957,
1624910423.475700,0.000000,0.750511,-1.008856,0.190923,
1624910423.479876,0.000000,0.750112,-1.009319,0.190873,
1624910423.484046,0.000000,0.749714,-1.009774,0.190851,
1624910423.546543,0.000000,0.743968,-1.015570,0.191150,
1624910423.550706,0.000000,0.743504,-1.016050,0.191107,
1624910423.554870,0.000000,0.743081,-1.016539,0.191034,
1624910423.559035,0.000000,0.742681,-1.017024,0.190945,
1624910423.563205,0.000000,0.742228,-1.017494,0.190904,
1624910423.567379,0.000000,0.741814,-1.017949,0.190859,
1624910423.571544,0.000000,0.741093,-1.018380,0.190957,
1624910423.575721,0.000000,0.740706,-1.018804,0.190926,
1624910423.579965,0.000000,0.740302,-1.019222,0.190904,
1624910423.584086,0.000000,0.739894,-1.019653,0.190885,
1624910423.646559,0.000000,0.734090,-1.025286,0.190904,
1624910423.650727,0.000000,0.733793,-1.025715,0.190815,
1624910423.654929,0.000000,0.733396,-1.026172,0.190774,
1624910423.659063,0.000000,0.732995,-1.026624,0.190733,
1624910423.663231,0.000000,0.732463,-1.027133,0.190663,
1624910423.667403,0.000000,0.731854,-1.027572,0.190740,
1624910423.671560,0.000000,0.731597,-1.028026,0.190554,
1624910423.675728,0.000000,0.731071,-1.028466,0.190565,
1624910423.679894,0.000000,0.730674,-1.028853,0.190511,
1624910423.684065,0.000000,0.730223,-1.029229,0.190552,
1624910423.746526,0.000000,0.723857,-1.034669,0.190845,
1624910423.750706,0.000000,0.723445,-1.035087,0.190802,
1624910423.754862,0.000000,0.722994,-1.035512,0.190747,
1624910423.759038,0.000000,0.722501,-1.035942,0.190736,
1624910423.763213,0.000000,0.722026,-1.036379,0.190635,
1624910423.767376,0.000000,0.721654,-1.036810,0.190528,
1624910423.771548,0.000000,0.721199,-1.037220,0.190483,
1624910423.775707,0.000000,0.720710,-1.037686,0.190415,
1624910423.779894,0.000000,0.720155,-1.037951,0.190621,
1624910423.784041,0.000000,0.719703,-1.038318,0.190650,
1624910423.846643,0.000000,0.712979,-1.043545,0.190825,
1624910423.850728,0.000000,0.712512,-1.043947,0.190759,
1624910423.854932,0.000000,0.712041,-1.044342,0.190728,
1624910423.859047,0.000000,0.711610,-1.044719,0.190703,
1624910423.863222,0.000000,0.711142,-1.045119,0.190672,
1624910423.867395,0.000000,0.710707,-1.045501,0.190604,
1624910423.871561,0.000000,0.710261,-1.045902,0.190510,
1624910423.875719,0.000000,0.709800,-1.046274,0.190502,
1624910423.879885,0.000000,0.709312,-1.046664,0.190469,
1624910423.884049,0.000000,0.708849,-1.047026,0.190478,
1624910423.946563,0.000000,0.702017,-1.051909,0.190567,
1624910423.950727,0.000000,0.701458,-1.052298,0.190575,
1624910423.954903,0.000000,0.701001,-1.052659,0.190560,
1624910423.959062,0.000000,0.700579,-1.053106,0.190370,
1624910423.963236,0.000000,0.700076,-1.053472,0.190362,
1624910423.967403,0.000000,0.699570,-1.053822,0.190367,
1624910423.971567,0.000000,0.698972,-1.054188,0.190374,
1624910423.975738,0.000000,0.698499,-1.054578,0.190302,
1624910423.979984,0.000000,0.697972,-1.054907,0.190365,
1624910423.984061,0.000000,0.697459,-1.055212,0.190457,
1624910424.046564,0.000000,0.690625,-1.059615,0.190701,
1624910424.050724,0.000000,0.690050,-1.059978,0.190706,
1624910424.054892,0.000000,0.689550,-1.060338,0.190684,
1624910424.059068,0.000000,0.689100,-1.060676,0.190613,
1624910424.063225,0.000000,0.688618,-1.061014,0.190575,
1624910424.067386,0.000000,0.688220,-1.061356,0.190477,
1624910424.071562,0.000000,0.687681,-1.061706,0.190437,
1624910424.075730,0.000000,0.687104,-1.062027,0.190462,
1624910424.079897,0.000000,0.686570,-1.062336,0.190467,
1624910424.084061,0.000000,0.686127,-1.062633,0.190466,
1624910424.146565,0.000000,0.679111,-1.066678,0.190785,
1624910424.150730,0.000000,0.678691,-1.067032,0.190691,
1624910424.154894,0.000000,0.678092,-1.067389,0.190680,
1624910424.159062,0.000000,0.677587,-1.067733,0.190637,
1624910424.163245,0.000000,0.677068,-1.068106,0.190542,
1624910424.167389,0.000000,0.676548,-1.068376,0.190523,
1624910424.171567,0.000000,0.676047,-1.068698,0.190451,
1624910424.175732,0.000000,0.675740,-1.069014,0.190285,
1624910424.179908,0.000000,0.675150,-1.069399,0.190249,
1624910424.184072,0.000000,0.674601,-1.069689,0.190272,
1624910424.246646,0.000000,0.667537,-1.073430,0.190643,
1624910424.250722,0.000000,0.666732,-1.073736,0.190752,
1624910424.254947,0.000000,0.666471,-1.074036,0.190611,
1624910424.259048,0.000000,0.666031,-1.074313,0.190556,
1624910424.263225,0.000000,0.665459,-1.074644,0.190507,
1624910424.267384,0.000000,0.664945,-1.074968,0.190414,
1624910424.271555,0.000000,0.664475,-1.075247,0.190394,
1624910424.275733,0.000000,0.663874,-1.075543,0.190358,
1624910424.279894,0.000000,0.663360,-1.075850,0.190262,
1624910424.284053,0.000000,0.662770,-1.076152,0.190268,
1624910424.346601,0.000000,0.655573,-1.079530,0.190522,
1624910424.350727,0.000000,0.654968,-1.079824,0.190481,
1624910424.354888,0.000000,0.654187,-1.080108,0.190548,
1624910424.359115,0.000000,0.653619,-1.080383,0.190546,
1624910424.363229,0.000000,0.653260,-1.080715,0.190403,
1624910424.367391,0.000000,0.652659,-1.080991,0.190440,
1624910424.371563,0.000000,0.651979,-1.081255,0.190442,
1624910424.375728,0.000000,0.651448,-1.081542,0.190415,
1624910424.380010,0.000000,0.650892,-1.081809,0.190376,
1624910424.384056,0.000000,0.650363,-1.082052,0.190349,
1624910424.446555,0.000000,0.642993,-1.085146,0.190702,
1624910424.450727,0.000000,0.642419,-1.085406,0.190677,
1624910424.454910,0.000000,0.641892,-1.085666,0.190631,
1624910424.459048,0.000000,0.641410,-1.085935,0.190588,
1624910424.463227,0.000000,0.640801,-1.086217,0.190536,
1624910424.467389,0.000000,0.640274,-1.086487,0.190477,
1624910424.471563,0.000000,0.639736,-1.086783,0.190407,
1624910424.475723,0.000000,0.639146,-1.087029,0.190386,
1624910424.479887,0.000000,0.638629,-1.087274,0.190322,
1624910424.484060,0.000000,0.638034,-1.087500,0.190306,
1624910424.546503,0.000000,0.630432,-1.090298,0.190595,
1624910424.550670,0.000000,0.629866,-1.090513,0.190573,
1624910424.554836,0.000000,0.629340,-1.090753,0.190504,
1624910424.559042,0.000000,0.628803,-1.091002,0.190432,
1624910424.563176,0.000000,0.628256,-1.091252,0.190356,
1624910424.567342,0.000000,0.627719,-1.091497,0.190294,
1624910424.571533,0.000000,0.627147,-1.091739,0.190244,
1624910424.575710,0.000000,0.626596,-1.091981,0.190214,
1624910424.579874,0.000000,0.626034,-1.092195,0.190192,
1624910424.584048,0.000000,0.625434,-1.092442,0.190141,
1624910424.646654,0.000000,0.617654,-1.094894,0.190456,
1624910424.650725,0.000000,0.617092,-1.095092,0.190438,
1624910424.654940,0.000000,0.616480,-1.095295,0.190438,
1624910424.659101,0.000000,0.615879,-1.095482,0.190432,
1624910424.663218,0.000000,0.615329,-1.095725,0.190363,
1624910424.667387,0.000000,0.614805,-1.095940,0.190305,
1624910424.671561,0.000000,0.614234,-1.096159,0.190266,
1624910424.675723,0.000000,0.613621,-1.096403,0.190173,
1624910424.679891,0.000000,0.613075,-1.096592,0.190145,
1624910424.684062,0.000000,0.612515,-1.096815,0.190072,
1624910424.746549,0.000000,0.604674,-1.098802,0.190568,
1624910424.750723,0.000000,0.604151,-1.098960,0.190538,
1624910424.754913,0.000000,0.603612,-1.099134,0.190516,
1624910424.759037,0.000000,0.603053,-1.099322,0.190462,
1624910424.763212,0.000000,0.602453,-1.099540,0.190419,
1624910424.767375,0.000000,0.601932,-1.099784,0.190297,
1624910424.771551,0.000000,0.601377,-1.100009,0.190195,
1624910424.775833,0.000000,0.600751,-1.100186,0.190170,
1624910424.779960,0.000000,0.600159,-1.100393,0.190119,
1624910424.784043,0.000000,0.599614,-1.100608,0.189986,
1624910424.846532,0.000000,0.591788,-1.102284,0.190355,
1624910424.850719,0.000000,0.591248,-1.102400,0.190361,
1624910424.854901,0.000000,0.590670,-1.102528,0.190365,
1624910424.859045,0.000000,0.590131,-1.102707,0.190348,
1624910424.863219,0.000000,0.589505,-1.102912,0.190298,
1624910424.867374,0.000000,0.588993,-1.103140,0.190150,
1624910424.871556,0.000000,0.588349,-1.103307,0.190133,
1624910424.875721,0.000000,0.587769,-1.103465,0.190097,
1624910424.879883,0.000000,0.587151,-1.103635,0.190063,
1624910424.884041,0.000000,0.586505,-1.103739,0.190113,
1624910424.946518,0.000000,0.578613,-1.105157,0.190390,
1624910424.950685,0.000000,0.578088,-1.105276,0.190379,
1624910424.954847,0.000000,0.577539,-1.105423,0.190314,
1624910424.959008,0.000000,0.577041,-1.105555,0.190247,
1624910424.963177,0.000000,0.576489,-1.105738,0.190115,
1624910424.967349,0.000000,0.575972,-1.105866,0.190040,
1624910424.971523,0.000000,0.575325,-1.106023,0.190005,
1624910424.975690,0.000000,0.574789,-1.106165,0.189957,
1624910424.979858,0.000000,0.574243,-1.106312,0.189889,
1624910424.984026,0.000000,0.573602,-1.106459,0.189866,
1624910425.046633,0.000000,0.565499,-1.107423,0.190462,
1624910425.050719,0.000000,0.564946,-1.107503,0.190455,
1624910425.054930,0.000000,0.564339,-1.107665,0.190275,
1624910425.059048,0.000000,0.563769,-1.107782,0.190224,
1624910425.063213,0.000000,0.563156,-1.107897,0.190190,
1624910425.067384,0.000000,0.562457,-1.108023,0.190140,
1624910425.071553,0.000000,0.561950,-1.108127,0.190071,
1624910425.075725,0.000000,0.561357,-1.108176,0.190213,
1624910425.079886,0.000000,0.560749,-1.108290,0.190168,
1624910425.084054,0.000000,0.560158,-1.108444,0.189931,
1624910425.146545,0.000000,0.551894,-1.109115,0.190361,
1624910425.150687,0.000000,0.551349,-1.109205,0.190340,
1624910425.154886,0.000000,0.550785,-1.109281,0.190312,
1624910425.159012,0.000000,0.550194,-1.109298,0.190488,
1624910425.163180,0.000000,0.549551,-1.109332,0.190487,
1624910425.167353,0.000000,0.548876,-1.109387,0.190461,
1624910425.171526,0.000000,0.548261,-1.109506,0.190380,
1624910425.175689,0.000000,0.547741,-1.109590,0.190321,
1624910425.179941,0.000000,0.547062,-1.109785,0.190028,
1624910425.184014,0.000000,0.546365,-1.109865,0.190019,
1624910425.246543,0.000000,0.538332,-1.110325,0.190186,
1624910425.250710,0.000000,0.537760,-1.110373,0.190158,
1624910425.254881,0.000000,0.536849,-1.110205,0.190611,
1624910425.259047,0.000000,0.536279,-1.110265,0.190559,
1624910425.263212,0.000000,0.535634,-1.110326,0.190469,
1624910425.267380,0.000000,0.534886,-1.110396,0.190475,
1624910425.271550,0.000000,0.534386,-1.110481,0.190374,
1624910425.275710,0.000000,0.533848,-1.110536,0.190333,
1624910425.279875,0.000000,0.533046,-1.110511,0.190460,
1624910425.284048,0.000000,0.532423,-1.110574,0.190418,
1624910425.346541,0.000000,0.524237,-1.110625,0.190743,
1624910425.350724,0.000000,0.523695,-1.110666,0.190689,
1624910425.354873,0.000000,0.523106,-1.110670,0.190667,
1624910425.359036,0.000000,0.522541,-1.110626,0.190685,
1624910425.363210,0.000000,0.521917,-1.110668,0.190644,
1624910425.367364,0.000000,0.521311,-1.110730,0.190567,
1624910425.371534,0.000000,0.520633,-1.110764,0.190527,
1624910425.375705,0.000000,0.519984,-1.110826,0.190461,
1624910425.379874,0.000000,0.519386,-1.110876,0.190384,
1624910425.384040,0.000000,0.518765,-1.110899,0.190329,
1624910425.446621,0.000000,0.510477,-1.110581,0.190683,
1624910425.450622,0.000000,0.509948,-1.110590,0.190674,
1624910425.454819,0.000000,0.509280,-1.110612,0.190624,
1624910425.458949,0.000000,0.508623,-1.110586,0.190630,
1624910425.463127,0.000000,0.508027,-1.110590,0.190590,
1624910425.467286,0.000000,0.507413,-1.110608,0.190542,
1624910425.471451,0.000000,0.506870,-1.110615,0.190503,
1624910425.475625,0.000000,0.506251,-1.110610,0.190478,
1624910425.479794,0.000000,0.505610,-1.110600,0.190434,
1624910425.483954,0.000000,0.504914,-1.110585,0.190386,
1624910425.546459,0.000000,0.496717,-1.109975,0.190684,
1624910425.550620,0.000000,0.496242,-1.109967,0.190649,
1624910425.554864,0.000000,0.495536,-1.109933,0.190642,
1624910425.559039,0.000000,0.494956,-1.109895,0.190580,
1624910425.563209,0.000000,0.494326,-1.109861,0.190496,
1624910425.567374,0.000000,0.493727,-1.109824,0.190452,
1624910425.571536,0.000000,0.493035,-1.109777,0.190428,
1624910425.575703,0.000000,0.492419,-1.109677,0.190482,
1624910425.579951,0.000000,0.491794,-1.109686,0.190425,
1624910425.584046,0.000000,0.491263,-1.109679,0.190360,
1624910425.646536,0.000000,0.483215,-1.108707,0.190677,
1624910425.650700,0.000000,0.482681,-1.108642,0.190665,
1624910425.654873,0.000000,0.482123,-1.108583,0.190656,
1624910425.659034,0.000000,0.481468,-1.108526,0.190613,
1624910425.663201,0.000000,0.480905,-1.108468,0.190577,
1624910425.667372,0.000000,0.480193,-1.108427,0.190528,
1624910425.671545,0.000000,0.479628,-1.108388,0.190487,
1624910425.675705,0.000000,0.478894,-1.108351,0.190457,
1624910425.679869,0.000000,0.478351,-1.108261,0.190438,
1624910425.684036,0.000000,0.477758,-1.108188,0.190410,
1624910425.746534,0.000000,0.469717,-1.106772,0.190811,
1624910425.750709,0.000000,0.469244,-1.106670,0.190846,
1624910425.754858,0.000000,0.468672,-1.106592,0.190820,
1624910425.759049,0.000000,0.468019,-1.106488,0.190817,
1624910425.763208,0.000000,0.467432,-1.106403,0.190750,
1624910425.767379,0.000000,0.466910,-1.106390,0.190669,
1624910425.771552,0.000000,0.466287,-1.106323,0.190588,
1624910425.775721,0.000000,0.465706,-1.106251,0.190538,
1624910425.779883,0.000000,0.465085,-1.106120,0.190554,
1624910425.784054,0.000000,0.464469,-1.106047,0.190497,
1624910425.846675,0.000000,0.456438,-1.104278,0.190736,
1624910425.850762,0.000000,0.455935,-1.104177,0.190735,
1624910425.854928,0.000000,0.455383,-1.104067,0.190750,
1624910425.859096,0.000000,0.454804,-1.103934,0.190755,
1624910425.863248,0.000000,0.454233,-1.103860,0.190701,
1624910425.867422,0.000000,0.453613,-1.103763,0.190665,
1624910425.871586,0.000000,0.453008,-1.103640,0.190653,
1624910425.875765,0.000000,0.452402,-1.103601,0.190577,
1624910425.879919,0.000000,0.451824,-1.103506,0.190529,
1624910425.884093,0.000000,0.451253,-1.103441,0.190427,
1624910425.946573,0.000000,0.443223,-1.101380,0.190676,
1624910425.950748,0.000000,0.442710,-1.101213,0.190689,
1624910425.954916,0.000000,0.442186,-1.101077,0.190694,
1624910425.959079,0.000000,0.441655,-1.100938,0.190703,
1624910425.963258,0.000000,0.441044,-1.100799,0.190685,
1624910425.967387,0.000000,0.440441,-1.100621,0.190695,
1624910425.971561,0.000000,0.439799,-1.100499,0.190671,
1624910425.975728,0.000000,0.439190,-1.100307,0.190698,
1624910425.980047,0.000000,0.438585,-1.100181,0.190670,
1624910425.984059,0.000000,0.437971,-1.100040,0.190627,
