1624910736.000000,93415976.000000,-0.000285,-0.000040,0.000434,-0.004736,0.026946,-0.000188,0.999626,-0.004610,-0.002316,0.007699,-0.004578,0.002520,0.006328,
1624910736.000000,98418951.000000,0.000014,0.000167,0.000221,-0.004773,0.027028,-0.000203,0.999623,0.001085,0.000893,0.006365,-0.001605,-0.012448,-0.000064,
1624910736.000000,103421926.000000,0.000021,0.000171,0.000248,-0.004766,0.027007,-0.000212,0.999624,0.000984,0.000812,0.007026,0.000723,0.007510,-0.006471,
1624910736.000000,108425856.000000,0.000031,0.000175,0.000281,-0.004772,0.027032,-0.000224,0.999623,0.001113,0.000732,0.007857,-0.002603,-0.003746,-0.000120,
1624910736.000000,113428831.000000,0.000042,0.000179,0.000321,-0.004775,0.027003,-0.000215,0.999624,0.001249,0.000653,0.008811,-0.000419,-0.002106,0.003170,
1624910736.000000,118431807.000000,0.000048,0.000185,0.000354,-0.004774,0.027018,-0.000209,0.999624,0.000841,0.000867,0.008314,0.000632,0.002535,0.003100,
1624910736.000000,123435020.000000,0.000056,0.000190,0.000396,-0.004772,0.027009,-0.000201,0.999624,0.000784,0.000886,0.008777,0.000643,-0.004069,0.002078,
1624910736.000000,128437996.000000,0.000063,0.000195,0.000440,-0.004771,0.027007,-0.000200,0.999624,0.000670,0.000905,0.009246,0.000630,0.002377,-0.001146,
1624910736.000000,133440971.000000,0.000035,0.000222,0.000084,-0.004784,0.026956,-0.000186,0.999625,0.001132,0.001051,0.004821,-0.000452,-0.003906,0.002011,
1624910736.000000,138443947.000000,0.000043,0.000228,0.000110,-0.004785,0.026950,-0.000181,0.999625,0.001260,0.000977,0.005659,0.000606,0.007546,-0.001121,
1624910736.000000,183472872.000000,0.000029,-0.000032,0.000438,-0.004914,0.024672,-0.000313,0.999683,0.013312,-0.008330,0.009989,-0.035643,-0.563435,-0.089516,
1624910736.000000,188475847.000000,0.000106,-0.000077,0.000481,-0.004991,0.023467,-0.000632,0.999712,0.017120,-0.009837,0.010099,-0.011235,-0.394861,-0.174767,
1624910736.000000,193479061.000000,0.000518,-0.000162,0.000458,-0.005008,0.022812,-0.001144,0.999727,0.066497,-0.015818,0.003089,-0.002455,-0.091322,-0.224004,
1624910736.000000,198481798.000000,0.001573,-0.000230,0.000034,-0.005072,0.022916,-0.001752,0.999723,0.117582,-0.020501,-0.005059,-0.019676,0.180640,-0.256768,
1624910736.000000,203484774.000000,0.002215,-0.000344,-0.000024,-0.005119,0.023627,-0.002454,0.999705,0.140010,-0.023573,-0.006392,0.004682,0.389001,-0.301588,
1624910736.000000,208488941.000000,0.002766,-0.000394,-0.000070,-0.005097,0.024632,-0.003256,0.999678,0.138973,-0.017499,-0.005687,0.014600,0.351837,-0.331459,
1624910736.000000,213491917.000000,0.003498,-0.000487,-0.000139,-0.005122,0.025391,-0.004135,0.999656,0.153981,-0.017430,-0.006582,-0.023856,0.311987,-0.374987,
1624910736.000000,218494892.000000,0.004302,-0.000582,-0.000224,-0.005217,0.026142,-0.005143,0.999631,0.168855,-0.017265,-0.008027,-0.018816,0.246663,-0.427314,
1624910736.000000,223498106.000000,0.004918,-0.000639,-0.000215,-0.005230,0.026654,-0.006238,0.999612,0.146527,-0.011945,0.002870,0.029333,0.213586,-0.435932,
1624910736.000000,228500843.000000,0.005652,-0.000703,-0.000229,-0.005175,0.027087,-0.007280,0.999593,0.146361,-0.009727,0.006199,0.017859,0.073216,-0.383749,
1624910736.000000,273529053.000000,0.008742,-0.002338,-0.000097,-0.004446,0.026024,-0.016103,0.999522,0.101952,-0.038137,0.004228,0.036074,-0.158993,-0.408506,
1624910736.000000,278532982.000000,0.009243,-0.002547,-0.000107,-0.004417,0.025745,-0.017153,0.999512,0.102770,-0.038742,0.001433,0.013518,-0.053923,-0.418421,
1624910736.000000,283535719.000000,0.009750,-0.002761,-0.000134,-0.004420,0.025728,-0.018183,0.999494,0.103838,-0.039345,-0.001559,0.010262,0.035259,-0.409647,
1624910736.000000,288538694.000000,0.010339,-0.002932,-0.000160,-0.004414,0.025863,-0.019202,0.999471,0.115568,-0.032974,-0.001690,0.010374,0.067041,-0.400184,
1624910736.000000,293541908.000000,0.010923,-0.003115,-0.000202,-0.004396,0.026066,-0.020203,0.999446,0.121213,-0.030754,-0.003160,0.029395,0.110183,-0.407471,
1624910736.000000,298544884.000000,0.013028,-0.002765,0.000396,-0.004363,0.026522,-0.021328,0.999411,0.151823,-0.017209,0.013542,0.017044,0.176971,-0.433454,
1624910736.000000,303547859.000000,0.013684,-0.002848,0.000410,-0.004388,0.026950,-0.022429,0.999376,0.144247,-0.012064,0.010506,-0.015200,0.138179,-0.438906,
1624910736.000000,308552027.000000,0.014408,-0.002933,0.000420,-0.004470,0.027141,-0.023511,0.999345,0.145467,-0.008818,0.008881,-0.030038,0.015986,-0.427085,
1624910736.000000,313554764.000000,0.015132,-0.003004,0.000420,-0.004588,0.027096,-0.024588,0.999320,0.146262,-0.005577,0.007084,-0.038568,-0.024634,-0.446143,
1624910736.000000,318557739.000000,0.015834,-0.003118,0.000449,-0.004687,0.027110,-0.025718,0.999291,0.143650,-0.010662,0.009785,-0.005686,0.053874,-0.447491,
1624910736.000000,363585949.000000,0.022544,-0.004667,0.000596,-0.004159,0.027687,-0.035780,0.998967,0.125147,-0.035222,0.052279,0.023182,-0.222351,-0.409191,
1624910736.000000,368589163.000000,0.023274,-0.004581,-0.000332,-0.004109,0.027284,-0.036921,0.998937,0.123895,-0.024134,0.009102,0.027469,-0.197481,-0.429626,
1624910736.000000,373592854.000000,0.023873,-0.004745,-0.000327,-0.004080,0.026866,-0.038010,0.998908,0.120265,-0.023522,0.005407,0.027588,-0.170787,-0.429886,
1624910736.000000,378596067.000000,0.024453,-0.004907,-0.000339,-0.004064,0.026455,-0.039070,0.998878,0.116720,-0.022935,0.001778,0.022182,-0.119906,-0.424315,
1624910736.000000,383599043.000000,0.025261,-0.005071,-0.000294,-0.004044,0.026310,-0.040139,0.998839,0.138499,-0.020980,0.007435,0.021140,0.001411,-0.428700,
1624910736.000000,388602018.000000,0.025955,-0.005230,-0.000295,-0.004022,0.026405,-0.041211,0.998793,0.142834,-0.019924,0.006693,0.013709,0.069265,-0.428659,
1624910736.000000,393604994.000000,0.026672,-0.005387,-0.000304,-0.004003,0.026596,-0.042275,0.998744,0.147300,-0.018850,0.005759,0.024242,0.080876,-0.418063,
1624910736.000000,398607969.000000,0.027850,-0.005562,-0.000055,-0.004023,0.027137,-0.043526,0.998676,0.160529,-0.014727,0.003595,-0.007375,0.069036,-0.439418,
1624910736.000000,403611660.000000,0.028652,-0.005701,-0.000087,-0.004105,0.027346,-0.044652,0.998620,0.164452,-0.012719,0.000823,-0.024849,0.119572,-0.452471,
1624910736.000000,408614874.000000,0.029475,-0.005835,-0.000135,-0.004158,0.027670,-0.045782,0.998560,0.168390,-0.010696,-0.001979,-0.006509,0.110748,-0.456535,
1624910736.000000,498671055.000000,0.040947,-0.008966,-0.000136,-0.003847,0.027359,-0.065770,0.997452,0.158781,-0.014269,0.005651,0.004077,0.083158,-0.444661,
1624910736.000000,503674746.000000,0.041734,-0.009139,-0.000153,-0.003851,0.027454,-0.066887,0.997375,0.164296,-0.012311,0.003368,0.003267,0.025149,-0.463474,
1624910736.000000,508677959.000000,0.042401,-0.009288,-0.000150,-0.003899,0.027579,-0.068066,0.997292,0.153782,-0.010510,0.003981,-0.023463,0.092046,-0.468126,
1624910736.000000,513680935.000000,0.043160,-0.009441,-0.000172,-0.003968,0.027893,-0.069201,0.997205,0.154690,-0.008593,0.003070,-0.011928,0.144377,-0.444458,
1624910736.000000,518683672.000000,0.043923,-0.009587,-0.000197,-0.003992,0.028206,-0.070289,0.997120,0.155522,-0.006686,0.002333,-0.013713,0.090404,-0.426389,
1624910736.000000,523686886.000000,0.044654,-0.009759,-0.000196,-0.004074,0.028344,-0.071353,0.997040,0.151348,-0.010242,0.005634,-0.029943,0.033815,-0.435855,
1624910736.000000,528689861.000000,0.045393,-0.009919,-0.000208,-0.004182,0.028394,-0.072472,0.996958,0.150072,-0.010520,0.006113,-0.035180,0.003327,-0.461560,
1624910736.000000,533693790.000000,0.045747,-0.010216,-0.001081,-0.004233,0.028015,-0.073648,0.996882,0.141880,-0.015546,-0.009637,-0.022442,-0.083267,-0.466056,
1624910736.000000,538697004.000000,0.046474,-0.010489,-0.000885,-0.004280,0.027766,-0.074820,0.996801,0.145541,-0.025670,0.021702,0.033938,-0.073437,-0.482889,
1624910736.000000,543699980.000000,0.047175,-0.010733,-0.000793,-0.004137,0.027830,-0.076045,0.996707,0.145591,-0.029145,0.031233,0.098027,0.179685,-0.485286,
1624910736.000000,593730927.000000,0.053638,-0.012842,-0.000422,-0.003431,0.027260,-0.086920,0.995836,0.147277,-0.019051,0.006208,0.011656,0.140173,-0.442537,
1624910736.000000,598735094.000000,0.054968,-0.013132,-0.000414,-0.003498,0.027616,-0.088112,0.995722,0.170348,-0.015971,0.006612,0.006265,0.118347,-0.448298,
1624910736.000000,603737831.000000,0.055691,-0.013317,-0.000449,-0.003506,0.027826,-0.089225,0.995617,0.163846,-0.012266,0.002554,-0.010611,0.010135,-0.455439,
1624910736.000000,608740807.000000,0.056494,-0.013521,-0.000484,-0.003573,0.027758,-0.090377,0.995514,0.166206,-0.010194,0.000506,-0.000240,-0.011350,-0.463140,
1624910736.000000,613743782.000000,0.057309,-0.013718,-0.000530,-0.003600,0.027861,-0.091524,0.995407,0.168626,-0.008111,-0.001116,-0.023214,0.089096,-0.460867,
1624910736.000000,618746758.000000,0.058087,-0.013922,-0.000548,-0.003684,0.028183,-0.092654,0.995293,0.164306,-0.009149,0.001794,-0.021662,0.166331,-0.440765,
1624910736.000000,623749971.000000,0.058887,-0.014119,-0.000589,-0.003731,0.028540,-0.093725,0.995182,0.164358,-0.008334,0.000858,-0.041275,0.069563,-0.427780,
1624910736.000000,628753901.000000,0.059684,-0.014312,-0.000639,-0.003881,0.028588,-0.094811,0.995077,0.164102,-0.007514,-0.000593,-0.032365,0.009940,-0.452310,
1624910736.000000,633756876.000000,0.059703,-0.014684,-0.001434,-0.003887,0.028383,-0.096000,0.994969,0.143822,-0.021581,0.002220,-0.001015,-0.051493,-0.470714,
1624910736.000000,638759851.000000,0.060385,-0.014934,-0.001442,-0.003887,0.028182,-0.097177,0.994861,0.142229,-0.024022,0.008055,0.057234,-0.071389,-0.475916,
1624910736.000000,678784847.000000,0.064660,-0.017195,-0.000924,-0.003230,0.026674,-0.106026,0.994000,0.130375,-0.026481,0.009651,0.034138,-0.160163,-0.447282,
1624910736.000000,683788061.000000,0.065281,-0.017464,-0.000910,-0.003185,0.026526,-0.107130,0.993886,0.135719,-0.026385,0.008782,0.039330,0.058220,-0.434593,
1624910736.000000,688791037.000000,0.065928,-0.017741,-0.000895,-0.003099,0.026837,-0.108198,0.993762,0.141021,-0.026277,0.008467,0.016063,0.165799,-0.425937,
1624910736.000000,693793774.000000,0.066591,-0.017980,-0.000914,-0.003065,0.027252,-0.109265,0.993634,0.143684,-0.020267,0.003491,0.009363,0.171658,-0.432384,
1624910736.000000,698797941.000000,0.067917,-0.017985,-0.001037,-0.003147,0.027807,-0.110490,0.993483,0.158385,-0.011481,-0.001274,-0.005236,0.124081,-0.453757,
1624910736.000000,703800917.000000,0.068688,-0.018212,-0.001093,-0.003192,0.027994,-0.111639,0.993349,0.163006,-0.008880,-0.004079,-0.013977,0.025345,-0.465589,
1624910736.000000,708804131.000000,0.069483,-0.018433,-0.001164,-0.003257,0.027994,-0.112797,0.993218,0.167685,-0.006258,-0.006999,-0.014886,-0.006726,-0.468697,
1624910736.000000,713807106.000000,0.070143,-0.018672,-0.001163,-0.003328,0.028027,-0.113955,0.993085,0.156813,-0.009603,-0.001837,-0.017095,0.041104,-0.460250,
1624910736.000000,718809843.000000,0.070897,-0.018896,-0.001217,-0.003383,0.028212,-0.115088,0.992949,0.157158,-0.008752,-0.002482,-0.020233,0.105840,-0.455872,
1624910736.000000,723812819.000000,0.071655,-0.019118,-0.001275,-0.003438,0.028503,-0.116211,0.992809,0.157592,-0.007900,-0.003079,-0.023475,0.109238,-0.444289,
1624910736.000000,768841982.000000,0.076531,-0.021748,-0.001131,-0.002742,0.027955,-0.126178,0.991610,0.094208,-0.022551,0.011166,0.009803,-0.304785,-0.430500,
1624910736.000000,773844957.000000,0.077203,-0.022055,-0.001053,-0.002860,0.027291,-0.127272,0.991488,0.116813,-0.023632,0.015389,0.004087,-0.270569,-0.444502,
1624910736.000000,778847933.000000,0.077749,-0.022319,-0.001008,-0.002916,0.026676,-0.128374,0.991363,0.119056,-0.023182,0.014262,0.036288,-0.170094,-0.448581,
1624910736.000000,783850908.000000,0.078306,-0.022584,-0.000964,-0.002864,0.026515,-0.129495,0.991221,0.121308,-0.022718,0.013659,0.037442,0.051961,-0.449756,
1624910736.000000,788853884.000000,0.078950,-0.022849,-0.000959,-0.002775,0.026862,-0.130590,0.991069,0.134564,-0.019115,0.009153,0.021342,0.226882,-0.427392,
1624910736.000000,793858051.000000,0.079593,-0.023117,-0.000954,-0.002693,0.027473,-0.131641,0.990913,0.141371,-0.017363,0.006895,-0.000971,0.232552,-0.428258,
1624910736.000000,798861027.000000,0.081121,-0.023621,-0.001170,-0.002745,0.028269,-0.132839,0.990731,0.165383,-0.015192,-0.001998,0.011550,0.112467,-0.445525,
1624910736.000000,803864002.000000,0.081754,-0.023872,-0.001206,-0.002719,0.028384,-0.133963,0.990576,0.152561,-0.013508,-0.003157,0.003463,0.012281,-0.464596,
1624910736.000000,808867216.000000,0.082466,-0.024135,-0.001267,-0.002796,0.028401,-0.135130,0.990417,0.152044,-0.011706,-0.005646,-0.037288,0.009263,-0.473249,
1624910736.000000,813869953.000000,0.083185,-0.024392,-0.001348,-0.002939,0.028420,-0.136276,0.990259,0.152076,-0.009890,-0.008675,-0.044797,-0.020015,-0.448741,
1624910736.000000,903860569.000000,0.094270,-0.030216,-0.000631,-0.002395,0.028147,-0.156462,0.987280,0.153936,-0.015329,0.008035,-0.017008,0.100133,-0.472203,
1624910736.000000,908863544.000000,0.094996,-0.030529,-0.000641,-0.002449,0.028395,-0.157634,0.987086,0.157059,-0.013469,0.005112,-0.031904,0.060886,-0.467080,
1624910736.000000,913866282.000000,0.095669,-0.030843,-0.000602,-0.002551,0.028466,-0.158757,0.986904,0.151064,-0.015439,0.010159,-0.025624,0.016574,-0.449812,
1624910736.000000,918870449.000000,0.096362,-0.031153,-0.000590,-0.002640,0.028484,-0.159863,0.986725,0.150213,-0.015136,0.010068,-0.029676,-0.026204,-0.447746,
1624910736.000000,923873425.000000,0.097051,-0.031462,-0.000580,-0.002752,0.028469,-0.160983,0.986543,0.149214,-0.014834,0.009786,-0.022467,0.058584,-0.466846,
1624910736.000000,928876400.000000,0.097604,-0.031749,-0.001622,-0.002805,0.028518,-0.162104,0.986358,0.139973,-0.021889,0.014903,0.009604,0.085422,-0.456527,
1624910736.000000,933879614.000000,0.098242,-0.032085,-0.001578,-0.002770,0.028603,-0.163204,0.986174,0.139228,-0.023592,0.020315,0.025673,-0.010460,-0.442409,
1624910736.000000,938882351.000000,0.098860,-0.032424,-0.001509,-0.002712,0.028576,-0.164314,0.985990,0.137782,-0.025306,0.025483,0.057425,0.047101,-0.457394,
1624910736.000000,943885088.000000,0.099465,-0.032770,-0.001415,-0.002522,0.028795,-0.165458,0.985793,0.136152,-0.027009,0.030679,0.078980,0.128645,-0.459639,
1624910736.000000,948888302.000000,0.100007,-0.033104,-0.001256,-0.002318,0.029009,-0.166570,0.985600,0.126807,-0.028993,0.039370,0.079894,0.049163,-0.434047,
1624910736.000000,993917465.000000,0.105131,-0.035544,-0.002123,-0.002205,0.027512,-0.175960,0.984010,0.136947,-0.011941,-0.003770,0.008501,0.157219,-0.445775,
1624910736.000000,998920441.000000,0.106898,-0.036501,-0.001709,-0.002126,0.028091,-0.177119,0.983786,0.165446,-0.012163,-0.002608,0.003185,0.154968,-0.442656,
1624910737.000000,3923416.000000,0.107664,-0.036848,-0.001774,-0.002110,0.028394,-0.178208,0.983581,0.170989,-0.010341,-0.005693,-0.016891,0.088036,-0.448899,
1624910737.000000,8926392.000000,0.108296,-0.037160,-0.001777,-0.002176,0.028590,-0.179328,0.983371,0.157473,-0.010989,-0.001007,-0.030938,0.084495,-0.459679,
1624910737.000000,13930321.000000,0.109009,-0.037486,-0.001824,-0.002226,0.028814,-0.180448,0.983160,0.156566,-0.009981,-0.001366,-0.010666,0.072352,-0.446916,
1624910737.000000,18933535.000000,0.109719,-0.037808,-0.001869,-0.002264,0.028909,-0.181530,0.982958,0.155610,-0.008990,-0.001374,-0.020020,0.000107,-0.438267,
1624910737.000000,23936510.000000,0.110413,-0.038149,-0.001869,-0.002379,0.028878,-0.182608,0.982759,0.153857,-0.011982,0.004838,-0.033078,-0.015028,-0.439406,
1624910737.000000,28939486.000000,0.110630,-0.038750,-0.002683,-0.002467,0.028557,-0.183657,0.982572,0.149356,-0.019196,-0.005346,-0.015977,0.008701,-0.448958,
1624910737.000000,33942461.000000,0.111286,-0.039110,-0.002747,-0.002496,0.028601,-0.184766,0.982363,0.148563,-0.019815,-0.004336,0.013853,0.031891,-0.448025,
1624910737.000000,38945436.000000,0.111923,-0.039516,-0.002575,-0.002428,0.028657,-0.185862,0.982155,0.146501,-0.026062,0.023380,0.058571,0.016244,-0.445757,
1624910737.000000,93980312.000000,0.118161,-0.043489,-0.001896,-0.001703,0.027870,-0.197480,0.979909,0.149419,-0.018925,0.020669,0.021458,0.058097,-0.432040,
1624910737.000000,98983288.000000,0.118829,-0.043870,-0.001830,-0.001690,0.028036,-0.198564,0.979685,0.153602,-0.018089,0.021406,-0.015834,0.070080,-0.451284,
1624910737.000000,103986263.000000,0.119468,-0.044199,-0.001843,-0.001755,0.028182,-0.199677,0.979455,0.150980,-0.013421,0.012694,-0.022408,0.036104,-0.454516,
1624910737.000000,108990431.000000,0.120145,-0.044555,-0.001826,-0.001806,0.028271,-0.200782,0.979226,0.152992,-0.011353,0.010246,-0.009443,0.048505,-0.448074,
1624910737.000000,113993406.000000,0.120834,-0.044906,-0.001819,-0.001837,0.028411,-0.201871,0.978998,0.154996,-0.009282,0.008083,-0.017937,0.044754,-0.441682,
1624910737.000000,118996620.000000,0.121501,-0.045264,-0.001778,-0.001894,0.028568,-0.202949,0.978771,0.152773,-0.010527,0.012178,-0.023378,0.107600,-0.441655,
1624910737.000000,123999357.000000,0.122185,-0.045616,-0.001757,-0.001925,0.028842,-0.204034,0.978537,0.153054,-0.009782,0.012381,-0.022243,0.049581,-0.444885,
1624910737.000000,129002333.000000,0.122156,-0.045962,-0.002754,-0.002032,0.028595,-0.205106,0.978320,0.144391,-0.012711,-0.005175,-0.025469,-0.029024,-0.453390,
1624910737.000000,134005547.000000,0.122761,-0.046370,-0.002623,-0.002132,0.028541,-0.206222,0.978087,0.143278,-0.020023,0.016561,-0.016956,-0.024272,-0.458757,
1624910737.000000,139008522.000000,0.123381,-0.046758,-0.002548,-0.002132,0.028572,-0.207359,0.977845,0.143432,-0.021941,0.024290,0.053133,0.086457,-0.473588,
1624910737.000000,184037209.000000,0.127823,-0.049710,-0.002357,-0.001503,0.027392,-0.216775,0.975836,0.111964,-0.019099,0.007384,0.045136,-0.074697,-0.407544,
1624910737.000000,189040184.000000,0.128300,-0.050035,-0.002351,-0.001489,0.027405,-0.217792,0.975609,0.115029,-0.017783,0.006755,-0.016882,0.076576,-0.421514,
1624910737.000000,194043398.000000,0.129534,-0.050727,-0.002207,-0.001529,0.027854,-0.218885,0.975352,0.138926,-0.014322,0.019720,0.001902,0.066032,-0.443719,
1624910737.000000,199046373.000000,0.130181,-0.051086,-0.002315,-0.001488,0.027963,-0.219984,0.975101,0.146630,-0.010473,0.003162,0.014298,0.055764,-0.446088,
1624910737.000000,204049349.000000,0.130835,-0.051451,-0.002347,-0.001482,0.028133,-0.221066,0.974852,0.151594,-0.008283,-0.000843,-0.009518,0.076316,-0.449023,
1624910737.000000,209053516.000000,0.131515,-0.051818,-0.002405,-0.001490,0.028337,-0.222164,0.974596,0.156658,-0.006061,-0.005180,-0.005226,0.093079,-0.443928,
1624910737.000000,214056253.000000,0.132157,-0.052183,-0.002437,-0.001490,0.028592,-0.223238,0.974343,0.152893,-0.007468,-0.002895,-0.026331,0.109093,-0.445818,
1624910737.000000,219059467.000000,0.132830,-0.052550,-0.002496,-0.001536,0.028856,-0.224339,0.974083,0.154071,-0.006687,-0.003947,-0.015002,0.089016,-0.454528,
1624910737.000000,224062443.000000,0.133510,-0.052917,-0.002559,-0.001555,0.029046,-0.225443,0.973822,0.155308,-0.005900,-0.004669,-0.029383,0.067656,-0.452326,
1624910737.000000,229065418.000000,0.133934,-0.053391,-0.003286,-0.001661,0.028797,-0.226464,0.973592,0.142055,-0.012868,0.000379,-0.030997,0.043500,-0.440623,
1624910737.000000,274094105.000000,0.138627,-0.057025,-0.002804,-0.001240,0.028000,-0.236003,0.971348,0.119728,-0.019526,0.020219,0.030359,-0.226288,-0.438679,
1624910737.000000,279097319.000000,0.139122,-0.057388,-0.002752,-0.001223,0.027556,-0.237069,0.971101,0.120460,-0.018642,0.018849,0.055018,-0.117487,-0.441586,
1624910737.000000,284100294.000000,0.139626,-0.057751,-0.002693,-0.001219,0.027426,-0.238128,0.970846,0.121560,-0.017755,0.018798,0.002212,0.048337,-0.416284,
1624910737.000000,289103270.000000,0.140138,-0.058115,-0.002626,-0.001207,0.027667,-0.239106,0.970598,0.122691,-0.016887,0.019354,-0.011633,0.097060,-0.402076,
1624910737.000000,294106483.000000,0.140711,-0.058495,-0.002624,-0.001182,0.027843,-0.240107,0.970346,0.131189,-0.014554,0.013164,0.030896,0.068552,-0.421433,
1624910737.000000,299109221.000000,0.142185,-0.058966,-0.002805,-0.001159,0.028158,-0.241204,0.970065,0.153126,-0.007573,0.013607,0.038683,0.085532,-0.428944,
1624910737.000000,304113388.000000,0.142853,-0.059361,-0.002773,-0.001117,0.028293,-0.242254,0.969800,0.156934,-0.006103,0.013247,-0.017808,-0.002814,-0.442600,
1624910737.000000,309116364.000000,0.143471,-0.059719,-0.002766,-0.001255,0.028217,-0.243348,0.969528,0.152585,-0.004427,0.009749,-0.032044,-0.032529,-0.456611,
1624910737.000000,314119339.000000,0.144139,-0.060099,-0.002765,-0.001342,0.028244,-0.244458,0.969248,0.154131,-0.002861,0.007768,-0.024213,0.040157,-0.460792,
1624910737.000000,319122553.000000,0.144819,-0.060478,-0.002777,-0.001379,0.028415,-0.245560,0.968964,0.155940,-0.001289,0.005667,-0.003162,0.088887,-0.442794,
1624910737.000000,404231548.000000,0.153531,-0.068091,-0.003272,-0.000750,0.028260,-0.263315,0.964296,0.148621,-0.010696,0.011274,0.029046,0.088393,-0.434317,
1624910737.000000,409234524.000000,0.154155,-0.068515,-0.003258,-0.000718,0.028434,-0.264368,0.964002,0.151843,-0.008735,0.009442,-0.035606,0.034068,-0.441631,
1624910737.000000,414237738.000000,0.154795,-0.068940,-0.003259,-0.000887,0.028465,-0.265444,0.963706,0.155045,-0.006754,0.006910,-0.045901,-0.015351,-0.452372,
1624910737.000000,419240713.000000,0.155414,-0.069352,-0.003293,-0.000978,0.028489,-0.266537,0.963403,0.152420,-0.005712,0.001606,-0.015487,0.032466,-0.455542,
1624910737.000000,424243689.000000,0.156055,-0.069766,-0.003332,-0.000995,0.028637,-0.267628,0.963096,0.153163,-0.004102,-0.001277,0.000263,0.076185,-0.447059,
1624910737.000000,429246664.000000,0.156424,-0.070314,-0.003762,-0.000975,0.028577,-0.268653,0.962812,0.148813,-0.005242,0.004197,-0.024004,0.075053,-0.434248,
1624910737.000000,434249640.000000,0.157017,-0.070760,-0.003742,-0.001065,0.028744,-0.269704,0.962514,0.148112,-0.009168,0.007667,-0.050854,0.028622,-0.449032,
1624910737.000000,439253569.000000,0.157626,-0.071186,-0.003738,-0.001173,0.028814,-0.270801,0.962203,0.148027,-0.009289,0.009151,-0.008374,0.033401,-0.456725,
1624910737.000000,444256783.000000,0.158234,-0.071614,-0.003725,-0.001145,0.028857,-0.271900,0.961892,0.147963,-0.009406,0.010678,0.034595,-0.022951,-0.460793,
1624910737.000000,449259758.000000,0.158798,-0.072077,-0.003534,-0.001077,0.028774,-0.273023,0.961577,0.144082,-0.017351,0.036058,0.065263,0.043452,-0.466243,
1624910737.000000,499291658.000000,0.163454,-0.076819,-0.003652,-0.000513,0.027876,-0.283296,0.958627,0.146188,-0.015357,0.014708,0.036417,0.095515,-0.408556,
1624910737.000000,504294634.000000,0.164041,-0.077287,-0.003619,-0.000389,0.028052,-0.284303,0.958324,0.151219,-0.013758,0.014091,0.019860,0.092808,-0.433084,
1624910737.000000,509297609.000000,0.164590,-0.077689,-0.003638,-0.000364,0.028289,-0.285365,0.958001,0.145891,-0.008828,0.007647,-0.023132,0.088999,-0.448130,
1624910737.000000,514300823.000000,0.165184,-0.078122,-0.003643,-0.000425,0.028470,-0.286434,0.957677,0.147342,-0.006097,0.005423,-0.039026,0.041186,-0.444871,
1624910737.000000,519303560.000000,0.165788,-0.078548,-0.003668,-0.000535,0.028498,-0.287499,0.957357,0.148683,-0.003360,0.002622,-0.018889,-0.046626,-0.449075,
1624910737.000000,524306536.000000,0.166404,-0.078967,-0.003704,-0.000594,0.028419,-0.288580,0.957034,0.150009,-0.000611,0.000021,0.013234,0.038228,-0.451287,
1624910737.000000,529310703.000000,0.166978,-0.079423,-0.003686,-0.000559,0.028660,-0.289661,0.956700,0.148605,-0.005529,0.004071,-0.039753,0.118041,-0.454409,
1624910737.000000,534313679.000000,0.167205,-0.080110,-0.004206,-0.000632,0.028846,-0.290698,0.956380,0.145586,-0.012162,-0.003382,-0.054193,0.060465,-0.444932,
1624910737.000000,539316654.000000,0.167774,-0.080565,-0.004259,-0.000747,0.028909,-0.291754,0.956056,0.145775,-0.012000,-0.003241,-0.033427,-0.028768,-0.446898,
1624910737.000000,544319868.000000,0.168281,-0.081071,-0.004090,-0.000833,0.028813,-0.292845,0.955725,0.142381,-0.020214,0.019346,0.037478,-0.033274,-0.466170,
1624910737.000000,594351530.000000,0.172177,-0.085906,-0.003190,-0.000239,0.027469,-0.303245,0.952517,0.124786,-0.024821,0.024831,0.057565,0.029669,-0.428820,
1624910737.000000,599354744.000000,0.172997,-0.086630,-0.003906,-0.000159,0.027683,-0.304252,0.952189,0.139116,-0.023945,0.013503,0.030269,0.178029,-0.418251,
1624910737.000000,604357719.000000,0.173539,-0.087085,-0.003991,0.000013,0.028127,-0.305236,0.951862,0.142976,-0.016025,0.000446,0.006029,0.173064,-0.409637,
1624910737.000000,609360456.000000,0.174088,-0.087568,-0.004036,0.000042,0.028439,-0.306233,0.951532,0.146967,-0.013080,-0.003405,-0.037736,0.079344,-0.437264,
1624910737.000000,614363670.000000,0.174661,-0.088052,-0.004117,-0.000042,0.028555,-0.307299,0.951185,0.151142,-0.010088,-0.008374,-0.008216,-0.000121,-0.449244,
1624910737.000000,619367599.000000,0.175189,-0.088533,-0.004173,-0.000091,0.028487,-0.308363,0.950842,0.146989,-0.012386,-0.006364,-0.013934,-0.048888,-0.450087,
1624910737.000000,624370575.000000,0.175747,-0.089013,-0.004251,-0.000223,0.028376,-0.309442,0.950495,0.147473,-0.011512,-0.007275,-0.011430,-0.051036,-0.455522,
1624910737.000000,629373789.000000,0.176199,-0.089321,-0.004529,-0.000225,0.028368,-0.310581,0.950124,0.136302,-0.010629,-0.006646,-0.018202,0.070663,-0.459773,
1624910737.000000,634376764.000000,0.176718,-0.089765,-0.004599,-0.000238,0.028721,-0.311662,0.949759,0.136109,-0.009802,-0.007163,-0.049379,0.182443,-0.447075,
1624910737.000000,639379501.000000,0.177256,-0.090247,-0.004667,-0.000278,0.029106,-0.312692,0.949409,0.139886,-0.011081,-0.006565,-0.047261,0.057947,-0.423553,
1624910737.000000,679404736.000000,0.180844,-0.094300,-0.003751,0.000563,0.028747,-0.320840,0.946697,0.107064,-0.024292,0.026377,0.016888,-0.241299,-0.411678,
1624910737.000000,684408903.000000,0.181278,-0.094763,-0.003662,0.000329,0.028185,-0.321864,0.946366,0.115657,-0.021675,0.023437,-0.015331,-0.199608,-0.443962,
1624910737.000000,689411879.000000,0.181677,-0.095201,-0.003579,0.000148,0.027816,-0.322910,0.946021,0.115576,-0.020340,0.021178,0.003890,-0.144669,-0.436413,
1624910737.000000,694414377.000000,0.182078,-0.095634,-0.003509,0.000082,0.027499,-0.323929,0.945682,0.115491,-0.019008,0.018725,0.053990,-0.082854,-0.424622,
1624910737.000000,699417591.000000,0.183496,-0.096294,-0.004348,0.000166,0.027503,-0.324937,0.945336,0.148822,-0.009551,0.002499,0.062848,0.128771,-0.422473,
1624910737.000000,704420567.000000,0.184067,-0.096797,-0.004380,0.000388,0.027956,-0.325943,0.944976,0.154565,-0.008100,0.001176,-0.000071,0.213834,-0.428834,
1624910737.000000,709423542.000000,0.184664,-0.097313,-0.004432,0.000477,0.028449,-0.326960,0.944610,0.160373,-0.006615,-0.000730,-0.019643,0.211565,-0.429978,
1624910737.000000,714427710.000000,0.185220,-0.097772,-0.004518,0.000531,0.028828,-0.327974,0.944247,0.152827,-0.003076,-0.007045,-0.027731,0.025402,-0.433078,
1624910737.000000,719430685.000000,0.185810,-0.098254,-0.004604,0.000413,0.028744,-0.329015,0.943887,0.153244,-0.000763,-0.009767,0.004839,-0.020334,-0.451212,
1624910737.000000,724433422.000000,0.186408,-0.098729,-0.004700,0.000415,0.028746,-0.330090,0.943512,0.153801,0.001562,-0.011923,-0.007256,-0.030861,-0.452388,
1624910737.000000,769461632.000000,0.189790,-0.104324,-0.004724,0.001102,0.029557,-0.339487,0.940146,0.125942,-0.027333,0.025199,0.074332,0.013698,-0.395697,
1624910737.000000,774464846.000000,0.190187,-0.104829,-0.004624,0.001264,0.029402,-0.340420,0.939813,0.122854,-0.027285,0.027024,0.096034,-0.078340,-0.391578,
1624910737.000000,779468775.000000,0.190537,-0.105266,-0.004648,0.001302,0.029057,-0.341347,0.939487,0.113712,-0.024513,0.014502,0.037382,-0.162021,-0.393671,
1624910737.000000,784471750.000000,0.190892,-0.105719,-0.004607,0.001120,0.028600,-0.342300,0.939155,0.109081,-0.023676,0.012138,-0.018273,-0.217173,-0.423440,
1624910737.000000,789474726.000000,0.191230,-0.106156,-0.004585,0.000850,0.028119,-0.343324,0.938796,0.104588,-0.022840,0.009051,-0.020400,-0.194015,-0.441750,
1624910737.000000,794477701.000000,0.191658,-0.106677,-0.004533,0.000697,0.027765,-0.344349,0.938431,0.120858,-0.023566,0.012548,0.037086,-0.099612,-0.426782,
1624910737.000000,799480915.000000,0.192403,-0.107242,-0.004901,0.000709,0.027534,-0.345360,0.938066,0.134798,-0.021987,0.014487,0.067316,0.020153,-0.412813,
1624910737.000000,804483891.000000,0.192852,-0.107768,-0.004856,0.000871,0.027691,-0.346336,0.937701,0.137582,-0.021742,0.016056,0.021458,0.152516,-0.420273,
1624910737.000000,809487581.000000,0.193374,-0.108270,-0.004928,0.001003,0.028115,-0.347344,0.937316,0.143739,-0.014032,0.004255,-0.003381,0.178437,-0.440545,
1624910737.000000,814490557.000000,0.193882,-0.108791,-0.004956,0.001070,0.028467,-0.348376,0.936922,0.147172,-0.011356,0.000884,-0.032836,0.110225,-0.431104,
1624910737.000000,904547691.000000,0.201946,-0.118597,-0.005569,0.001035,0.027409,-0.366472,0.930025,0.141826,-0.016204,0.010452,0.022136,0.072364,-0.429796,
1624910737.000000,909550667.000000,0.202423,-0.119150,-0.005554,0.001150,0.027552,-0.367475,0.929625,0.147579,-0.015124,0.010581,0.024928,0.086530,-0.433961,
1624910737.000000,914553642.000000,0.202922,-0.119718,-0.005538,0.001239,0.027827,-0.368512,0.929206,0.153044,-0.014015,0.011188,-0.013727,0.161770,-0.462716,
1624910737.000000,919556618.000000,0.203402,-0.120230,-0.005581,0.001299,0.028212,-0.369581,0.928769,0.147972,-0.009379,0.002797,-0.025484,0.108490,-0.442773,
1624910737.000000,924559593.000000,0.203915,-0.120773,-0.005613,0.001272,0.028362,-0.370589,0.928363,0.150009,-0.006857,-0.000141,-0.012658,0.029138,-0.445459,
1624910737.000000,929562569.000000,0.205111,-0.121137,-0.006462,0.001377,0.028597,-0.371680,0.927919,0.155887,0.003694,-0.022857,0.000166,0.038928,-0.455472,
1624910737.000000,934566498.000000,0.205607,-0.121659,-0.006555,0.001384,0.028734,-0.372729,0.927494,0.150775,-0.000230,-0.018647,-0.025152,0.082262,-0.456271,
1624910737.000000,939569473.000000,0.206141,-0.122175,-0.006689,0.001329,0.028978,-0.373778,0.927065,0.149952,0.000214,-0.019410,-0.055291,0.068926,-0.441586,
1624910737.000000,944572687.000000,0.206670,-0.122688,-0.006829,0.001166,0.029036,-0.374783,0.926657,0.148964,0.000639,-0.020570,-0.058373,-0.090972,-0.440231,
1624910737.000000,949575663.000000,0.207164,-0.123232,-0.006802,0.000951,0.028798,-0.375819,0.926245,0.146735,-0.006273,0.001342,0.014837,-0.072193,-0.451107,
1624910738.000000,4610777.000000,0.211098,-0.130039,-0.006528,0.001651,0.027431,-0.386916,0.921705,0.114346,-0.013146,-0.017987,0.052913,0.057665,-0.431762,
1624910738.000000,9613752.000000,0.211440,-0.130481,-0.006654,0.001779,0.027713,-0.387938,0.921267,0.111184,-0.012071,-0.022337,-0.016802,0.170661,-0.450053,
1624910738.000000,14616966.000000,0.212200,-0.131215,-0.006854,0.001823,0.028112,-0.388973,0.920818,0.142931,-0.004711,-0.028009,-0.042385,0.118739,-0.448949,
1624910738.000000,19619703.000000,0.212686,-0.131745,-0.007020,0.001788,0.028271,-0.389999,0.920379,0.147029,-0.002274,-0.031507,0.005439,-0.005540,-0.444649,
1624910738.000000,24622679.000000,0.213192,-0.132281,-0.007203,0.001811,0.028223,-0.391022,0.919947,0.151046,0.000170,-0.034908,0.032523,0.034021,-0.442526,
1624910738.000000,29626608.000000,0.212721,-0.132754,-0.005396,0.001942,0.028382,-0.392062,0.919499,0.139166,-0.009892,0.001905,-0.010060,0.064806,-0.445683,
1624910738.000000,34629583.000000,0.213169,-0.133288,-0.005426,0.001892,0.028592,-0.393095,0.919051,0.139363,-0.008518,0.000767,-0.060418,0.110578,-0.456347,
1624910738.000000,39632559.000000,0.213622,-0.133820,-0.005465,0.001822,0.028901,-0.394136,0.918596,0.139610,-0.007140,-0.000523,-0.053000,0.054462,-0.447922,
1624910738.000000,44635773.000000,0.214026,-0.134365,-0.005439,0.001704,0.028908,-0.395139,0.918165,0.136794,-0.011330,0.005560,-0.009221,-0.056684,-0.428642,
1624910738.000000,49638510.000000,0.214456,-0.134904,-0.005451,0.001595,0.028723,-0.396127,0.917745,0.136404,-0.011753,0.006003,-0.000500,-0.101966,-0.439211,
1624910738.000000,94667673.000000,0.217185,-0.140171,-0.005346,0.001897,0.027447,-0.405130,0.913845,0.124095,-0.018097,0.010847,-0.009111,-0.075070,-0.434011,
1624910738.000000,99670887.000000,0.217544,-0.140695,-0.005321,0.001859,0.027346,-0.406091,0.913422,0.126507,-0.016293,0.009042,0.051351,-0.012647,-0.406241,
1624910738.000000,104673862.000000,0.217912,-0.141220,-0.005299,0.002018,0.027315,-0.407017,0.913010,0.128592,-0.014502,0.007616,0.068987,0.061202,-0.408270,
1624910738.000000,109676600.000000,0.218331,-0.141816,-0.005202,0.002196,0.027511,-0.407984,0.912572,0.137610,-0.014715,0.015461,0.018587,0.140882,-0.439242,
1624910738.000000,114679813.000000,0.218746,-0.142384,-0.005157,0.002276,0.027808,-0.409010,0.912103,0.141577,-0.013439,0.016247,-0.033606,0.071419,-0.454274,
1624910738.000000,119682789.000000,0.219178,-0.142965,-0.005116,0.002166,0.027892,-0.410045,0.911636,0.145693,-0.012144,0.016351,-0.037000,-0.014188,-0.457363,
1624910738.000000,124686480.000000,0.219604,-0.143521,-0.005126,0.002098,0.027891,-0.411099,0.911162,0.143931,-0.009633,0.008651,0.019547,0.014544,-0.469075,
1624910738.000000,129689693.000000,0.220367,-0.144574,-0.005901,0.002359,0.028228,-0.412227,0.910641,0.148429,-0.008854,-0.000471,0.008326,0.124770,-0.455325,
1624910738.000000,134692669.000000,0.220826,-0.145159,-0.005949,0.002450,0.028608,-0.413237,0.910171,0.149735,-0.007088,-0.001524,-0.031617,0.165446,-0.438096,
1624910738.000000,139695406.000000,0.221224,-0.145702,-0.006016,0.002474,0.028971,-0.414225,0.909710,0.142698,-0.008027,-0.004658,-0.050585,0.104884,-0.433905,
1624910738.000000,189727783.000000,0.225533,-0.152153,-0.005633,0.002588,0.027808,-0.424146,0.905163,0.124993,-0.016988,0.023428,-0.012535,-0.292270,-0.447716,
1624910738.000000,194730759.000000,0.225679,-0.152647,-0.006803,0.002195,0.027045,-0.425133,0.904724,0.122241,-0.014272,-0.014993,0.029051,-0.126542,-0.461591,
1624910738.000000,199733734.000000,0.226123,-0.153312,-0.006784,0.002223,0.026957,-0.426150,0.904248,0.141122,-0.014468,-0.004958,0.027290,0.059631,-0.423387,
1624910738.000000,204736710.000000,0.226537,-0.153926,-0.006822,0.002365,0.027171,-0.427071,0.903807,0.147212,-0.013548,-0.004304,0.043800,0.135796,-0.408060,
1624910738.000000,209739685.000000,0.226963,-0.154548,-0.006855,0.002597,0.027439,-0.428021,0.903348,0.152458,-0.012601,-0.003336,0.032673,0.134676,-0.428561,
1624910738.000000,214743853.000000,0.227406,-0.155188,-0.006906,0.002704,0.027712,-0.429012,0.902870,0.157710,-0.011616,-0.003319,-0.020963,0.109088,-0.450870,
1624910738.000000,219746828.000000,0.227853,-0.155757,-0.007047,0.002665,0.027855,-0.430046,0.902373,0.154100,-0.005312,-0.012489,-0.021060,-0.048164,-0.462682,
1624910738.000000,224749804.000000,0.228325,-0.156374,-0.007170,0.002511,0.027693,-0.431099,0.901876,0.156512,-0.002521,-0.016268,-0.018648,-0.032880,-0.474287,
1624910738.000000,229752779.000000,0.227998,-0.156723,-0.007146,0.002594,0.028005,-0.432220,0.901330,0.149601,-0.002766,-0.027377,-0.016797,0.099934,-0.472193,
1624910738.000000,234755754.000000,0.228356,-0.157306,-0.007229,0.002667,0.028282,-0.433256,0.900823,0.145294,-0.007723,-0.021344,-0.009100,0.120925,-0.441347,
1624910738.000000,274780750.000000,0.231297,-0.162754,-0.006100,0.003627,0.029258,-0.441309,0.896871,0.134629,-0.029179,0.057873,0.049689,-0.009310,-0.398429,
1624910738.000000,279784679.000000,0.231587,-0.163278,-0.006018,0.003533,0.028995,-0.442217,0.896432,0.121007,-0.022783,0.038060,0.021272,-0.202292,-0.411375,
1624910738.000000,284787655.000000,0.231865,-0.163819,-0.005865,0.003284,0.028379,-0.443168,0.895983,0.114547,-0.021653,0.035163,0.035552,-0.292642,-0.433767,
1624910738.000000,289790630.000000,0.232127,-0.164331,-0.005724,0.003025,0.027709,-0.444160,0.895514,0.108206,-0.020540,0.032294,0.041817,-0.254374,-0.442366,
1624910738.000000,294793606.000000,0.231936,-0.164735,-0.006228,0.002709,0.027055,-0.445077,0.895079,0.099026,-0.019671,0.002170,0.019505,-0.122768,-0.445453,
1624910738.000000,299796581.000000,0.232147,-0.165175,-0.006248,0.002640,0.026929,-0.446062,0.894593,0.093363,-0.018606,-0.001827,0.001317,0.016023,-0.429532,
1624910738.000000,304799795.000000,0.232342,-0.165586,-0.006292,0.002700,0.027079,-0.447010,0.894115,0.087651,-0.017573,-0.006048,0.017234,0.106245,-0.425105,
1624910738.000000,309803724.000000,0.232945,-0.166435,-0.006264,0.002865,0.027284,-0.447970,0.893628,0.126638,-0.012254,-0.001152,0.048241,0.086224,-0.428445,
1624910738.000000,314806938.000000,0.233289,-0.166991,-0.006321,0.003029,0.027449,-0.448957,0.893127,0.131581,-0.010188,-0.004275,0.014392,0.135201,-0.465509,
1624910738.000000,319809675.000000,0.233657,-0.167566,-0.006384,0.003108,0.027817,-0.450023,0.892578,0.136864,-0.008068,-0.006529,-0.064674,0.121518,-0.475509,
1624910738.000000,369840622.000000,0.237093,-0.174146,-0.005316,0.003839,0.029058,-0.460330,0.887264,0.130729,-0.032605,0.072333,0.069558,0.101188,-0.442208,
1624910738.000000,374844551.000000,0.237333,-0.174576,-0.005326,0.003976,0.029056,-0.461281,0.886769,0.112303,-0.022841,0.043365,0.062890,-0.049538,-0.407125,
1624910738.000000,379847527.000000,0.237566,-0.175097,-0.005149,0.003929,0.028737,-0.462172,0.886316,0.106305,-0.021979,0.041062,0.027082,-0.176846,-0.403699,
1624910738.000000,384850502.000000,0.237781,-0.175589,-0.004982,0.003664,0.028258,-0.463096,0.885850,0.099994,-0.021149,0.038603,-0.000001,-0.242511,-0.425204,
1624910738.000000,389853716.000000,0.238039,-0.176150,-0.004827,0.003374,0.027676,-0.464058,0.885366,0.109747,-0.021453,0.036078,0.040577,-0.267847,-0.440100,
1624910738.000000,394856691.000000,0.238631,-0.177038,-0.005900,0.003004,0.027094,-0.465031,0.884875,0.118674,-0.018867,0.017952,0.032510,-0.185552,-0.436937,
1624910738.000000,399860859.000000,0.238895,-0.177583,-0.005843,0.002883,0.026837,-0.465996,0.884375,0.118989,-0.018449,0.017083,0.013843,-0.033686,-0.435818,
1624910738.000000,404863596.000000,0.239311,-0.178241,-0.005846,0.002941,0.026906,-0.466968,0.883860,0.139710,-0.010898,0.011000,0.018388,0.112475,-0.442232,
1624910738.000000,409866571.000000,0.239676,-0.178861,-0.005831,0.003154,0.027278,-0.467953,0.883326,0.146621,-0.008092,0.008754,0.018285,0.232247,-0.449693,
1624910738.000000,414869785.000000,0.240071,-0.179504,-0.005824,0.003403,0.027752,-0.468945,0.882785,0.153681,-0.005254,0.006898,-0.004992,0.152387,-0.445480,
1624910738.000000,504926682.000000,0.245499,-0.191514,-0.006404,0.003441,0.027202,-0.486540,0.873228,0.141568,-0.012856,0.005785,0.021476,0.132946,-0.427320,
1624910738.000000,509929657.000000,0.245828,-0.192164,-0.006414,0.003632,0.027604,-0.487485,0.872687,0.147163,-0.011929,0.005300,-0.023342,0.154934,-0.436007,
1624910738.000000,514932871.000000,0.246167,-0.192783,-0.006447,0.003691,0.027862,-0.488435,0.872148,0.146388,-0.007729,0.000595,0.010398,0.093996,-0.437015,
1624910738.000000,519935846.000000,0.246524,-0.193430,-0.006488,0.003807,0.028010,-0.489411,0.871595,0.149545,-0.005462,-0.002607,0.007930,0.038735,-0.464618,
1624910738.000000,524939537.000000,0.246897,-0.194087,-0.006549,0.003752,0.028067,-0.490434,0.871018,0.153019,-0.003159,-0.005761,-0.033084,0.019940,-0.460664,
1624910738.000000,529942751.000000,0.246598,-0.194780,-0.006336,0.003748,0.028003,-0.491462,0.870441,0.146670,-0.010062,-0.001767,-0.020350,0.031037,-0.455009,
1624910738.000000,534945726.000000,0.246932,-0.195429,-0.006398,0.003704,0.028094,-0.492462,0.869873,0.147266,-0.008841,-0.003784,-0.037112,0.021499,-0.457412,
1624910738.000000,539948702.000000,0.247271,-0.196078,-0.006479,0.003662,0.028249,-0.493453,0.869306,0.147883,-0.007624,-0.006427,-0.006750,0.106828,-0.461492,
1624910738.000000,544951916.000000,0.247574,-0.196726,-0.006499,0.003813,0.028545,-0.494465,0.868721,0.144908,-0.011385,0.001376,-0.009219,0.124784,-0.465894,
1624910738.000000,549954891.000000,0.247892,-0.197379,-0.006531,0.003857,0.028773,-0.495460,0.868146,0.144258,-0.012164,0.004357,-0.003553,0.072130,-0.449894,
1624910738.000000,589980602.000000,0.249479,-0.201787,-0.006440,0.004061,0.027512,-0.502908,0.863892,0.101908,-0.013267,-0.006590,0.034971,-0.183474,-0.417941,
1624910738.000000,594983578.000000,0.250198,-0.202601,-0.006330,0.003731,0.027136,-0.503836,0.863365,0.118538,-0.011239,0.008279,0.028567,-0.092526,-0.421283,
1624910738.000000,599986553.000000,0.250447,-0.203152,-0.006322,0.003676,0.026991,-0.504740,0.862842,0.121208,-0.010194,0.007724,0.008420,-0.006231,-0.416899,
1624910738.000000,604989767.000000,0.250705,-0.203709,-0.006321,0.003692,0.027049,-0.505645,0.862310,0.123687,-0.009141,0.006895,0.011401,0.035654,-0.423309,
1624910738.000000,609992504.000000,0.251013,-0.204307,-0.006360,0.003777,0.027141,-0.506573,0.861762,0.132905,-0.004967,0.001029,0.027575,0.094283,-0.437159,
1624910738.000000,614995480.000000,0.251325,-0.204909,-0.006394,0.003993,0.027451,-0.507523,0.861191,0.137987,-0.002618,-0.001558,0.011635,0.216416,-0.441484,
1624910738.000000,619999647.000000,0.251658,-0.205527,-0.006446,0.004197,0.027933,-0.508464,0.860620,0.143122,-0.000246,-0.003802,-0.052228,0.156787,-0.433988,
1624910738.000000,625002623.000000,0.252301,-0.206733,-0.006960,0.004251,0.028213,-0.509423,0.860043,0.141630,-0.000646,-0.000571,0.010902,-0.065245,-0.424422,
1624910738.000000,630005836.000000,0.252639,-0.207353,-0.007001,0.004200,0.028008,-0.510359,0.859495,0.141119,0.000834,-0.001068,0.014296,-0.009276,-0.453043,
1624910738.000000,635008812.000000,0.252982,-0.207968,-0.007042,0.004170,0.028198,-0.511352,0.858898,0.140600,0.002328,-0.001346,-0.079155,0.085799,-0.459779,
1624910738.000000,695046663.000000,0.255761,-0.216419,-0.007794,0.004042,0.027353,-0.522587,0.852137,0.129430,-0.011902,-0.012164,0.035946,-0.117058,-0.423269,
1624910738.000000,700049400.000000,0.256003,-0.217027,-0.007896,0.003992,0.027174,-0.523502,0.851582,0.129485,-0.010705,-0.016060,0.028350,0.010549,-0.421459,
1624910738.000000,705052614.000000,0.256364,-0.217801,-0.007942,0.004084,0.027299,-0.524387,0.851033,0.149758,-0.006898,-0.010660,-0.006648,0.079288,-0.419040,
1624910738.000000,710056543.000000,0.256677,-0.218494,-0.008034,0.004125,0.027452,-0.525289,0.850471,0.155268,-0.004874,-0.010733,0.013144,0.053297,-0.425605,
1624910738.000000,715059757.000000,0.257009,-0.219206,-0.008126,0.004237,0.027521,-0.526209,0.849899,0.160618,-0.002822,-0.010847,0.041356,0.057461,-0.444633,
1624910738.000000,720062733.000000,0.257337,-0.219886,-0.008256,0.004353,0.027679,-0.527171,0.849297,0.158161,-0.000350,-0.016233,-0.019353,0.119893,-0.453354,
1624910738.000000,725065708.000000,0.257689,-0.220595,-0.008379,0.004396,0.027985,-0.528114,0.848701,0.160522,0.001898,-0.017824,-0.033742,0.076119,-0.437287,
1624910738.000000,730068684.000000,0.258564,-0.221806,-0.009772,0.004522,0.028103,-0.529095,0.848085,0.171963,0.008756,-0.041549,-0.021522,0.037089,-0.445693,
1624910738.000000,735071659.000000,0.258885,-0.222472,-0.009931,0.004503,0.028249,-0.530045,0.847487,0.162084,0.005561,-0.034405,-0.022853,0.064959,-0.441709,
1624910738.000000,740074635.000000,0.259257,-0.223181,-0.010147,0.004519,0.028409,-0.530969,0.846903,0.161357,0.006093,-0.034282,-0.012109,0.047155,-0.440378,
1624910738.000000,780100584.000000,0.262021,-0.229415,-0.010925,0.005436,0.028966,-0.538453,0.842140,0.142883,-0.002143,-0.004028,0.042191,-0.173039,-0.398989,
1624910738.000000,785103559.000000,0.262304,-0.230049,-0.010993,0.005159,0.028404,-0.539296,0.841622,0.136731,-0.001127,-0.008137,0.030575,-0.256844,-0.407306,
1624910738.000000,790106535.000000,0.262576,-0.230656,-0.011079,0.004856,0.027912,-0.540173,0.841077,0.130698,-0.000122,-0.012089,-0.002468,-0.200863,-0.412941,
1624910738.000000,795109510.000000,0.263397,-0.231315,-0.011354,0.004434,0.027564,-0.541049,0.840527,0.145967,0.008007,-0.014372,0.036697,-0.149081,-0.403290,
1624910738.000000,800112486.000000,0.263734,-0.231965,-0.011498,0.004368,0.027278,-0.541900,0.839989,0.148825,0.008416,-0.016603,0.039493,-0.048714,-0.402263,
1624910738.000000,805116653.000000,0.264079,-0.232630,-0.011635,0.004401,0.027286,-0.542743,0.839444,0.151771,0.008832,-0.017758,0.011282,0.070221,-0.396960,
1624910738.000000,810119629.000000,0.264433,-0.233312,-0.011771,0.004505,0.027465,-0.543580,0.838896,0.154944,0.009265,-0.018478,-0.002353,0.078981,-0.406453,
1624910738.000000,815122843.000000,0.264848,-0.233997,-0.011946,0.004518,0.027520,-0.544457,0.838325,0.160130,0.016249,-0.022302,0.022949,-0.045066,-0.428902,
1624910738.000000,820125580.000000,0.265250,-0.234695,-0.012129,0.004468,0.027352,-0.545380,0.837731,0.163735,0.018911,-0.025221,0.020222,-0.027021,-0.449142,
1624910738.000000,825128555.000000,0.265670,-0.235405,-0.012307,0.004441,0.027376,-0.546344,0.837102,0.167279,0.021607,-0.027128,-0.021624,0.002880,-0.472554,
1624910738.000000,875160933.000000,0.271029,-0.244493,-0.014387,0.005633,0.028607,-0.555893,0.830742,0.156966,0.016283,0.002557,0.076780,0.081802,-0.424820,
1624910738.000000,880163670.000000,0.271398,-0.245173,-0.014418,0.005813,0.028702,-0.556768,0.830151,0.150696,0.016997,0.002900,0.022322,0.014435,-0.415201,
1624910738.000000,885166645.000000,0.271758,-0.245824,-0.014457,0.005682,0.028478,-0.557616,0.829591,0.144566,0.017678,0.002262,0.031622,-0.216145,-0.396063,
1624910738.000000,890170574.000000,0.272151,-0.246511,-0.014567,0.005355,0.027848,-0.558446,0.829056,0.149118,0.020790,-0.007787,0.038492,-0.294180,-0.408656,
1624910738.000000,895173550.000000,0.272801,-0.247449,-0.015469,0.004849,0.027151,-0.559380,0.828453,0.152330,0.026582,-0.021338,0.012846,-0.226839,-0.431409,
1624910738.000000,900176764.000000,0.273203,-0.248093,-0.015615,0.004599,0.026770,-0.560268,0.827866,0.150171,0.028226,-0.023074,0.020227,-0.106607,-0.416553,
1624910738.000000,905179739.000000,0.273686,-0.248920,-0.015769,0.004553,0.026663,-0.561125,0.827289,0.172538,0.029944,-0.023514,0.003475,-0.000037,-0.422669,
1624910738.000000,910182476.000000,0.274144,-0.249667,-0.015916,0.004592,0.026732,-0.562011,0.826685,0.178121,0.031668,-0.023468,0.033852,0.082126,-0.424044,
1624910738.000000,915185690.000000,0.274618,-0.250437,-0.016056,0.004815,0.026919,-0.562891,0.826079,0.183589,0.033408,-0.022806,0.019699,0.134390,-0.437588,
1624910738.000000,920188665.000000,0.275109,-0.251230,-0.016203,0.004971,0.027195,-0.563810,0.825442,0.189043,0.035202,-0.022473,0.001917,0.122600,-0.443226,
1624910738.000000,970220566.000000,0.278921,-0.258823,-0.018249,0.005438,0.027890,-0.573186,0.818933,0.162426,0.023127,0.002357,0.084595,0.206743,-0.464719,
1624910738.000000,975223780.000000,0.279303,-0.259547,-0.018258,0.005869,0.028232,-0.574098,0.818279,0.161007,0.021340,0.011087,0.071478,0.195407,-0.430365,
1624910738.000000,980226755.000000,0.279674,-0.260270,-0.018224,0.006143,0.028377,-0.574960,0.817666,0.159436,0.019532,0.019753,0.057801,0.006856,-0.408104,
1624910738.000000,985230684.000000,0.280045,-0.260871,-0.018360,0.006102,0.028170,-0.575787,0.817092,0.144016,0.025726,-0.002215,0.034267,-0.111696,-0.401608,
1624910738.000000,990233660.000000,0.280404,-0.261487,-0.018420,0.005877,0.027799,-0.576622,0.816517,0.136848,0.027059,-0.006088,0.008769,-0.267270,-0.412340,
1624910738.000000,995236397.000000,0.280265,-0.261995,-0.018950,0.005257,0.026945,-0.577498,0.815930,0.120977,0.025961,-0.025212,0.026827,-0.312469,-0.423214,
1624910739.000000,239372.000000,0.280639,-0.262743,-0.019055,0.004934,0.026397,-0.578376,0.815328,0.142111,0.024198,-0.021073,0.025034,-0.185575,-0.434853,
1624910739.000000,5242586.000000,0.280982,-0.263365,-0.019193,0.004761,0.026128,-0.579257,0.814713,0.143745,0.024515,-0.021869,0.016206,-0.062649,-0.414800,
1624910739.000000,10245562.000000,0.281328,-0.263995,-0.019349,0.004771,0.026051,-0.580079,0.814130,0.145394,0.024816,-0.023350,0.051378,0.015845,-0.399598,
1624910739.000000,15248537.000000,0.281741,-0.264693,-0.019581,0.004924,0.026113,-0.580918,0.813528,0.157172,0.031342,-0.032289,0.011368,0.122439,-0.427363,
1624910739.000000,105306625.000000,0.286341,-0.277619,-0.022059,0.005093,0.025600,-0.597168,0.801692,0.119701,0.018853,-0.020381,0.034659,-0.137429,-0.420513,
1624910739.000000,110309601.000000,0.286638,-0.278290,-0.022149,0.005034,0.025429,-0.598014,0.801066,0.136484,0.019795,-0.015600,0.026198,-0.014793,-0.419524,
1624910739.000000,115312576.000000,0.286930,-0.278924,-0.022264,0.005105,0.025472,-0.598851,0.800439,0.141413,0.021153,-0.015826,0.021826,0.102218,-0.416284,
1624910739.000000,120315552.000000,0.287234,-0.279580,-0.022381,0.005318,0.025731,-0.599691,0.799801,0.146268,0.022535,-0.015832,0.003877,0.141064,-0.425844,
1624910739.000000,125318527.000000,0.287360,-0.281056,-0.023018,0.005474,0.025700,-0.600666,0.799069,0.161343,0.022386,-0.026315,-0.004782,0.076819,-0.445238,
1624910739.000000,130321741.000000,0.287690,-0.281797,-0.023190,0.005544,0.025825,-0.601565,0.798387,0.163868,0.024732,-0.028144,0.012335,0.067841,-0.453780,
1624910739.000000,135324717.000000,0.288036,-0.282551,-0.023359,0.005638,0.025962,-0.602472,0.797698,0.166570,0.027096,-0.029223,-0.009826,0.054688,-0.454817,
1624910739.000000,140328646.000000,0.288360,-0.283260,-0.023497,0.005636,0.026099,-0.603366,0.797017,0.160910,0.026815,-0.025375,-0.026136,0.060483,-0.439956,
1624910739.000000,145331621.000000,0.288701,-0.283986,-0.023664,0.005686,0.026296,-0.604238,0.796349,0.160481,0.028115,-0.025159,-0.016381,0.090542,-0.448284,
1624910739.000000,150334597.000000,0.289048,-0.284710,-0.023831,0.005777,0.026513,-0.605135,0.795660,0.160250,0.029428,-0.024935,-0.008940,0.103115,-0.444314,
1624910739.000000,190359831.000000,0.289431,-0.289845,-0.024054,0.006430,0.026152,-0.612342,0.790134,0.116923,0.008672,-0.011799,0.032592,-0.157156,-0.399733,
1624910739.000000,195363760.000000,0.289616,-0.290382,-0.024158,0.006120,0.025672,-0.613156,0.789521,0.110113,0.010484,-0.016955,0.016919,-0.271518,-0.425316,
1624910739.000000,200366974.000000,0.289799,-0.290883,-0.024285,0.005707,0.025134,-0.614021,0.788869,0.103318,0.012276,-0.022145,0.017691,-0.231488,-0.438290,
1624910739.000000,205369473.000000,0.290014,-0.291602,-0.024339,0.005420,0.024715,-0.614884,0.788212,0.123979,0.010623,-0.015368,0.019040,-0.190468,-0.432851,
1624910739.000000,210372448.000000,0.290216,-0.292191,-0.024444,0.005198,0.024386,-0.615734,0.787559,0.125806,0.011343,-0.016091,0.031561,-0.080112,-0.426469,
1624910739.000000,215375662.000000,0.290422,-0.292789,-0.024552,0.005268,0.024356,-0.616567,0.786908,0.127696,0.012067,-0.016625,0.036095,0.094259,-0.415823,
1624910739.000000,220378637.000000,0.290669,-0.293447,-0.024701,0.005484,0.024591,-0.617389,0.786254,0.137783,0.016129,-0.021564,-0.001252,0.142186,-0.427432,
1624910739.000000,225381613.000000,0.290543,-0.294722,-0.024420,0.005741,0.024923,-0.618384,0.785460,0.156283,0.013438,-0.018126,0.003822,0.128547,-0.435275,
1624910739.000000,230385780.000000,0.290800,-0.295473,-0.024562,0.005887,0.025130,-0.619252,0.784768,0.161483,0.015661,-0.021742,-0.011592,0.061334,-0.458474,
1624910739.000000,235388517.000000,0.291027,-0.296104,-0.024617,0.005865,0.025222,-0.620165,0.784044,0.149271,0.016575,-0.013928,-0.000488,0.027714,-0.457744,
1624910739.000000,280416727.000000,0.292652,-0.301789,-0.026275,0.006079,0.025248,-0.628159,0.777652,0.127811,0.001758,0.017442,0.091533,0.116623,-0.457717,
1624910739.000000,285419703.000000,0.292820,-0.302367,-0.026322,0.006406,0.025400,-0.629034,0.776936,0.120685,0.005019,0.008277,0.047918,0.118338,-0.434383,
1624910739.000000,290423870.000000,0.292640,-0.303018,-0.026617,0.006697,0.025437,-0.629974,0.776171,0.118184,0.001490,0.003771,0.033883,-0.032418,-0.400502,
1624910739.000000,295426607.000000,0.292764,-0.303580,-0.026617,0.006503,0.025125,-0.630749,0.775553,0.113492,0.001104,0.004720,0.006591,-0.253019,-0.404641,
1624910739.000000,300429821.000000,0.292920,-0.304121,-0.026709,0.006022,0.024565,-0.631558,0.774916,0.110023,0.005041,-0.004895,0.017804,-0.271887,-0.420813,
1624910739.000000,305432796.000000,0.293053,-0.304645,-0.026770,0.005694,0.024076,-0.632393,0.774253,0.106064,0.005974,-0.008325,0.027926,-0.210385,-0.439878,
1624910739.000000,310435772.000000,0.293187,-0.305151,-0.026846,0.005438,0.023708,-0.633245,0.773570,0.102541,0.006898,-0.011616,0.028619,-0.111504,-0.423073,
1624910739.000000,315438986.000000,0.293358,-0.305813,-0.026908,0.005407,0.023579,-0.634053,0.772911,0.123801,0.008182,-0.009338,0.027807,0.009816,-0.425875,
1624910739.000000,320442677.000000,0.293522,-0.306424,-0.026985,0.005536,0.023692,-0.634888,0.772221,0.129422,0.009294,-0.009937,0.016997,0.150261,-0.426252,
1624910739.000000,325445414.000000,0.293401,-0.307661,-0.026608,0.005870,0.023970,-0.635827,0.771437,0.149115,0.007600,-0.003770,0.007541,0.157040,-0.433627,
1624910739.000000,375476837.000000,0.294512,-0.314917,-0.027629,0.006113,0.024524,-0.644517,0.764172,0.129920,-0.000968,0.018594,0.088626,0.091432,-0.473487,
1624910739.000000,380317211.000000,0.294612,-0.315557,-0.027537,0.006438,0.024599,-0.645404,0.763418,0.125909,-0.003554,0.027810,0.079230,0.076681,-0.446766,
1624910739.000000,385320425.000000,0.294695,-0.316180,-0.027401,0.006597,0.024544,-0.646239,0.762712,0.121799,-0.006170,0.036759,0.079921,0.010861,-0.430647,
1624910739.000000,390323400.000000,0.293632,-0.317140,-0.027422,0.006812,0.024386,-0.647141,0.761949,0.125818,-0.020480,0.050620,0.049485,0.004714,-0.439433,
1624910739.000000,395326376.000000,0.293753,-0.317665,-0.027608,0.006775,0.024287,-0.647964,0.761254,0.115246,-0.008030,0.014598,0.008683,-0.112392,-0.409746,
1624910739.000000,400329590.000000,0.293813,-0.318239,-0.027565,0.006471,0.023940,-0.648731,0.760614,0.110949,-0.006127,0.010363,0.008735,-0.225463,-0.406192,
1624910739.000000,405333519.000000,0.293875,-0.318784,-0.027551,0.006103,0.023475,-0.649531,0.759948,0.106237,-0.004255,0.005714,0.030074,-0.225301,-0.424586,
1624910739.000000,410336256.000000,0.293935,-0.319410,-0.027481,0.005855,0.023080,-0.650346,0.759265,0.116061,-0.005650,0.012625,0.037646,-0.117368,-0.426662,
1624910739.000000,415339231.000000,0.293999,-0.319992,-0.027440,0.005775,0.022901,-0.651155,0.758577,0.116967,-0.005077,0.012736,0.022677,-0.053129,-0.421334,
1624910739.000000,420342207.000000,0.294066,-0.320578,-0.027399,0.005757,0.022838,-0.651951,0.757895,0.117841,-0.004504,0.012736,0.022571,0.044537,-0.418102,
1624910739.000000,470374346.000000,0.294374,-0.326835,-0.028439,0.006177,0.024071,-0.660311,0.750581,0.128079,-0.006446,0.015483,0.024518,-0.045170,-0.439560,
1624910739.000000,475377321.000000,0.294418,-0.327474,-0.028373,0.006161,0.023865,-0.661158,0.749841,0.126335,-0.009139,0.024028,0.082412,-0.029179,-0.456753,
1624910739.000000,480380297.000000,0.294447,-0.328108,-0.028252,0.006342,0.023779,-0.662033,0.749071,0.124634,-0.011823,0.033446,0.085527,0.072286,-0.471624,
1624910739.000000,485383511.000000,0.294494,-0.328678,-0.028207,0.006627,0.023821,-0.662904,0.748296,0.116501,-0.008568,0.025420,0.088553,0.101939,-0.441998,
1624910739.000000,490386486.000000,0.294522,-0.329255,-0.028097,0.006863,0.023833,-0.663705,0.747583,0.112718,-0.008924,0.027300,0.049455,0.015271,-0.423513,
1624910739.000000,495390415.000000,0.297430,-0.329534,-0.029629,0.006747,0.023796,-0.664577,0.746810,0.102886,0.020470,0.015274,0.028721,-0.075388,-0.419671,
1624910739.000000,500393391.000000,0.297592,-0.330021,-0.029561,0.006570,0.023536,-0.665360,0.746122,0.097880,0.020080,0.017665,0.011049,-0.171540,-0.418508,
1624910739.000000,505396366.000000,0.297810,-0.330517,-0.029651,0.006221,0.023140,-0.666146,0.745436,0.097383,0.025661,0.003279,0.031879,-0.221703,-0.416467,
1624910739.000000,510399342.000000,0.297995,-0.330976,-0.029666,0.005930,0.022690,-0.666936,0.744746,0.094064,0.026979,-0.000565,0.032474,-0.182401,-0.432301,
1624910739.000000,515402555.000000,0.298184,-0.331421,-0.029702,0.005723,0.022426,-0.667753,0.744023,0.090937,0.028283,-0.004255,0.014975,-0.059600,-0.431485,
1624910739.000000,605459452.000000,0.304704,-0.337786,-0.030134,0.006278,0.022781,-0.682788,0.730235,0.058758,0.060805,0.013146,0.022588,-0.202900,-0.434185,
1624910739.000000,610462427.000000,0.305040,-0.338183,-0.030043,0.005963,0.022419,-0.683588,0.729500,0.071899,0.061878,0.017080,0.016048,-0.183528,-0.437369,
1624910739.000000,615465403.000000,0.305377,-0.338529,-0.029981,0.005708,0.022107,-0.684391,0.728757,0.073851,0.063080,0.016376,0.022564,-0.100388,-0.440543,
1624910739.000000,620469332.000000,0.305720,-0.338885,-0.029922,0.005658,0.021991,-0.685192,0.728008,0.075861,0.064292,0.015678,0.031033,-0.000232,-0.433146,
1624910739.000000,625472307.000000,0.305383,-0.337802,-0.029782,0.005645,0.022134,-0.686108,0.727141,0.071988,0.073205,0.010737,0.014103,0.110387,-0.427971,
1624910739.000000,630475521.000000,0.305795,-0.338214,-0.029810,0.005843,0.022363,-0.686890,0.726394,0.080683,0.076302,0.005148,-0.001018,0.095521,-0.434425,
1624910739.000000,635478258.000000,0.306203,-0.338608,-0.029820,0.005947,0.022497,-0.687697,0.725625,0.084820,0.078113,0.003088,0.007572,0.096309,-0.462035,
1624910739.000000,640481234.000000,0.306619,-0.339024,-0.029838,0.006112,0.022698,-0.688549,0.724809,0.089196,0.079959,0.001395,-0.012505,0.088937,-0.468661,
1624910739.000000,645485401.000000,0.307029,-0.339393,-0.029839,0.006150,0.022844,-0.689380,0.724013,0.083577,0.079622,0.002469,-0.012819,0.042683,-0.452507,
1624910739.000000,650488138.000000,0.307449,-0.339792,-0.029856,0.006196,0.022941,-0.690192,0.723236,0.083829,0.080592,0.001420,-0.001897,0.054480,-0.447183,
1624910739.000000,695516348.000000,0.306582,-0.340418,-0.029402,0.007237,0.023305,-0.697765,0.715911,0.038943,0.058257,0.026075,0.026803,-0.081561,-0.412764,
1624910739.000000,700519562.000000,0.306882,-0.340598,-0.029281,0.006895,0.022931,-0.698503,0.715207,0.032995,0.058515,0.026086,0.023128,-0.297426,-0.413700,
1624910739.000000,705522299.000000,0.307184,-0.340861,-0.029265,0.006364,0.022296,-0.699276,0.714476,0.040496,0.059056,0.014879,0.032129,-0.306262,-0.445725,
1624910739.000000,710526228.000000,0.307485,-0.341050,-0.029213,0.005950,0.021825,-0.700094,0.713693,0.038415,0.059402,0.011050,0.015944,-0.179656,-0.456535,
1624910739.000000,715529442.000000,0.307787,-0.341236,-0.029184,0.005746,0.021596,-0.700895,0.712914,0.036824,0.059748,0.006983,0.016996,-0.061934,-0.436216,
1624910739.000000,720532417.000000,0.308113,-0.341535,-0.029131,0.005747,0.021543,-0.701660,0.712163,0.052098,0.062805,0.009633,0.030872,0.040712,-0.424406,
1624910739.000000,725535393.000000,0.306466,-0.341670,-0.029325,0.005718,0.021596,-0.702586,0.711248,0.076479,0.059609,0.011293,0.023429,0.127652,-0.426966,
1624910739.000000,730538607.000000,0.306774,-0.342064,-0.029297,0.005945,0.021807,-0.703354,0.710481,0.081456,0.061160,0.010627,0.003162,0.107819,-0.438691,
1624910739.000000,735541344.000000,0.307089,-0.342482,-0.029273,0.006052,0.021956,-0.704146,0.709690,0.086376,0.062740,0.009850,-0.003311,0.058575,-0.455745,
1624910739.000000,740545034.000000,0.307410,-0.342809,-0.029325,0.006085,0.022043,-0.704972,0.708867,0.079973,0.064453,0.001520,-0.012768,0.014345,-0.475983,
1624910739.000000,785573483.000000,0.308139,-0.345080,-0.029918,0.006854,0.022663,-0.712445,0.701328,0.052184,0.047282,0.027345,0.086060,0.168091,-0.448753,
1624910739.000000,790576458.000000,0.306997,-0.345403,-0.029677,0.007209,0.022731,-0.713400,0.700351,0.047832,0.036388,0.031959,0.062614,0.073590,-0.423547,
1624910739.000000,795579195.000000,0.307175,-0.345641,-0.029517,0.007303,0.022668,-0.714142,0.699596,0.043319,0.034876,0.037241,0.045559,-0.058597,-0.422528,
1624910739.000000,800583363.000000,0.307412,-0.345809,-0.029615,0.007068,0.022352,-0.714884,0.698850,0.034369,0.041528,0.010566,0.016881,-0.251426,-0.418343,
1624910739.000000,805586338.000000,0.307620,-0.345979,-0.029580,0.006480,0.021769,-0.715633,0.698107,0.028961,0.042620,0.006074,0.016667,-0.373711,-0.442659,
1624910739.000000,810589314.000000,0.307832,-0.346121,-0.029568,0.005916,0.021162,-0.716439,0.697303,0.023498,0.043693,0.001336,0.030731,-0.221652,-0.466351,
1624910739.000000,815592527.000000,0.308043,-0.346415,-0.029513,0.005732,0.020918,-0.717247,0.696482,0.043699,0.044174,0.007668,0.020079,-0.052912,-0.451408,
1624910739.000000,820595503.000000,0.308259,-0.346653,-0.029490,0.005761,0.020893,-0.718010,0.695695,0.048329,0.045043,0.007594,0.037964,0.086028,-0.425740,
1624910739.000000,825598240.000000,0.307627,-0.347516,-0.029823,0.006179,0.021288,-0.718970,0.694688,0.073774,0.044752,0.000240,0.010725,0.129334,-0.418746,
1624910739.000000,830602407.000000,0.307865,-0.347864,-0.029881,0.006394,0.021526,-0.719708,0.693914,0.073659,0.048983,-0.003593,0.008976,0.158021,-0.437885,
1624910739.000000,875630379.000000,0.308750,-0.350809,-0.030301,0.006677,0.022299,-0.727093,0.686144,0.065627,0.045266,0.000888,0.070936,0.027144,-0.479983,
1624910739.000000,880633354.000000,0.308903,-0.351120,-0.030153,0.006938,0.022243,-0.727926,0.685260,0.059765,0.036888,0.024877,0.111671,0.113867,-0.480159,
1624910739.000000,885636330.000000,0.309064,-0.351426,-0.030019,0.007355,0.022312,-0.728730,0.684398,0.056193,0.033621,0.035336,0.087101,0.158724,-0.451355,
1624910739.000000,890640259.000000,0.308350,-0.351679,-0.029696,0.007839,0.022482,-0.729720,0.683331,0.053501,0.017963,0.063615,0.048516,0.037331,-0.420960,
1624910739.000000,895643234.000000,0.308545,-0.351834,-0.029831,0.007783,0.022307,-0.730437,0.682572,0.037991,0.028250,0.025517,0.053687,-0.141436,-0.418828,
1624910739.000000,900646448.000000,0.308678,-0.352021,-0.029743,0.007460,0.021896,-0.731169,0.681805,0.030793,0.029155,0.020496,0.005210,-0.255695,-0.432730,
1624910739.000000,905649424.000000,0.308817,-0.352169,-0.029689,0.006904,0.021442,-0.731926,0.681012,0.023506,0.030024,0.014776,0.010781,-0.287641,-0.450845,
1624910739.000000,910652399.000000,0.308944,-0.352427,-0.029626,0.006435,0.020916,-0.732705,0.680194,0.037133,0.029572,0.014110,0.042400,-0.266212,-0.452001,
1624910739.000000,915655375.000000,0.309079,-0.352628,-0.029572,0.006102,0.020521,-0.733470,0.679384,0.038258,0.029925,0.011554,0.024044,-0.088874,-0.444432,
1624910739.000000,920659304.000000,0.309215,-0.352835,-0.029531,0.006117,0.020518,-0.734222,0.678572,0.039381,0.030282,0.009078,0.000623,0.066940,-0.438086,
1624910739.000000,965687275.000000,0.310720,-0.356678,-0.030869,0.006982,0.022062,-0.741725,0.670304,0.071594,0.043733,-0.017164,-0.033585,-0.015762,-0.477594,
1624910739.000000,970690489.000000,0.310899,-0.357053,-0.030980,0.006864,0.022040,-0.742529,0.669416,0.071153,0.043728,-0.018082,0.016252,-0.008314,-0.475628,
1624910739.000000,975693226.000000,0.311004,-0.357390,-0.030783,0.006957,0.021992,-0.743325,0.668533,0.066715,0.035340,0.011842,0.070904,0.016120,-0.479698,
1624910739.000000,980697155.000000,0.311140,-0.357736,-0.030719,0.007140,0.021895,-0.744134,0.667633,0.064653,0.032874,0.020302,0.105888,0.089276,-0.476700,
1624910739.000000,985700369.000000,0.311265,-0.358072,-0.030603,0.007549,0.021941,-0.744928,0.666742,0.062556,0.030405,0.029481,0.086979,0.160134,-0.476510,
1624910739.000000,990703344.000000,0.311432,-0.358319,-0.030554,0.007887,0.022048,-0.745710,0.665860,0.049317,0.034501,0.022607,0.057841,0.090068,-0.448015,
1624910739.000000,995706320.000000,0.311050,-0.357646,-0.030474,0.008145,0.022128,-0.746693,0.664751,0.036846,0.034443,0.010227,0.028129,-0.145971,-0.417538,
1624910740.000000,709295.000000,0.311202,-0.357832,-0.030438,0.007702,0.021692,-0.747395,0.663981,0.030673,0.034504,0.009964,0.022624,-0.308809,-0.427099,
1624910740.000000,5713224.000000,0.311367,-0.358064,-0.030535,0.007136,0.021142,-0.748135,0.663171,0.032767,0.036714,-0.004045,0.015402,-0.283266,-0.457025,
1624910740.000000,10716200.000000,0.311531,-0.358237,-0.030573,0.006663,0.020708,-0.748902,0.662324,0.028801,0.037420,-0.007970,0.019438,-0.232923,-0.451845,
1624910740.000000,105776310.000000,0.314241,-0.364606,-0.029911,0.007450,0.020865,-0.763931,0.644918,0.016519,0.031158,0.001596,-0.104103,-0.251776,-0.439585,
1624910740.000000,110779285.000000,0.314382,-0.364706,-0.029953,0.006834,0.020591,-0.764645,0.644087,0.010879,0.032390,-0.008582,0.039727,-0.348906,-0.414705,
1624910740.000000,115782499.000000,0.314462,-0.364997,-0.029946,0.006330,0.019832,-0.765315,0.643319,0.036755,0.028562,-0.002554,0.097273,-0.196635,-0.445668,
1624910740.000000,120785236.000000,0.314566,-0.365213,-0.029969,0.006397,0.019704,-0.766077,0.642415,0.041804,0.027817,-0.003232,0.067933,0.121932,-0.465852,
1624910740.000000,125789404.000000,0.315593,-0.366290,-0.028913,0.006721,0.020089,-0.767059,0.641227,0.059744,0.033464,0.054314,-0.026899,0.264559,-0.458404,
1624910740.000000,130792379.000000,0.315820,-0.366684,-0.028970,0.007107,0.020632,-0.767782,0.640339,0.067284,0.047222,0.026092,-0.047281,0.238074,-0.445877,
1624910740.000000,135795355.000000,0.316000,-0.367079,-0.028872,0.007387,0.020919,-0.768481,0.639488,0.072171,0.051118,0.021956,0.017494,0.069564,-0.439251,
1624910740.000000,140798569.000000,0.316195,-0.367497,-0.028787,0.007459,0.020925,-0.769201,0.638621,0.076647,0.055057,0.018501,0.026985,0.040965,-0.462765,
1624910740.000000,145801544.000000,0.316365,-0.367829,-0.028658,0.007579,0.021046,-0.769963,0.637696,0.066244,0.050552,0.024210,-0.041009,0.085464,-0.494742,
1624910740.000000,150804281.000000,0.316554,-0.368204,-0.028556,0.007612,0.021254,-0.770754,0.636733,0.064544,0.051084,0.025575,-0.009907,0.043987,-0.491715,
1624910740.000000,195833206.000000,0.319093,-0.370117,-0.028950,0.008449,0.021424,-0.777961,0.627890,0.023657,0.042795,0.025089,0.049199,-0.100870,-0.427970,
1624910740.000000,200836420.000000,0.319284,-0.370266,-0.028831,0.008192,0.021159,-0.778641,0.627060,0.017175,0.043525,0.023982,-0.002943,-0.190776,-0.435358,
1624910740.000000,205839396.000000,0.319487,-0.370383,-0.028705,0.007723,0.020843,-0.779332,0.626217,0.010655,0.044223,0.023694,0.007257,-0.225129,-0.437598,
1624910740.000000,210842133.000000,0.319664,-0.370627,-0.028648,0.007348,0.020478,-0.780021,0.625376,0.022968,0.045042,0.016538,0.037586,-0.177228,-0.437506,
1624910740.000000,215846300.000000,0.319862,-0.370788,-0.028585,0.007137,0.020225,-0.780707,0.624530,0.022584,0.045786,0.013080,0.028920,-0.052406,-0.431197,
1624910740.000000,220849276.000000,0.320064,-0.370947,-0.028538,0.007105,0.020150,-0.781375,0.623696,0.022212,0.046526,0.009702,0.018231,-0.038813,-0.425780,
1624910740.000000,225852489.000000,0.320494,-0.371791,-0.028150,0.007152,0.020373,-0.782334,0.622485,0.058569,0.049733,0.014923,0.028803,0.052268,-0.445557,
1624910740.000000,230855465.000000,0.320672,-0.372146,-0.028101,0.007401,0.020518,-0.783047,0.621581,0.063493,0.051194,0.013523,0.010898,0.161236,-0.468054,
1624910740.000000,235858440.000000,0.320850,-0.372532,-0.028057,0.007699,0.020788,-0.783769,0.620657,0.068668,0.052687,0.012239,-0.006402,0.156835,-0.459575,
1624910740.000000,240862608.000000,0.321068,-0.372829,-0.028078,0.007897,0.020996,-0.784472,0.619759,0.061107,0.055541,0.004415,-0.010520,0.067875,-0.455141,
1624910740.000000,290893316.000000,0.323391,-0.374739,-0.028102,0.008970,0.021605,-0.791763,0.610380,0.015559,0.044024,0.036514,0.062695,-0.008529,-0.423924,
1624910740.000000,295896292.000000,0.323028,-0.375798,-0.027373,0.009140,0.021524,-0.792627,0.609258,0.024700,0.035663,0.039755,0.052210,-0.196328,-0.422193,
1624910740.000000,300900221.000000,0.323232,-0.376024,-0.027419,0.008725,0.021142,-0.793291,0.608413,0.025648,0.043685,0.015139,-0.003107,-0.241203,-0.441480,
1624910740.000000,305903196.000000,0.323420,-0.376195,-0.027339,0.008214,0.020826,-0.793973,0.607541,0.021761,0.045390,0.011102,-0.002492,-0.203335,-0.444741,
1624910740.000000,310906410.000000,0.323618,-0.376353,-0.027303,0.007865,0.020508,-0.794649,0.606672,0.018074,0.047072,0.005864,0.048989,-0.182609,-0.439336,
1624910740.000000,315909386.000000,0.323827,-0.376491,-0.027316,0.007651,0.020215,-0.795314,0.605813,0.014301,0.048730,-0.000480,0.031097,-0.029035,-0.428729,
1624910740.000000,320912361.000000,0.323993,-0.376802,-0.027178,0.007747,0.020275,-0.795957,0.604964,0.032658,0.049377,0.014550,0.004069,0.074196,-0.425451,
1624910740.000000,325915337.000000,0.324189,-0.377037,-0.027109,0.007858,0.020355,-0.796601,0.604111,0.036218,0.050737,0.016247,0.016954,0.051082,-0.425527,
1624910740.000000,330918312.000000,0.323950,-0.378044,-0.027242,0.008019,0.020681,-0.797518,0.602888,0.064208,0.045911,0.002705,0.004223,-0.006707,-0.445120,
1624910740.000000,335922241.000000,0.324079,-0.378409,-0.027286,0.008006,0.020701,-0.798215,0.601964,0.066315,0.046589,-0.002491,0.006072,0.070841,-0.481404,
1624910740.000000,385953426.000000,0.324747,-0.381899,-0.027404,0.009057,0.021491,-0.805372,0.592311,0.053841,0.030164,0.028899,0.085157,0.149428,-0.466906,
1624910740.000000,390957117.000000,0.324806,-0.382202,-0.027250,0.009445,0.021569,-0.806062,0.591363,0.051870,0.027142,0.038699,0.071100,0.153223,-0.459583,
1624910740.000000,395960093.000000,0.324953,-0.382036,-0.026500,0.009935,0.021775,-0.806928,0.590164,0.035359,0.027230,0.026475,0.061513,-0.028014,-0.437636,
1624910740.000000,400963306.000000,0.325035,-0.382241,-0.026393,0.009722,0.021501,-0.807568,0.589302,0.028963,0.028027,0.022823,0.026453,-0.195433,-0.425829,
1624910740.000000,405966282.000000,0.325134,-0.382406,-0.026307,0.009255,0.021155,-0.808209,0.588443,0.022001,0.028780,0.018999,0.003871,-0.256385,-0.440744,
1624910740.000000,410969257.000000,0.325217,-0.382637,-0.026199,0.008757,0.020782,-0.808868,0.587558,0.029527,0.029828,0.019505,0.026270,-0.204874,-0.439856,
1624910740.000000,415972471.000000,0.325317,-0.382825,-0.026109,0.008446,0.020486,-0.809506,0.586693,0.028586,0.030699,0.017404,0.023333,-0.148011,-0.423734,
1624910740.000000,420976162.000000,0.325422,-0.383012,-0.026033,0.008236,0.020299,-0.810130,0.585841,0.027538,0.031565,0.015130,0.025145,-0.034382,-0.426899,
1624910740.000000,425979376.000000,0.325512,-0.383286,-0.025971,0.008320,0.020294,-0.810762,0.584965,0.039976,0.033904,0.013305,0.025412,0.068151,-0.432324,
1624910740.000000,430982351.000000,0.326606,-0.384216,-0.026275,0.008420,0.020633,-0.811596,0.583794,0.062211,0.047654,0.006141,0.013515,0.084081,-0.442283,
1624910740.000000,471007586.000000,0.328147,-0.387566,-0.026742,0.009418,0.021897,-0.817076,0.576037,0.061744,0.059029,-0.017061,-0.032287,-0.089382,-0.453304,
1624910740.000000,476010323.000000,0.328247,-0.387924,-0.026601,0.009149,0.021792,-0.817744,0.575097,0.059339,0.050762,0.007685,0.006961,-0.073295,-0.479838,
1624910740.000000,481013298.000000,0.328385,-0.388281,-0.026567,0.009133,0.021703,-0.818449,0.574097,0.057074,0.048914,0.013928,0.059363,0.019754,-0.487545,
1624910740.000000,486017227.000000,0.328516,-0.388629,-0.026493,0.009340,0.021670,-0.819141,0.573107,0.055059,0.047060,0.020770,0.066889,0.128413,-0.476702,
1624910740.000000,491020203.000000,0.328653,-0.388936,-0.026362,0.009735,0.021742,-0.819817,0.572131,0.048269,0.045214,0.030514,0.099568,0.133462,-0.462934,
1624910740.000000,496023178.000000,0.328324,-0.389198,-0.025834,0.010131,0.021663,-0.820584,0.571026,0.041105,0.037863,0.045015,0.108575,0.093752,-0.450391,
1624910740.000000,501026392.000000,0.328430,-0.389457,-0.025606,0.010327,0.021627,-0.821221,0.570107,0.037185,0.035969,0.051456,0.006329,0.010513,-0.440782,
1624910740.000000,506030321.000000,0.328651,-0.389659,-0.025636,0.010063,0.021545,-0.821837,0.569227,0.026187,0.045652,0.024827,-0.016804,-0.247720,-0.416369,
1624910740.000000,511033297.000000,0.328826,-0.389863,-0.025537,0.009383,0.021075,-0.822440,0.568384,0.020847,0.047498,0.020032,0.024314,-0.329789,-0.436305,
1624910740.000000,516036272.000000,0.329019,-0.390045,-0.025458,0.008859,0.020639,-0.823087,0.567471,0.015539,0.049321,0.015549,0.043341,-0.199525,-0.447403,
1624910740.000000,606093168.000000,0.330541,-0.396490,-0.025901,0.011066,0.021613,-0.834679,0.550202,0.017027,0.040882,0.027752,-0.040312,-0.105693,-0.438949,
1624910740.000000,611096382.000000,0.330704,-0.396636,-0.025805,0.010546,0.021504,-0.835270,0.549318,0.009356,0.041345,0.023314,-0.045685,-0.320912,-0.419669,
1624910740.000000,616099358.000000,0.330839,-0.396836,-0.025736,0.009699,0.020950,-0.835857,0.548462,0.015413,0.040964,0.017204,0.046867,-0.410416,-0.427047,
1624910740.000000,621102333.000000,0.331000,-0.396987,-0.025667,0.009076,0.020372,-0.836460,0.547574,0.012988,0.041090,0.013202,0.075550,-0.222350,-0.431481,
1624910740.000000,626105309.000000,0.331165,-0.397126,-0.025616,0.008939,0.020122,-0.837056,0.546675,0.010505,0.041200,0.009745,0.033034,0.029088,-0.434539,
1624910740.000000,631109238.000000,0.331305,-0.397411,-0.025557,0.009130,0.020282,-0.837650,0.545755,0.030339,0.046367,0.010834,-0.037494,0.140807,-0.434660,
1624910740.000000,636112213.000000,0.330067,-0.399054,-0.027003,0.009533,0.020693,-0.838266,0.544786,0.067321,0.047524,-0.005417,-0.001592,0.146917,-0.437750,
1624910740.000000,641115427.000000,0.330145,-0.399475,-0.027062,0.009849,0.020826,-0.838870,0.543845,0.074260,0.049846,-0.009270,0.050205,0.123796,-0.451660,
1624910740.000000,646118402.000000,0.330265,-0.399777,-0.027086,0.010073,0.020891,-0.839489,0.542882,0.062481,0.049653,-0.007660,0.007538,0.063320,-0.458075,
1624910740.000000,651121378.000000,0.330364,-0.400168,-0.027141,0.010120,0.021005,-0.840118,0.541903,0.063462,0.051146,-0.008974,-0.035396,0.041905,-0.477151,
1624910740.000000,696150303.000000,0.330538,-0.403092,-0.027834,0.011162,0.021594,-0.845798,0.532950,0.038832,0.033536,0.023557,0.125562,0.203187,-0.475112,
1624910740.000000,701153278.000000,0.329709,-0.404361,-0.027110,0.011897,0.021724,-0.846398,0.531974,0.046146,0.021448,0.050279,0.126874,0.078579,-0.452619,
1624910740.000000,706156254.000000,0.329702,-0.404617,-0.026841,0.011979,0.021554,-0.846996,0.531028,0.042835,0.018053,0.059308,0.019469,-0.033161,-0.439856,
1624910740.000000,711160421.000000,0.329891,-0.404830,-0.026968,0.011740,0.021550,-0.847576,0.530107,0.029572,0.034567,0.020736,-0.080169,-0.162134,-0.435583,
1624910740.000000,716163158.000000,0.329996,-0.405031,-0.026874,0.011098,0.021327,-0.848149,0.529213,0.022878,0.037348,0.016443,0.019625,-0.338812,-0.416514,
1624910740.000000,721166134.000000,0.330131,-0.405201,-0.026794,0.010449,0.020740,-0.848716,0.528338,0.015643,0.040103,0.012632,0.078345,-0.290544,-0.438578,
1624910740.000000,726169348.000000,0.330182,-0.405472,-0.026623,0.010109,0.020377,-0.849324,0.527382,0.030916,0.036310,0.026150,0.050994,-0.074958,-0.456048,
1624910740.000000,731172323.000000,0.330172,-0.406721,-0.027972,0.010164,0.020595,-0.849883,0.526471,0.059458,0.042726,-0.011201,-0.021094,0.099361,-0.436669,
1624910740.000000,736175299.000000,0.330228,-0.407088,-0.028055,0.010354,0.020849,-0.850439,0.525558,0.063351,0.043017,-0.013098,-0.027991,0.105094,-0.419560,
1624910740.000000,741178513.000000,0.330318,-0.407468,-0.028172,0.010524,0.020958,-0.850988,0.524662,0.064542,0.047565,-0.018363,0.044754,0.091453,-0.421671,
1624910740.000000,786207438.000000,0.330935,-0.411210,-0.027590,0.011745,0.021991,-0.856419,0.515679,0.064048,0.052940,0.006466,0.015208,-0.045433,-0.483397,
1624910740.000000,791210413.000000,0.330958,-0.411539,-0.027318,0.011677,0.021891,-0.857050,0.514636,0.057538,0.041787,0.036925,0.061626,0.005813,-0.486718,
1624910740.000000,796213627.000000,0.331001,-0.411895,-0.027133,0.011947,0.021801,-0.857680,0.513583,0.055435,0.038265,0.046853,0.124777,0.155655,-0.491926,
1624910740.000000,801217318.000000,0.330852,-0.412238,-0.026999,0.012652,0.021758,-0.858277,0.512569,0.050405,0.027744,0.065636,0.137779,0.135570,-0.466544,
1624910740.000000,806220055.000000,0.331003,-0.412482,-0.027020,0.012928,0.021621,-0.858855,0.511599,0.037212,0.036511,0.039192,0.080149,0.020282,-0.437549,
1624910740.000000,811223269.000000,0.331081,-0.412731,-0.026842,0.012840,0.021556,-0.859416,0.510661,0.031781,0.036591,0.037842,-0.071952,-0.109641,-0.440779,
1624910740.000000,816226244.000000,0.331171,-0.412957,-0.026687,0.012255,0.021497,-0.859973,0.509740,0.026695,0.036642,0.034253,-0.033844,-0.319359,-0.417555,
1624910740.000000,821229219.000000,0.331252,-0.413218,-0.026615,0.011514,0.020987,-0.860521,0.508853,0.030441,0.038225,0.021597,0.065636,-0.322633,-0.444783,
1624910740.000000,826232433.000000,0.331352,-0.413442,-0.026531,0.011078,0.020555,-0.861116,0.507873,0.027784,0.038875,0.015992,0.074703,-0.141609,-0.451812,
1624910740.000000,831235409.000000,0.331625,-0.414145,-0.026505,0.011225,0.020812,-0.861685,0.506892,0.024622,0.046240,0.037592,0.010057,0.054694,-0.449210,
1624910740.000000,881267548.000000,0.332267,-0.418690,-0.027227,0.013065,0.022193,-0.867413,0.496923,0.058836,0.056785,0.006552,-0.037953,-0.047649,-0.473753,
1624910740.000000,886251211.000000,0.332362,-0.419084,-0.027204,0.012855,0.022187,-0.868013,0.495879,0.056328,0.055235,0.012775,0.001137,-0.055504,-0.483543,
1624910740.000000,891254425.000000,0.332456,-0.419463,-0.027145,0.012848,0.022082,-0.868618,0.494824,0.053739,0.053679,0.018830,0.088800,0.021220,-0.493983,
1624910740.000000,896258354.000000,0.332365,-0.419811,-0.026618,0.013327,0.022070,-0.869221,0.493751,0.051712,0.047259,0.030202,0.110367,0.093611,-0.470825,
1624910740.000000,901261091.000000,0.332429,-0.420095,-0.026307,0.013675,0.021990,-0.869788,0.492745,0.043958,0.041769,0.050265,0.106874,0.121196,-0.455557,
1624910740.000000,906264305.000000,0.332494,-0.420394,-0.026049,0.013979,0.021927,-0.870351,0.491745,0.040343,0.039065,0.058434,0.060307,0.054633,-0.448367,
1624910740.000000,911267042.000000,0.332554,-0.420673,-0.025750,0.013933,0.021871,-0.870888,0.490797,0.036967,0.036322,0.066853,-0.015585,-0.109646,-0.421647,
1624910740.000000,916270018.000000,0.332702,-0.420935,-0.025669,0.013421,0.021670,-0.871405,0.489902,0.028803,0.045693,0.037836,-0.003090,-0.321598,-0.418343,
1624910740.000000,921274185.000000,0.332833,-0.421177,-0.025510,0.012680,0.021225,-0.871945,0.488980,0.023588,0.047766,0.030862,0.030433,-0.287744,-0.447153,
1624910740.000000,926276922.000000,0.332985,-0.421403,-0.025384,0.012255,0.020912,-0.872509,0.487997,0.018549,0.049820,0.024006,0.045119,-0.145484,-0.453728,
1624910740.000000,971305132.000000,0.332618,-0.425676,-0.026951,0.013767,0.021912,-0.877473,0.478927,0.057160,0.058800,-0.003376,-0.005667,0.086699,-0.464228,
1624910740.000000,976309299.000000,0.332693,-0.426048,-0.026961,0.013981,0.022085,-0.878027,0.477898,0.054599,0.056054,-0.000742,-0.017372,0.142821,-0.464298,
1624910740.000000,981312275.000000,0.332781,-0.426424,-0.026983,0.014150,0.022290,-0.878568,0.476887,0.052852,0.055737,-0.000160,-0.040880,0.011225,-0.450415,
1624910740.000000,986315012.000000,0.332876,-0.426787,-0.027017,0.013954,0.022286,-0.879110,0.475893,0.050677,0.055408,-0.000695,0.011011,-0.087719,-0.467304,
1624910740.000000,991318226.000000,0.332943,-0.427096,-0.026872,0.013887,0.022136,-0.879688,0.474833,0.044451,0.047257,0.023313,0.079644,0.015474,-0.492013,
1624910740.000000,996321201.000000,0.332020,-0.427825,-0.026691,0.014351,0.022008,-0.880269,0.473746,0.052890,0.034006,0.051738,0.104143,0.120056,-0.473956,
1624910741.000000,1324177.000000,0.332009,-0.428146,-0.026425,0.014701,0.021957,-0.880815,0.472723,0.050732,0.030555,0.063316,0.075473,0.102041,-0.449296,
1624910741.000000,6328106.000000,0.332146,-0.428417,-0.026481,0.014876,0.021912,-0.881337,0.471745,0.037367,0.041092,0.030461,0.055983,0.005489,-0.433375,
1624910741.000000,11331081.000000,0.332220,-0.428686,-0.026359,0.014813,0.021769,-0.881850,0.470794,0.031717,0.042242,0.026890,0.031792,-0.086865,-0.433305,
1624910741.000000,16333818.000000,0.332314,-0.428938,-0.026249,0.014473,0.021580,-0.882362,0.469854,0.026294,0.043366,0.023537,-0.000376,-0.235804,-0.417508,
1624910741.000000,66366196.000000,0.331738,-0.433406,-0.027252,0.014707,0.021592,-0.887590,0.459893,0.070373,0.057061,-0.015031,-0.008690,0.098879,-0.451676,
1624910741.000000,71369171.000000,0.331770,-0.433795,-0.027294,0.014841,0.021710,-0.888100,0.458897,0.065331,0.054718,-0.011052,-0.020015,0.020955,-0.455590,
1624910741.000000,76372147.000000,0.331809,-0.434213,-0.027368,0.014793,0.021804,-0.888633,0.457862,0.064069,0.055182,-0.011174,-0.031036,0.042040,-0.468694,
1624910741.000000,81375122.000000,0.331851,-0.434628,-0.027444,0.014893,0.021966,-0.889165,0.456817,0.062934,0.055644,-0.011420,-0.031860,0.061329,-0.472786,
1624910741.000000,86378098.000000,0.331871,-0.435008,-0.027384,0.014918,0.022060,-0.889702,0.455764,0.059618,0.049940,0.006826,0.013614,0.014015,-0.466528,
1624910741.000000,91381311.000000,0.331897,-0.435392,-0.027353,0.014939,0.021990,-0.890229,0.454736,0.057878,0.047924,0.013203,0.050283,-0.016499,-0.459995,
1624910741.000000,96384287.000000,0.331351,-0.435941,-0.026926,0.014972,0.021746,-0.890782,0.453664,0.056018,0.037851,0.034555,0.094730,0.103930,-0.478137,
1624910741.000000,101388216.000000,0.331402,-0.436218,-0.026821,0.015413,0.021719,-0.891320,0.452591,0.043446,0.037894,0.032899,0.086673,0.180087,-0.459274,
1624910741.000000,106391191.000000,0.331427,-0.436507,-0.026652,0.015700,0.021716,-0.891815,0.451606,0.038373,0.036497,0.037611,0.050018,-0.023045,-0.424868,
1624910741.000000,111394167.000000,0.331469,-0.436762,-0.026470,0.015468,0.021487,-0.892303,0.450661,0.032605,0.035064,0.041532,0.054334,-0.160188,-0.432334,
1624910741.000000,171432018.000000,0.332028,-0.442663,-0.026915,0.015637,0.021491,-0.898405,0.438363,0.072345,0.063106,-0.005378,-0.019843,0.144009,-0.459367,
1624910741.000000,176435232.000000,0.332058,-0.443138,-0.026972,0.015834,0.021675,-0.898895,0.437340,0.071295,0.063953,-0.006329,-0.010545,0.043609,-0.453809,
1624910741.000000,181439161.000000,0.332090,-0.443576,-0.027014,0.015757,0.021705,-0.899397,0.436309,0.066468,0.061025,-0.004558,-0.034615,-0.054559,-0.462459,
1624910741.000000,186442137.000000,0.332126,-0.444019,-0.027056,0.015590,0.021769,-0.899908,0.435257,0.064173,0.060349,-0.003377,-0.022442,-0.005873,-0.479431,
1624910741.000000,191445351.000000,0.332163,-0.444453,-0.027093,0.015600,0.021767,-0.900431,0.434174,0.062122,0.059667,-0.002543,0.048220,-0.008221,-0.472161,
1624910741.000000,196448088.000000,0.331725,-0.444798,-0.027045,0.015692,0.021478,-0.900953,0.433100,0.053463,0.048462,0.000627,0.096332,0.051214,-0.461422,
1624910741.000000,201451063.000000,0.331748,-0.445153,-0.027065,0.016004,0.021402,-0.901455,0.432047,0.051409,0.047709,0.001171,0.077204,0.136912,-0.465716,
1624910741.000000,206454277.000000,0.331773,-0.445500,-0.027083,0.016365,0.021416,-0.901954,0.430989,0.049420,0.046949,0.001725,0.074705,0.132419,-0.458342,
1624910741.000000,211458206.000000,0.332048,-0.445714,-0.027410,0.016564,0.021345,-0.902436,0.429976,0.030641,0.055097,-0.020852,0.050641,-0.043937,-0.432740,
1624910741.000000,216461420.000000,0.332173,-0.445997,-0.027531,0.016239,0.021141,-0.902904,0.429014,0.025506,0.056210,-0.024510,0.015130,-0.214519,-0.434714,
1624910741.000000,296511173.000000,0.330938,-0.454155,-0.025977,0.016499,0.021116,-0.910776,0.412030,0.064610,0.041624,0.043378,0.083823,0.146833,-0.488673,
1624910741.000000,301515341.000000,0.330874,-0.454542,-0.025757,0.016933,0.021088,-0.911259,0.410945,0.063981,0.039414,0.052396,0.097636,0.164472,-0.453334,
1624910741.000000,306518316.000000,0.330932,-0.454828,-0.025629,0.017322,0.021033,-0.911714,0.409920,0.046779,0.041349,0.045716,0.089102,0.090497,-0.442612,
1624910741.000000,311521292.000000,0.330936,-0.455139,-0.025409,0.017459,0.020924,-0.912169,0.408908,0.040722,0.040407,0.049353,0.050806,-0.008398,-0.437419,
1624910741.000000,316524267.000000,0.330956,-0.455425,-0.025169,0.017270,0.020785,-0.912615,0.407926,0.034780,0.039430,0.052952,0.015495,-0.196372,-0.426710,
1624910741.000000,321527243.000000,0.330979,-0.455742,-0.025046,0.016614,0.020490,-0.913068,0.406952,0.036356,0.042746,0.037298,0.012299,-0.331881,-0.445787,
1624910741.000000,326530933.000000,0.331020,-0.456024,-0.024883,0.015926,0.020145,-0.913547,0.405923,0.033161,0.043467,0.033425,0.042126,-0.234414,-0.460908,
1624910741.000000,331534147.000000,0.331151,-0.456918,-0.025944,0.015565,0.019930,-0.914036,0.404843,0.030943,0.048049,0.004553,0.018022,-0.140162,-0.446089,
1624910741.000000,336537123.000000,0.331086,-0.457377,-0.025853,0.015330,0.019825,-0.914483,0.403847,0.054605,0.050609,0.013129,0.028080,-0.026548,-0.430060,
1624910741.000000,341540098.000000,0.331077,-0.457769,-0.025822,0.015438,0.019802,-0.914921,0.402850,0.060965,0.052001,0.012406,0.022342,0.089560,-0.445939,
1624910741.000000,386560678.000000,0.330963,-0.462596,-0.026371,0.017439,0.020950,-0.919168,0.392921,0.064114,0.061296,-0.001123,-0.034945,-0.081832,-0.472744,
1624910741.000000,391563654.000000,0.330964,-0.463035,-0.026391,0.017146,0.020924,-0.919642,0.391824,0.062471,0.060505,0.001991,0.031091,-0.064130,-0.488747,
1624910741.000000,396566868.000000,0.330403,-0.463762,-0.026002,0.017124,0.020575,-0.920164,0.390617,0.056137,0.049893,0.022926,0.095002,0.068398,-0.509184,
1624910741.000000,401569843.000000,0.330361,-0.464099,-0.025692,0.017492,0.020492,-0.920654,0.389449,0.052280,0.043639,0.048197,0.112606,0.196275,-0.482739,
1624910741.000000,406572580.000000,0.330330,-0.464444,-0.025449,0.018017,0.020467,-0.921098,0.388375,0.049956,0.041117,0.057670,0.067251,0.132630,-0.444114,
1624910741.000000,411576748.000000,0.330299,-0.464772,-0.025164,0.018174,0.020434,-0.921524,0.387356,0.047255,0.038566,0.066701,0.054817,0.011676,-0.439874,
1624910741.000000,416579723.000000,0.330377,-0.465063,-0.025116,0.018072,0.020281,-0.921954,0.386347,0.033638,0.046174,0.035235,0.021481,-0.162142,-0.431487,
1624910741.000000,421582699.000000,0.330435,-0.465344,-0.024967,0.017451,0.020041,-0.922380,0.385370,0.026948,0.047621,0.029617,0.010110,-0.330443,-0.433461,
1624910741.000000,426585913.000000,0.330522,-0.465603,-0.024845,0.016666,0.019664,-0.922827,0.384351,0.020016,0.049041,0.023827,0.039338,-0.328269,-0.466517,
1624910741.000000,431588888.000000,0.330326,-0.467087,-0.025457,0.016318,0.019531,-0.923329,0.383165,0.048832,0.053905,0.014031,0.027726,-0.115386,-0.470122,
1624910741.000000,476617575.000000,0.329567,-0.471901,-0.026105,0.017839,0.020173,-0.927324,0.373289,0.073179,0.065521,-0.007326,-0.008631,0.128299,-0.461654,
1624910741.000000,481620789.000000,0.329520,-0.472358,-0.026147,0.018087,0.020357,-0.927749,0.372211,0.071792,0.063161,-0.006696,-0.044551,0.070199,-0.466907,
1624910741.000000,486623764.000000,0.329482,-0.472831,-0.026174,0.018058,0.020510,-0.928184,0.371116,0.071124,0.063420,-0.005480,-0.030185,0.003246,-0.475526,
1624910741.000000,491626740.000000,0.329446,-0.473302,-0.026226,0.017988,0.020490,-0.928630,0.370004,0.070487,0.063675,-0.005741,0.047920,-0.082587,-0.483988,
1624910741.000000,496629715.000000,0.328669,-0.473819,-0.025784,0.017883,0.020078,-0.929137,0.368758,0.063109,0.037304,0.048831,0.109911,0.027355,-0.502282,
1624910741.000000,501632690.000000,0.328560,-0.474174,-0.025529,0.018250,0.019969,-0.929599,0.367578,0.060837,0.033632,0.061463,0.086590,0.198057,-0.493918,
1624910741.000000,506636620.000000,0.328444,-0.474511,-0.025210,0.018767,0.020014,-0.930030,0.366457,0.058761,0.029949,0.074151,0.069115,0.176964,-0.456532,
1624910741.000000,511639833.000000,0.328522,-0.474811,-0.025305,0.019027,0.019965,-0.930432,0.365425,0.042324,0.040278,0.036441,0.056651,-0.010670,-0.427696,
1624910741.000000,516642809.000000,0.328511,-0.475103,-0.025144,0.018783,0.019794,-0.930825,0.364444,0.036090,0.040795,0.033865,0.020330,-0.192356,-0.422369,
1624910741.000000,521645784.000000,0.328528,-0.475371,-0.024999,0.018208,0.019563,-0.931229,0.363453,0.029527,0.041279,0.030884,0.013807,-0.281247,-0.442600,
1624910741.000000,566674709.000000,0.327763,-0.480704,-0.025786,0.018281,0.019443,-0.935107,0.353360,0.082408,0.064321,-0.008112,-0.014497,0.038827,-0.480320,
1624910741.000000,571677685.000000,0.327704,-0.481120,-0.025763,0.018406,0.019552,-0.935528,0.352230,0.073120,0.060215,-0.000523,-0.002943,0.128389,-0.479392,
1624910741.000000,576680660.000000,0.327630,-0.481585,-0.025796,0.018735,0.019715,-0.935940,0.351108,0.071702,0.060350,-0.000698,-0.014419,0.123213,-0.475043,
1624910741.000000,581683874.000000,0.327561,-0.482046,-0.025828,0.018859,0.019863,-0.936351,0.349996,0.070275,0.060475,-0.000758,-0.031711,0.039635,-0.470835,
1624910741.000000,586687803.000000,0.327468,-0.482479,-0.025734,0.018811,0.019951,-0.936764,0.348887,0.068551,0.054926,0.016348,-0.022060,-0.055229,-0.483509,
1624910741.000000,591690540.000000,0.327385,-0.482909,-0.025660,0.018653,0.019912,-0.937196,0.347736,0.066820,0.052775,0.023588,0.046976,-0.010648,-0.496442,
1624910741.000000,596693754.000000,0.326950,-0.484058,-0.025619,0.018677,0.019627,-0.937680,0.346442,0.069177,0.046590,0.036010,0.079469,0.047756,-0.492390,
1624910741.000000,601696730.000000,0.326834,-0.484462,-0.025446,0.018890,0.019470,-0.938104,0.345288,0.067644,0.044435,0.042692,0.142766,0.099955,-0.485932,
1624910741.000000,606699705.000000,0.326799,-0.484819,-0.025337,0.019318,0.019296,-0.938523,0.344135,0.057838,0.045252,0.039276,0.070404,0.173498,-0.485945,
1624910741.000000,611702919.000000,0.326730,-0.485175,-0.025119,0.019605,0.019364,-0.938922,0.343026,0.053196,0.043888,0.046039,0.029475,0.016354,-0.439282,
1624910741.000000,701759815.000000,0.325995,-0.494483,-0.024646,0.019356,0.018978,-0.946109,0.322711,0.048483,0.047325,0.046505,0.097103,0.103438,-0.470649,
1624910741.000000,706763506.000000,0.325947,-0.494816,-0.024391,0.019652,0.018843,-0.946480,0.321611,0.045070,0.044452,0.056452,0.082684,0.103288,-0.458770,
1624910741.000000,711766720.000000,0.325902,-0.495130,-0.024097,0.019847,0.018784,-0.946845,0.320528,0.041703,0.041563,0.065838,0.041826,0.010611,-0.444069,
1624910741.000000,716769695.000000,0.326003,-0.495449,-0.024131,0.019622,0.018658,-0.947197,0.319506,0.028955,0.052040,0.031590,0.015324,-0.220503,-0.425801,
1624910741.000000,721772671.000000,0.326048,-0.495752,-0.023988,0.018924,0.018421,-0.947558,0.318491,0.023365,0.053563,0.026838,0.015188,-0.308333,-0.451296,
1624910741.000000,726775885.000000,0.325777,-0.496677,-0.024290,0.018130,0.018242,-0.947971,0.317316,0.017803,0.058065,0.002805,0.028054,-0.219770,-0.466696,
1624910741.000000,731779814.000000,0.325623,-0.497117,-0.024131,0.017734,0.018048,-0.948343,0.316235,0.042509,0.055582,0.015520,0.038735,-0.123272,-0.448454,
1624910741.000000,736782789.000000,0.325612,-0.497475,-0.024073,0.017572,0.017933,-0.948697,0.315188,0.045455,0.055924,0.014846,0.019649,-0.012173,-0.439853,
1624910741.000000,741785765.000000,0.325591,-0.497843,-0.024020,0.017702,0.017963,-0.949045,0.314131,0.048172,0.056281,0.013952,0.021511,0.133994,-0.450526,
1624910741.000000,746788740.000000,0.325541,-0.498259,-0.024022,0.018067,0.018036,-0.949396,0.313041,0.056668,0.059712,0.006136,0.027105,0.122063,-0.456999,
1624910741.000000,791817665.000000,0.324418,-0.504036,-0.023941,0.019584,0.018908,-0.952716,0.302639,0.068216,0.062788,0.026198,0.052724,0.002541,-0.493310,
1624910741.000000,796820641.000000,0.323761,-0.504919,-0.023754,0.019625,0.018668,-0.953114,0.301396,0.065861,0.051769,0.052529,0.086568,0.117897,-0.490386,
1624910741.000000,801823616.000000,0.323633,-0.505324,-0.023490,0.019990,0.018569,-0.953473,0.300241,0.063744,0.048766,0.062983,0.083742,0.094643,-0.468987,
1624910741.000000,806826591.000000,0.323637,-0.505706,-0.023427,0.020140,0.018442,-0.953817,0.299144,0.049911,0.054656,0.043587,0.087539,0.031961,-0.445556,
1624910741.000000,811829805.000000,0.323591,-0.506076,-0.023242,0.020200,0.018284,-0.954151,0.298082,0.044368,0.054550,0.042939,0.045511,-0.039234,-0.448635,
1624910741.000000,816833735.000000,0.323564,-0.506432,-0.023057,0.019950,0.018194,-0.954489,0.297021,0.039116,0.054409,0.042373,0.005475,-0.155167,-0.430808,
1624910741.000000,821836948.000000,0.323498,-0.506836,-0.022934,0.019432,0.018033,-0.954814,0.296019,0.045956,0.057161,0.032778,0.014281,-0.278870,-0.429382,
1624910741.000000,826839685.000000,0.323145,-0.507596,-0.023564,0.018716,0.017849,-0.955188,0.294867,0.043840,0.057407,0.017015,0.025008,-0.221290,-0.441535,
1624910741.000000,831842661.000000,0.323128,-0.507960,-0.023500,0.018360,0.017692,-0.955522,0.293815,0.042298,0.058394,0.015049,0.033434,-0.085029,-0.444649,
1624910741.000000,836845875.000000,0.323117,-0.508326,-0.023441,0.018276,0.017609,-0.955848,0.292762,0.040919,0.059383,0.013304,0.022920,0.002874,-0.429833,
1624910741.000000,881874800.000000,0.322095,-0.513497,-0.023604,0.020017,0.018285,-0.958851,0.282612,0.068066,0.071489,0.003336,-0.022897,0.007309,-0.468219,
1624910741.000000,886877537.000000,0.321991,-0.513948,-0.023524,0.020014,0.018369,-0.959182,0.281480,0.065698,0.066733,0.015573,-0.014428,-0.013754,-0.473591,
1624910741.000000,891880512.000000,0.321894,-0.514405,-0.023457,0.019943,0.018355,-0.959517,0.280343,0.064305,0.065233,0.020822,0.042986,0.005351,-0.475679,
1624910741.000000,896883726.000000,0.321187,-0.515045,-0.023483,0.020014,0.018126,-0.959875,0.279126,0.066330,0.055593,0.026272,0.076332,0.072735,-0.480118,
1624910741.000000,901886702.000000,0.321101,-0.515413,-0.023261,0.020315,0.018025,-0.960206,0.277968,0.057265,0.052387,0.041905,0.097386,0.158251,-0.474809,
1624910741.000000,906890869.000000,0.320998,-0.515788,-0.023057,0.020738,0.017919,-0.960526,0.276838,0.053388,0.050302,0.049444,0.086998,0.104023,-0.452458,
1624910741.000000,911893845.000000,0.320903,-0.516145,-0.022809,0.020781,0.017789,-0.960831,0.275783,0.049668,0.048190,0.057399,0.045263,-0.093610,-0.422579,
1624910741.000000,916896582.000000,0.320865,-0.516519,-0.022756,0.020461,0.017644,-0.961132,0.274765,0.043693,0.054604,0.031765,0.021768,-0.124048,-0.441563,
1624910741.000000,921899796.000000,0.320830,-0.516869,-0.022627,0.020108,0.017538,-0.961449,0.273685,0.038568,0.055858,0.026217,0.000598,-0.215733,-0.447288,
1624910741.000000,926903725.000000,0.320628,-0.517977,-0.023142,0.019411,0.017414,-0.961781,0.272574,0.038626,0.060904,0.003831,0.046047,-0.254459,-0.422692,
1624910741.000000,981937647.000000,0.318625,-0.523094,-0.023943,0.020538,0.017665,-0.965139,0.260332,0.077203,0.064759,-0.014572,-0.023828,0.064396,-0.469718,
1624910741.000000,986941576.000000,0.318457,-0.523564,-0.024043,0.020571,0.017777,-0.965442,0.259196,0.076320,0.064794,-0.014476,-0.032364,0.013072,-0.478055,
1624910741.000000,991944790.000000,0.318067,-0.523913,-0.023514,0.020483,0.017671,-0.965743,0.258086,0.070247,0.057388,-0.000412,0.022860,0.032312,-0.481400,
1624910741.000000,996947765.000000,0.317912,-0.524242,-0.023275,0.020592,0.017573,-0.966053,0.256920,0.062630,0.048141,0.028176,0.087154,0.032530,-0.480292,
1624910742.000000,1950741.000000,0.317758,-0.524603,-0.023135,0.020747,0.017415,-0.966362,0.255757,0.059743,0.045203,0.036697,0.078662,0.088202,-0.474999,
1624910742.000000,6953478.000000,0.317607,-0.524946,-0.022951,0.021034,0.017349,-0.966659,0.254610,0.056883,0.042251,0.045348,0.061343,0.099547,-0.467509,
1624910742.000000,11956692.000000,0.317537,-0.525277,-0.022883,0.021224,0.017257,-0.966950,0.253495,0.045974,0.046149,0.030765,0.075226,0.041881,-0.445212,
1624910742.000000,16960621.000000,0.317457,-0.525590,-0.022747,0.021166,0.017094,-0.967229,0.252442,0.040124,0.045882,0.029764,0.043569,-0.152373,-0.428036,
1624910742.000000,21963835.000000,0.317402,-0.525886,-0.022617,0.020608,0.016909,-0.967514,0.251410,0.034125,0.045582,0.028508,0.023942,-0.248073,-0.435514,
1624910742.000000,26966810.000000,0.317201,-0.526751,-0.022372,0.020203,0.016822,-0.967799,0.250349,0.026032,0.048521,0.031510,0.019118,-0.187981,-0.450495,
1624910742.000000,71994543.000000,0.315635,-0.531735,-0.022443,0.020777,0.016847,-0.970310,0.240380,0.089535,0.071846,-0.005967,-0.006468,0.101697,-0.462100,
1624910742.000000,76998711.000000,0.315494,-0.532159,-0.022416,0.020963,0.016931,-0.970582,0.239258,0.079146,0.068041,-0.000014,0.000906,0.102917,-0.461039,
1624910742.000000,82001686.000000,0.315304,-0.532642,-0.022449,0.021241,0.017041,-0.970851,0.238134,0.078400,0.068154,-0.000741,-0.019173,0.126939,-0.458969,
1624910742.000000,87004662.000000,0.315118,-0.533124,-0.022484,0.021379,0.017188,-0.971118,0.237019,0.077619,0.068264,-0.001452,-0.038575,-0.014772,-0.459972,
1624910742.000000,92007399.000000,0.314939,-0.533579,-0.022427,0.021160,0.017231,-0.971396,0.235893,0.073750,0.065316,0.010262,-0.004527,-0.093183,-0.472765,
1624910742.000000,97010612.000000,0.314403,-0.533754,-0.022133,0.020916,0.016977,-0.971667,0.234814,0.067086,0.054845,0.027609,0.062754,0.018406,-0.492979,
1624910742.000000,102013588.000000,0.314225,-0.534154,-0.022003,0.021142,0.016856,-0.971953,0.233617,0.065547,0.053683,0.032606,0.085298,0.129144,-0.473979,
1624910742.000000,107017756.000000,0.314061,-0.534512,-0.021739,0.021481,0.016762,-0.972217,0.232491,0.060645,0.049570,0.049122,0.073412,0.100665,-0.452399,
1624910742.000000,112020731.000000,0.313897,-0.534874,-0.021490,0.021685,0.016644,-0.972478,0.231384,0.057922,0.047461,0.057921,0.085020,0.062984,-0.452509,
1624910742.000000,117023706.000000,0.313736,-0.535222,-0.021190,0.021810,0.016497,-0.972739,0.230285,0.055340,0.045349,0.067198,0.058724,-0.004258,-0.442965,
1624910742.000000,207080841.000000,0.310548,-0.543213,-0.020975,0.021877,0.016250,-0.977271,0.210235,0.065542,0.049284,0.045357,0.102497,0.202226,-0.487602,
1624910742.000000,212083578.000000,0.310342,-0.543573,-0.020745,0.022376,0.016153,-0.977511,0.209072,0.063840,0.046234,0.055062,0.074709,0.141156,-0.454429,
1624910742.000000,217087507.000000,0.310231,-0.543929,-0.020618,0.022568,0.016068,-0.977741,0.207979,0.051374,0.050734,0.042568,0.052179,0.018556,-0.438408,
1624910742.000000,222090721.000000,0.310104,-0.544267,-0.020421,0.022463,0.015946,-0.977972,0.206912,0.045415,0.050646,0.043241,0.049062,-0.129268,-0.433145,
1624910742.000000,227093697.000000,0.310248,-0.545296,-0.020467,0.022254,0.015831,-0.978196,0.205880,0.032350,0.059673,0.030275,0.016214,-0.276974,-0.440460,
1624910742.000000,232096672.000000,0.310112,-0.545711,-0.020383,0.021532,0.015685,-0.978442,0.204795,0.041426,0.062288,0.024257,0.016944,-0.271945,-0.452282,
1624910742.000000,237099886.000000,0.310046,-0.546084,-0.020290,0.021013,0.015536,-0.978688,0.203683,0.040050,0.063029,0.021312,0.026880,-0.136086,-0.463936,
1624910742.000000,242102623.000000,0.309982,-0.546459,-0.020210,0.020845,0.015465,-0.978926,0.202561,0.039070,0.063768,0.018533,0.027753,-0.008641,-0.443873,
1624910742.000000,247106791.000000,0.309818,-0.546885,-0.020119,0.020932,0.015436,-0.979142,0.201508,0.054724,0.065064,0.019837,0.024685,0.079135,-0.420198,
1624910742.000000,252109766.000000,0.309681,-0.547303,-0.020044,0.021176,0.015454,-0.979351,0.200460,0.060238,0.066063,0.018970,0.024559,0.110023,-0.438297,
1624910742.000000,297138691.000000,0.306938,-0.551872,-0.020607,0.022231,0.015976,-0.981320,0.190423,0.073169,0.068068,0.014310,0.006572,-0.019603,-0.466801,
1624910742.000000,302141428.000000,0.306722,-0.552325,-0.020553,0.022173,0.015910,-0.981549,0.189254,0.072653,0.067028,0.017645,0.059908,-0.022664,-0.480839,
1624910742.000000,307144642.000000,0.306506,-0.552771,-0.020483,0.022224,0.015754,-0.981779,0.188061,0.072182,0.065990,0.021225,0.086637,0.080761,-0.488219,
1624910742.000000,312147617.000000,0.306308,-0.553175,-0.020301,0.022585,0.015640,-0.982003,0.186857,0.066428,0.060854,0.037565,0.075957,0.172612,-0.478729,
1624910742.000000,317150593.000000,0.306106,-0.553580,-0.020113,0.022979,0.015563,-0.982214,0.185704,0.063870,0.058168,0.046405,0.073658,0.110120,-0.450968,
1624910742.000000,322153807.000000,0.305909,-0.553968,-0.019879,0.023046,0.015422,-0.982418,0.184622,0.061310,0.055466,0.055328,0.062143,-0.089073,-0.427491,
1624910742.000000,327156782.000000,0.305838,-0.554059,-0.019769,0.022756,0.015229,-0.982614,0.183632,0.041765,0.061404,0.019086,0.024873,-0.172628,-0.434792,
1624910742.000000,332160711.000000,0.305766,-0.554421,-0.019701,0.022296,0.015142,-0.982827,0.182551,0.036223,0.062411,0.014051,0.005545,-0.214055,-0.445600,
1624910742.000000,337163687.000000,0.305720,-0.554776,-0.019660,0.021676,0.015031,-0.983044,0.181463,0.030762,0.063398,0.008772,0.016262,-0.267488,-0.446603,
1624910742.000000,342166662.000000,0.305455,-0.555198,-0.019499,0.021143,0.014896,-0.983260,0.180362,0.052227,0.061787,0.020239,0.034411,-0.113375,-0.456169,
