1624910613.000000,827497482.000000,0.000111,-0.000018,0.000221,-0.004608,0.027396,-0.000216,0.999614,-0.000948,0.000422,0.007017,-0.003556,-0.004925,-0.003453,
1624910613.000000,832500458.000000,0.000109,-0.000016,0.000259,-0.004615,0.027381,-0.000218,0.999614,-0.000912,0.000519,0.007515,0.000669,-0.003903,-0.000177,
1624910613.000000,837503433.000000,0.000107,-0.000013,0.000299,-0.004610,0.027370,-0.000218,0.999615,-0.000910,0.000615,0.008065,0.000734,-0.009098,0.000850,
1624910613.000000,842506409.000000,0.000107,-0.000012,0.000347,-0.004605,0.027354,-0.000216,0.999615,-0.000810,0.000239,0.009215,0.007033,0.005548,-0.000187,
1624910613.000000,847509384.000000,0.000105,-0.000011,0.000395,-0.004587,0.027381,-0.000217,0.999615,-0.000847,0.000147,0.009735,0.000788,0.004770,0.001901,
1624910613.000000,852512598.000000,0.000104,-0.000010,0.000445,-0.004597,0.027371,-0.000208,0.999615,-0.000906,0.000053,0.010188,-0.003641,-0.007112,0.003015,
1624910613.000000,857515574.000000,0.000137,-0.000064,0.000174,-0.004599,0.027365,-0.000217,0.999615,-0.000915,-0.000514,0.006164,0.000709,0.001435,-0.007642,
1624910613.000000,862518311.000000,0.000129,-0.000067,0.000206,-0.004601,0.027362,-0.000235,0.999615,-0.001521,-0.000516,0.006620,-0.003544,-0.010100,0.000742,
1624910613.000000,867521524.000000,0.000117,-0.000069,0.000238,-0.004606,0.027344,-0.000228,0.999615,-0.002290,-0.000519,0.006916,0.003824,0.008672,-0.004347,
1624910613.000000,872525454.000000,0.000099,-0.000071,0.000263,-0.004594,0.027377,-0.000245,0.999615,-0.002999,-0.000522,0.006017,-0.001337,-0.001456,0.001764,
1624910613.000000,917553663.000000,0.000056,-0.000046,0.000367,-0.004610,0.027418,-0.000261,0.999613,-0.000592,-0.000179,0.008749,-0.003623,0.008814,-0.000116,
1624910613.000000,922556639.000000,0.000119,-0.000053,0.000105,-0.004635,0.027392,-0.000240,0.999614,-0.000743,-0.000348,0.004796,-0.002555,-0.007857,0.006135,
1624910613.000000,927559376.000000,0.000118,-0.000055,0.000131,-0.004634,0.027370,-0.000225,0.999615,-0.000487,-0.000437,0.005546,0.002789,0.008640,-0.000124,
1624910613.000000,932562351.000000,0.000118,-0.000057,0.000161,-0.004631,0.027404,-0.000228,0.999614,-0.000198,-0.000526,0.006333,-0.003552,-0.003495,0.006071,
1624910613.000000,937565327.000000,0.000135,-0.000067,0.000207,-0.004652,0.027277,-0.000200,0.999617,0.001618,-0.001509,0.008493,-0.012146,-0.107469,0.008413,
1624910613.000000,942568541.000000,0.000149,-0.000075,0.000252,-0.004687,0.026677,-0.000204,0.999633,0.002474,-0.001884,0.009677,-0.015316,-0.427759,-0.017214,
1624910613.000000,947572470.000000,0.000159,-0.000085,0.000300,-0.004719,0.025364,-0.000318,0.999667,0.002702,-0.002263,0.010621,-0.002597,-0.513735,-0.090587,
1624910613.000000,952575445.000000,0.000413,-0.000149,0.000347,-0.004717,0.024337,-0.000639,0.999692,0.037189,-0.010076,0.012425,0.006050,-0.303585,-0.160147,
1624910613.000000,957578421.000000,0.001066,-0.000271,0.000239,-0.004716,0.023889,-0.001084,0.999703,0.074154,-0.016919,0.013612,0.004905,-0.087338,-0.186690,
1624910613.000000,962581396.000000,0.001482,-0.000364,0.000294,-0.004705,0.023841,-0.001597,0.999703,0.089986,-0.020154,0.015600,0.016586,0.029326,-0.233354,
1624910614.000000,57640553.000000,0.010778,-0.002551,0.000112,-0.004272,0.027684,-0.020207,0.999403,0.091136,-0.024960,0.015751,0.058532,-0.188268,-0.396284,
1624910614.000000,62643528.000000,0.011272,-0.002734,0.000192,-0.004190,0.027162,-0.021206,0.999397,0.093295,-0.028985,0.017101,0.038066,-0.199180,-0.412079,
1624910614.000000,67646265.000000,0.011728,-0.002901,0.000250,-0.004168,0.026702,-0.022264,0.999387,0.091456,-0.030002,0.015760,0.006187,-0.172234,-0.427230,
1624910614.000000,72649479.000000,0.012175,-0.003073,0.000296,-0.004207,0.026365,-0.023335,0.999371,0.089753,-0.031024,0.014053,0.002776,-0.064726,-0.433474,
1624910614.000000,77652454.000000,0.012718,-0.003233,0.000326,-0.004197,0.026375,-0.024410,0.999345,0.103173,-0.028633,0.011498,0.026376,0.060908,-0.416607,
1624910614.000000,82656384.000000,0.013240,-0.003401,0.000353,-0.004144,0.026588,-0.025426,0.999315,0.107829,-0.028265,0.009659,0.027513,0.103190,-0.401452,
1624910614.000000,87659597.000000,0.015758,-0.003422,0.000696,-0.004162,0.026949,-0.026571,0.999275,0.142279,-0.024691,0.019411,0.017875,0.114732,-0.413487,
1624910614.000000,92662573.000000,0.016415,-0.003531,0.000719,-0.004146,0.027194,-0.027633,0.999240,0.139443,-0.018549,0.014264,0.009448,0.070407,-0.433779,
1624910614.000000,97665310.000000,0.017114,-0.003657,0.000749,-0.004173,0.027343,-0.028737,0.999204,0.141368,-0.016177,0.012041,-0.011865,0.075154,-0.447649,
1624910614.000000,102668524.000000,0.017827,-0.003773,0.000767,-0.004252,0.027465,-0.029848,0.999168,0.143686,-0.013783,0.009748,-0.026843,-0.026538,-0.435992,
1624910614.000000,142693758.000000,0.024302,-0.004847,0.000342,-0.004343,0.028052,-0.038899,0.998840,0.144331,-0.022706,0.041800,0.109660,0.058852,-0.470159,
1624910614.000000,147696733.000000,0.025018,-0.005024,0.000536,-0.004123,0.028347,-0.040078,0.998786,0.141898,-0.025874,0.051574,0.069294,0.138735,-0.457544,
1624910614.000000,152699471.000000,0.026005,-0.005175,-0.000085,-0.003994,0.028641,-0.041256,0.998730,0.139121,-0.032804,0.057086,0.030668,0.106459,-0.423560,
1624910614.000000,157702446.000000,0.026586,-0.005308,-0.000231,-0.003957,0.028691,-0.042279,0.998686,0.127001,-0.026397,0.021282,0.021230,-0.111071,-0.394791,
1624910614.000000,162706375.000000,0.027204,-0.005494,-0.000169,-0.003944,0.028183,-0.043274,0.998658,0.122435,-0.026654,0.016932,0.034998,-0.220776,-0.414864,
1624910614.000000,167709351.000000,0.027799,-0.005680,-0.000122,-0.003915,0.027653,-0.044345,0.998626,0.117904,-0.026909,0.012985,0.017172,-0.216362,-0.432241,
1624910614.000000,172712564.000000,0.028491,-0.005900,-0.000014,-0.003929,0.027174,-0.045431,0.998590,0.130433,-0.030447,0.020825,0.031617,-0.126098,-0.443726,
1624910614.000000,177715540.000000,0.029136,-0.006115,0.000056,-0.003872,0.026969,-0.046544,0.998545,0.132148,-0.031990,0.020606,0.024728,-0.070965,-0.436490,
1624910614.000000,182718277.000000,0.029787,-0.006340,0.000123,-0.003862,0.026879,-0.047613,0.998497,0.133829,-0.033540,0.020158,0.028428,0.054857,-0.424548,
1624910614.000000,187721491.000000,0.030751,-0.006364,-0.000763,-0.003884,0.027032,-0.048753,0.998437,0.147699,-0.022258,-0.003382,-0.005037,0.113422,-0.409970,
1624910614.000000,237752438.000000,0.038250,-0.007690,-0.001082,-0.004269,0.028719,-0.059936,0.997780,0.144825,-0.018704,0.023811,0.059470,-0.023884,-0.464484,
1624910614.000000,242755413.000000,0.038959,-0.007876,-0.000999,-0.004111,0.028712,-0.061090,0.997711,0.142350,-0.021382,0.030565,0.069537,0.051086,-0.456901,
1624910614.000000,247759581.000000,0.039656,-0.008075,-0.000872,-0.003996,0.028887,-0.062220,0.997636,0.139964,-0.024075,0.037859,0.047787,0.068760,-0.442056,
1624910614.000000,252762556.000000,0.040315,-0.008264,-0.000799,-0.003900,0.029013,-0.063300,0.997565,0.134389,-0.023684,0.031725,0.047904,0.056446,-0.420696,
1624910614.000000,257765532.000000,0.040308,-0.008776,-0.000574,-0.003724,0.028930,-0.064337,0.997502,0.120633,-0.030293,0.031755,0.089356,-0.041286,-0.402675,
1624910614.000000,262768745.000000,0.040885,-0.009006,-0.000440,-0.003537,0.028639,-0.065337,0.997446,0.116520,-0.031845,0.033816,0.076961,-0.159528,-0.397328,
1624910614.000000,267771482.000000,0.041500,-0.009189,-0.000449,-0.003522,0.028141,-0.066337,0.997394,0.118933,-0.026673,0.019733,-0.026484,-0.233425,-0.405862,
1624910614.000000,272774458.000000,0.042075,-0.009398,-0.000371,-0.003698,0.027607,-0.067380,0.997339,0.117156,-0.026147,0.018379,-0.023973,-0.153553,-0.439891,
1624910614.000000,277777672.000000,0.042646,-0.009606,-0.000313,-0.003696,0.027331,-0.068492,0.997270,0.115845,-0.025601,0.016014,0.058653,-0.103619,-0.436991,
1624910614.000000,282781363.000000,0.043333,-0.009830,-0.000251,-0.003578,0.027102,-0.069556,0.997203,0.132361,-0.025178,0.018071,0.049297,-0.030611,-0.419641,
1624910614.000000,322805405.000000,0.049039,-0.010914,-0.001175,-0.003835,0.028567,-0.078448,0.996502,0.144889,-0.008438,-0.000676,-0.035104,0.108920,-0.459473,
1624910614.000000,327808380.000000,0.049735,-0.011119,-0.001118,-0.003915,0.028867,-0.079583,0.996403,0.143829,-0.013807,0.010683,-0.015980,0.127818,-0.449881,
1624910614.000000,332811356.000000,0.050437,-0.011306,-0.001100,-0.003943,0.029090,-0.080692,0.996307,0.143606,-0.015049,0.013884,-0.001951,0.020205,-0.441298,
1624910614.000000,337815523.000000,0.051131,-0.011499,-0.001072,-0.003940,0.029066,-0.081809,0.996216,0.142971,-0.016293,0.016526,0.046738,0.022103,-0.460410,
1624910614.000000,342818499.000000,0.051818,-0.011698,-0.001032,-0.003782,0.029214,-0.082978,0.996116,0.142183,-0.017522,0.019143,0.080185,0.086815,-0.463829,
1624910614.000000,347821712.000000,0.052432,-0.011938,-0.000800,-0.003601,0.029407,-0.084114,0.996016,0.132610,-0.024179,0.041470,0.078873,0.084340,-0.443452,
1624910614.000000,352824450.000000,0.052961,-0.012459,-0.000633,-0.003346,0.029605,-0.085226,0.995916,0.121968,-0.033975,0.055772,0.071469,-0.001214,-0.421244,
1624910614.000000,357827425.000000,0.053538,-0.012736,-0.000363,-0.003239,0.029502,-0.086263,0.995830,0.117732,-0.037108,0.064647,0.039573,-0.046280,-0.410554,
1624910614.000000,362830400.000000,0.054045,-0.012892,-0.000468,-0.003220,0.029304,-0.087274,0.995748,0.108833,-0.027134,0.030325,0.021267,-0.140810,-0.397854,
1624910614.000000,367833614.000000,0.054554,-0.013117,-0.000357,-0.003248,0.028779,-0.088255,0.995677,0.103496,-0.026417,0.025959,0.012922,-0.258024,-0.394551,
1624910614.000000,417865276.000000,0.062133,-0.015491,-0.000680,-0.003423,0.028947,-0.099060,0.994654,0.159640,-0.009909,0.004617,-0.006211,0.083598,-0.438572,
1624910614.000000,422868490.000000,0.062323,-0.015610,-0.001354,-0.003390,0.028963,-0.100190,0.994541,0.148487,-0.013889,-0.003588,-0.023185,0.043098,-0.434172,
1624910614.000000,427871466.000000,0.063034,-0.015828,-0.001414,-0.003504,0.029090,-0.101287,0.994426,0.148916,-0.014146,-0.004503,-0.052028,0.078681,-0.446084,
1624910614.000000,432874441.000000,0.063747,-0.016049,-0.001490,-0.003631,0.029255,-0.102398,0.994307,0.149476,-0.014388,-0.006273,-0.019244,-0.007046,-0.450295,
1624910614.000000,437877655.000000,0.064428,-0.016317,-0.001384,-0.003625,0.029167,-0.103524,0.994193,0.145109,-0.021997,0.017673,0.054512,0.014473,-0.453499,
1624910614.000000,442880392.000000,0.065116,-0.016582,-0.001310,-0.003479,0.029279,-0.104661,0.994071,0.143739,-0.025187,0.026132,0.061123,0.038495,-0.456687,
1624910614.000000,447883368.000000,0.065796,-0.016863,-0.001197,-0.003334,0.029425,-0.105802,0.993946,0.142412,-0.028377,0.034288,0.086168,0.164894,-0.455644,
1624910614.000000,452886581.000000,0.066112,-0.017046,-0.001071,-0.003034,0.030096,-0.106967,0.993802,0.119296,-0.025684,0.033838,0.068716,0.149154,-0.426060,
1624910614.000000,457890511.000000,0.066665,-0.017298,-0.000911,-0.002909,0.030203,-0.107976,0.993690,0.113227,-0.025844,0.035677,0.067998,-0.029295,-0.384344,
1624910614.000000,462893486.000000,0.067176,-0.017542,-0.000735,-0.002804,0.029905,-0.108932,0.993595,0.106313,-0.026058,0.037772,0.033602,-0.211981,-0.394867,
1624910614.000000,547946453.000000,0.078895,-0.021933,-0.001648,-0.002966,0.029654,-0.127527,0.991387,0.143741,-0.024220,0.029449,0.094320,0.103210,-0.454952,
1624910614.000000,552949667.000000,0.079172,-0.022469,-0.001387,-0.002694,0.029875,-0.128645,0.991237,0.134756,-0.032749,0.045684,0.080074,0.121748,-0.444341,
1624910614.000000,557952404.000000,0.079787,-0.022805,-0.001174,-0.002499,0.030116,-0.129733,0.991088,0.131600,-0.035272,0.054437,0.069639,0.101202,-0.426269,
1624910614.000000,562955379.000000,0.080315,-0.023037,-0.001244,-0.002411,0.030152,-0.130765,0.990952,0.119463,-0.026727,0.024573,0.012166,-0.128680,-0.403857,
1624910614.000000,567958593.000000,0.080854,-0.023317,-0.001148,-0.002506,0.029537,-0.131758,0.990839,0.113714,-0.025644,0.021816,0.026570,-0.301067,-0.403782,
1624910614.000000,572961569.000000,0.081359,-0.023584,-0.001064,-0.002532,0.028791,-0.132792,0.990722,0.107475,-0.024579,0.019023,0.031546,-0.283241,-0.434695,
1624910614.000000,577983618.000000,0.081827,-0.023836,-0.000997,-0.002597,0.028182,-0.133882,0.990593,0.100826,-0.023537,0.015890,0.018256,-0.180743,-0.431746,
1624910614.000000,582986355.000000,0.082538,-0.024175,-0.000899,-0.002597,0.027886,-0.134930,0.990459,0.127348,-0.025167,0.020279,0.036548,-0.063767,-0.421867,
1624910614.000000,587990522.000000,0.083266,-0.024359,-0.001530,-0.002585,0.027948,-0.136024,0.990308,0.136001,-0.022631,0.006551,0.021839,0.094766,-0.428450,
1624910614.000000,592993498.000000,0.083903,-0.024655,-0.001540,-0.002537,0.028320,-0.137080,0.990152,0.139627,-0.022393,0.005254,0.008753,0.179044,-0.416826,
1624910614.000000,638021231.000000,0.089977,-0.026793,-0.002200,-0.002865,0.029585,-0.147093,0.988676,0.147604,-0.009458,-0.008143,-0.001734,-0.064119,-0.456085,
1624910614.000000,643024206.000000,0.090621,-0.027098,-0.002078,-0.002824,0.029493,-0.148249,0.988506,0.142093,-0.018057,0.019669,0.079097,0.060267,-0.475395,
1624910614.000000,648027420.000000,0.091273,-0.027402,-0.001992,-0.002568,0.029762,-0.149423,0.988322,0.139944,-0.021664,0.029696,0.094475,0.131813,-0.458455,
1624910614.000000,653030396.000000,0.092254,-0.028085,-0.001545,-0.002295,0.030129,-0.150541,0.988142,0.146708,-0.032333,0.057659,0.083362,0.132729,-0.437017,
1624910614.000000,658033371.000000,0.092798,-0.028316,-0.001587,-0.002092,0.030415,-0.151623,0.987968,0.129441,-0.022969,0.032118,0.058082,0.093240,-0.434957,
1624910614.000000,663037539.000000,0.093372,-0.028614,-0.001459,-0.002001,0.030463,-0.152679,0.987804,0.122684,-0.022380,0.031976,0.044989,-0.043738,-0.408454,
1624910614.000000,668040276.000000,0.093912,-0.028899,-0.001328,-0.001985,0.030103,-0.153662,0.987663,0.115802,-0.021841,0.031801,0.025069,-0.249070,-0.394359,
1624910614.000000,673043251.000000,0.094508,-0.029204,-0.001223,-0.002102,0.029312,-0.154656,0.987531,0.121960,-0.021742,0.028499,0.014113,-0.343116,-0.412581,
1624910614.000000,678046465.000000,0.095059,-0.029494,-0.001118,-0.002198,0.028527,-0.155698,0.987390,0.120437,-0.021373,0.026657,0.030248,-0.268569,-0.429668,
1624910614.000000,683049440.000000,0.095602,-0.029780,-0.001021,-0.002221,0.028007,-0.156770,0.987235,0.118974,-0.021003,0.024939,0.038787,-0.133924,-0.435004,
1624910614.000000,728077412.000000,0.102231,-0.032834,-0.003192,-0.002232,0.029392,-0.166732,0.985562,0.158410,-0.012139,-0.015341,-0.018572,0.058373,-0.448884,
1624910614.000000,733080387.000000,0.102954,-0.033152,-0.003315,-0.002304,0.029581,-0.167850,0.985366,0.158587,-0.011811,-0.016412,-0.034682,0.045690,-0.456448,
1624910614.000000,738083601.000000,0.103679,-0.033506,-0.003323,-0.002401,0.029589,-0.168978,0.985173,0.159694,-0.016445,-0.000525,-0.007099,-0.033440,-0.461721,
1624910614.000000,743086576.000000,0.104404,-0.033855,-0.003357,-0.002384,0.029528,-0.170143,0.984974,0.160341,-0.018084,0.005174,0.060086,0.024560,-0.487234,
1624910614.000000,748089552.000000,0.105133,-0.034215,-0.003359,-0.002171,0.029738,-0.171364,0.984756,0.161244,-0.019696,0.011291,0.095454,0.183773,-0.488519,
1624910614.000000,753093481.000000,0.105179,-0.034564,-0.001624,-0.001816,0.030323,-0.172535,0.984535,0.139804,-0.025810,0.050397,0.093181,0.213970,-0.446916,
1624910614.000000,758096218.000000,0.105800,-0.034927,-0.001396,-0.001575,0.030655,-0.173598,0.984338,0.136164,-0.027222,0.057479,0.072961,0.063408,-0.416951,
1624910614.000000,763099432.000000,0.106399,-0.035290,-0.001129,-0.001477,0.030595,-0.174622,0.984159,0.132204,-0.028670,0.064667,0.035671,-0.066502,-0.414860,
1624910614.000000,768102407.000000,0.106949,-0.035604,-0.001023,-0.001523,0.030214,-0.175642,0.983989,0.123631,-0.024247,0.043413,0.011053,-0.276342,-0.409627,
1624910614.000000,773105383.000000,0.107486,-0.035926,-0.000852,-0.001670,0.029329,-0.176660,0.983833,0.118222,-0.023392,0.039238,0.030203,-0.369993,-0.426499,
1624910614.000000,833143473.000000,0.115830,-0.039422,-0.003082,-0.001859,0.029831,-0.189927,0.981343,0.151973,-0.008616,0.001385,-0.036551,0.021218,-0.456790,
1624910614.000000,838146687.000000,0.116517,-0.039750,-0.003100,-0.001990,0.029779,-0.191037,0.981129,0.150666,-0.009909,0.004830,-0.005144,-0.045485,-0.456530,
1624910614.000000,843149424.000000,0.117192,-0.040081,-0.003106,-0.001967,0.029638,-0.192185,0.980909,0.149071,-0.011199,0.007792,0.060371,-0.064001,-0.478967,
1624910614.000000,848152399.000000,0.117855,-0.040443,-0.002953,-0.001799,0.029579,-0.193378,0.980677,0.147749,-0.016449,0.031059,0.112342,0.113980,-0.481220,
1624910614.000000,853155613.000000,0.118419,-0.041165,-0.002967,-0.001353,0.030058,-0.194544,0.980432,0.150412,-0.026935,0.050598,0.092449,0.232023,-0.457763,
1624910614.000000,858158588.000000,0.119074,-0.041586,-0.002732,-0.001103,0.030567,-0.195611,0.980205,0.149582,-0.029829,0.061225,0.060095,0.211183,-0.398219,
1624910614.000000,863161564.000000,0.119579,-0.041855,-0.002871,-0.000948,0.030858,-0.196553,0.980007,0.129864,-0.021259,0.023540,0.032628,-0.012563,-0.388205,
1624910614.000000,868165493.000000,0.120123,-0.042196,-0.002799,-0.001017,0.030453,-0.197533,0.979823,0.122486,-0.020569,0.018770,0.005862,-0.279655,-0.401419,
1624910614.000000,873168230.000000,0.120632,-0.042519,-0.002759,-0.001190,0.029557,-0.198523,0.979650,0.115146,-0.019904,0.013113,0.036624,-0.436093,-0.412910,
1624910614.000000,878171206.000000,0.121270,-0.042893,-0.002676,-0.001301,0.028517,-0.199583,0.979465,0.131680,-0.019120,0.018518,0.052989,-0.325755,-0.452385,
1624910614.000000,918196440.000000,0.124425,-0.046616,-0.003132,-0.001138,0.029424,-0.208515,0.977576,0.144858,-0.024013,0.001317,-0.068604,0.076570,-0.456759,
1624910614.000000,923199415.000000,0.125037,-0.047020,-0.003178,-0.001317,0.029633,-0.209599,0.977337,0.145628,-0.023432,0.000438,-0.055128,0.054438,-0.435431,
1624910614.000000,928202391.000000,0.125553,-0.047426,-0.003243,-0.001377,0.029681,-0.210664,0.977107,0.137265,-0.026986,-0.002877,0.026148,-0.032359,-0.444914,
1624910614.000000,933205366.000000,0.126116,-0.047831,-0.003311,-0.001361,0.029570,-0.211780,0.976869,0.135214,-0.027616,-0.005406,-0.001084,-0.000306,-0.462130,
1624910614.000000,938208342.000000,0.126665,-0.048236,-0.003393,-0.001440,0.029633,-0.212920,0.976619,0.133234,-0.028248,-0.008031,-0.017888,0.003002,-0.473771,
1624910614.000000,943211555.000000,0.127242,-0.048685,-0.003311,-0.001448,0.029617,-0.214093,0.976363,0.137458,-0.032625,0.013678,0.042123,0.029427,-0.484466,
1624910614.000000,948214531.000000,0.127800,-0.049127,-0.003261,-0.001273,0.029717,-0.215272,0.976101,0.137834,-0.034740,0.021331,0.106027,0.060006,-0.470678,
1624910614.000000,953217268.000000,0.127788,-0.049996,-0.002317,-0.000845,0.029754,-0.216392,0.975853,0.136914,-0.046006,0.059342,0.110514,0.165030,-0.449265,
1624910614.000000,958221436.000000,0.128218,-0.050370,-0.002240,-0.000558,0.030179,-0.217483,0.975597,0.121989,-0.039884,0.046177,0.061356,0.170480,-0.440742,
1624910614.000000,963224411.000000,0.128687,-0.050807,-0.002033,-0.000446,0.030338,-0.218541,0.975356,0.117372,-0.039537,0.048802,0.032435,-0.042843,-0.417422,
1624910615.000000,18258333.000000,0.133502,-0.054447,-0.002194,-0.001013,0.029310,-0.230372,0.972661,0.115361,-0.017765,0.000263,-0.021765,-0.002372,-0.450383,
1624910615.000000,23261309.000000,0.136337,-0.054626,-0.003168,-0.000978,0.029462,-0.231482,0.972392,0.144127,-0.005908,-0.005773,-0.023739,0.049168,-0.454639,
1624910615.000000,28264523.000000,0.136964,-0.054976,-0.003238,-0.001050,0.029611,-0.232584,0.972125,0.143682,-0.005382,-0.006189,-0.034433,0.057521,-0.449388,
1624910615.000000,33267498.000000,0.137589,-0.055324,-0.003310,-0.001117,0.029729,-0.233670,0.971861,0.143188,-0.004864,-0.006883,-0.000534,0.016331,-0.450333,
1624910615.000000,38271427.000000,0.138188,-0.055756,-0.003200,-0.001114,0.029714,-0.234788,0.971592,0.143536,-0.013160,0.010604,0.017955,-0.005222,-0.469549,
1624910615.000000,43274403.000000,0.138795,-0.056146,-0.003165,-0.001073,0.029740,-0.235947,0.971310,0.143141,-0.015144,0.016064,0.051616,0.052014,-0.478156,
1624910615.000000,48277378.000000,0.139398,-0.056548,-0.003104,-0.000878,0.029902,-0.237110,0.971022,0.142920,-0.017125,0.021543,0.085013,0.110551,-0.474901,
1624910615.000000,53280354.000000,0.140355,-0.057115,-0.003022,-0.000544,0.030193,-0.238263,0.970731,0.135103,-0.020968,0.044579,0.100870,0.113657,-0.452629,
1624910615.000000,58283567.000000,0.140908,-0.057526,-0.002821,-0.000294,0.030372,-0.239342,0.970460,0.131733,-0.023092,0.051594,0.072286,0.075466,-0.434397,
1624910615.000000,63286543.000000,0.141444,-0.057940,-0.002582,-0.000202,0.030381,-0.240372,0.970205,0.128458,-0.025249,0.058705,0.027322,-0.072500,-0.404722,
1624910615.000000,148339510.000000,0.153091,-0.065372,-0.004441,-0.000383,0.029979,-0.258669,0.965501,0.153852,-0.015809,0.030047,0.076364,0.149466,-0.463243,
1624910615.000000,153342485.000000,0.153179,-0.065942,-0.004154,-0.000076,0.030330,-0.259768,0.965195,0.149966,-0.023952,0.039035,0.085046,0.077290,-0.439910,
1624910615.000000,158346653.000000,0.153770,-0.066429,-0.003976,0.000101,0.030295,-0.260818,0.964912,0.148155,-0.026878,0.047866,0.083945,-0.019618,-0.434348,
1624910615.000000,163349390.000000,0.154278,-0.066731,-0.004118,0.000216,0.030178,-0.261866,0.964632,0.132632,-0.015913,0.019734,0.042553,-0.059007,-0.418657,
1624910615.000000,168352365.000000,0.154808,-0.067130,-0.004053,0.000184,0.029918,-0.262854,0.964372,0.127417,-0.014844,0.018428,0.025152,-0.141864,-0.407730,
1624910615.000000,173355579.000000,0.155314,-0.067511,-0.003996,0.000098,0.029447,-0.263854,0.964113,0.121896,-0.013799,0.016814,0.025451,-0.237130,-0.418522,
1624910615.000000,178358555.000000,0.155889,-0.067930,-0.003958,-0.000022,0.028915,-0.264880,0.963848,0.131737,-0.012922,0.014454,0.022115,-0.137395,-0.432346,
1624910615.000000,183361530.000000,0.156428,-0.068322,-0.003925,-0.000064,0.028720,-0.265927,0.963565,0.132133,-0.011929,0.012241,0.003102,-0.070132,-0.429242,
1624910615.000000,188364506.000000,0.156479,-0.068904,-0.004441,-0.000171,0.028387,-0.266972,0.963286,0.139754,-0.013033,-0.001048,0.032691,-0.002530,-0.428106,
1624910615.000000,193367481.000000,0.157138,-0.069376,-0.004500,-0.000065,0.028462,-0.268012,0.962995,0.152422,-0.012010,-0.002953,0.035325,0.063942,-0.432416,
1624910615.000000,243399382.000000,0.162487,-0.073916,-0.004556,-0.000105,0.029824,-0.278987,0.959832,0.150685,-0.017749,0.027021,0.080157,0.069666,-0.466564,
1624910615.000000,248402357.000000,0.163079,-0.074402,-0.004441,0.000120,0.029993,-0.280115,0.959498,0.150409,-0.020053,0.035951,0.083054,0.123793,-0.473861,
1624910615.000000,253405333.000000,0.162306,-0.075283,-0.003940,0.000486,0.030135,-0.281252,0.959160,0.125999,-0.031784,0.038425,0.052427,0.163116,-0.465607,
1624910615.000000,258408308.000000,0.162746,-0.075753,-0.003761,0.000640,0.030325,-0.282329,0.958838,0.119982,-0.032594,0.042649,0.070035,-0.033074,-0.424066,
1624910615.000000,263411522.000000,0.163152,-0.076208,-0.003562,0.000738,0.029974,-0.283321,0.958556,0.113617,-0.033449,0.046556,0.090831,-0.125100,-0.409970,
1624910615.000000,268414497.000000,0.163538,-0.076656,-0.003359,0.000796,0.029677,-0.284333,0.958266,0.107835,-0.034310,0.049393,0.037468,-0.109823,-0.430369,
1624910615.000000,273417234.000000,0.163975,-0.077084,-0.003324,0.000696,0.029362,-0.285367,0.957968,0.109944,-0.029139,0.031473,-0.008575,-0.141061,-0.423045,
1624910615.000000,278421402.000000,0.164366,-0.077509,-0.003196,0.000526,0.028977,-0.286370,0.957681,0.107272,-0.028020,0.028237,-0.002177,-0.200053,-0.422802,
1624910615.000000,283424377.000000,0.164743,-0.077919,-0.003097,0.000401,0.028518,-0.287397,0.957387,0.104403,-0.026907,0.024285,0.039422,-0.122586,-0.428318,
1624910615.000000,288427591.000000,0.165518,-0.078635,-0.004214,0.000314,0.028145,-0.288418,0.957091,0.135229,-0.025161,0.006933,0.035481,0.016893,-0.425098,
1624910615.000000,343461275.000000,0.171662,-0.083706,-0.004048,0.000351,0.029731,-0.300179,0.953419,0.143493,-0.019924,0.022730,0.076859,0.049170,-0.457173,
1624910615.000000,348464489.000000,0.172172,-0.084207,-0.003904,0.000555,0.029789,-0.301258,0.953077,0.139791,-0.023506,0.035453,0.081199,0.078881,-0.448446,
1624910615.000000,353467464.000000,0.172285,-0.084558,-0.004018,0.000776,0.029889,-0.302285,0.952749,0.125330,-0.029386,0.042578,0.053414,0.106913,-0.441147,
1624910615.000000,358471394.000000,0.172717,-0.085045,-0.003820,0.000940,0.030056,-0.303319,0.952415,0.122756,-0.031485,0.049838,0.068118,0.052944,-0.424037,
1624910615.000000,363474369.000000,0.173105,-0.085445,-0.003840,0.001093,0.029963,-0.304313,0.952100,0.113264,-0.026467,0.027230,0.086535,-0.097435,-0.403820,
1624910615.000000,368477345.000000,0.173490,-0.085880,-0.003745,0.001120,0.029529,-0.305281,0.951804,0.108921,-0.026251,0.023931,0.055632,-0.192336,-0.413258,
1624910615.000000,373480320.000000,0.173854,-0.086300,-0.003661,0.001025,0.029088,-0.306301,0.951490,0.104302,-0.026051,0.020930,0.003346,-0.139269,-0.438991,
1624910615.000000,378483534.000000,0.174304,-0.086752,-0.003573,0.000877,0.028827,-0.307344,0.951161,0.116072,-0.022480,0.021002,-0.017027,-0.114276,-0.430554,
1624910615.000000,383486509.000000,0.174719,-0.087185,-0.003505,0.000746,0.028554,-0.308346,0.950845,0.118091,-0.020924,0.019330,0.016005,-0.105274,-0.416518,
1624910615.000000,388489246.000000,0.176081,-0.087709,-0.004515,0.000729,0.028340,-0.309368,0.950520,0.128338,-0.014617,0.007105,0.066312,-0.046897,-0.416628,
1624910615.000000,433518648.000000,0.181267,-0.092214,-0.005162,0.000845,0.029958,-0.318856,0.947329,0.145745,-0.006325,-0.008018,-0.045248,-0.034613,-0.436722,
1624910615.000000,438521624.000000,0.181828,-0.092679,-0.005256,0.000629,0.029763,-0.319902,0.946983,0.145177,-0.005317,-0.010024,-0.022341,-0.115320,-0.438158,
1624910615.000000,443524599.000000,0.182366,-0.093211,-0.005169,0.000556,0.029545,-0.320953,0.946634,0.146613,-0.014727,0.014451,0.044052,-0.054391,-0.463350,
1624910615.000000,448527575.000000,0.182902,-0.093723,-0.005113,0.000709,0.029530,-0.322084,0.946250,0.146051,-0.017862,0.023605,0.103608,0.117952,-0.471256,
1624910615.000000,453530312.000000,0.183541,-0.094388,-0.004740,0.001154,0.029683,-0.323124,0.945890,0.142159,-0.027121,0.057898,0.082629,0.122386,-0.434878,
1624910615.000000,458533287.000000,0.184027,-0.094837,-0.004689,0.001341,0.029861,-0.324134,0.945539,0.135157,-0.020662,0.042999,0.049136,0.107174,-0.425108,
1624910615.000000,463536263.000000,0.184499,-0.095332,-0.004503,0.001507,0.030044,-0.325137,0.945188,0.131926,-0.020737,0.045859,0.054620,0.032172,-0.411523,
1624910615.000000,468539476.000000,0.184958,-0.095818,-0.004304,0.001587,0.029890,-0.326096,0.944863,0.128679,-0.020836,0.048473,0.071651,-0.101184,-0.402767,
1624910615.000000,473542452.000000,0.185423,-0.096287,-0.004211,0.001597,0.029454,-0.327070,0.944540,0.127545,-0.017862,0.034662,0.064341,-0.235202,-0.417782,
1624910615.000000,478546381.000000,0.185874,-0.096750,-0.004080,0.001461,0.028872,-0.328089,0.944204,0.125397,-0.016736,0.030537,-0.000592,-0.164389,-0.444383,
1624910615.000000,533580542.000000,0.190906,-0.102133,-0.004605,0.001198,0.029696,-0.339528,0.940126,0.144612,-0.005376,0.008349,-0.056119,0.071375,-0.449960,
1624910615.000000,538583517.000000,0.191436,-0.102624,-0.004587,0.001084,0.029872,-0.340557,0.939749,0.143969,-0.006792,0.011518,-0.044512,-0.014271,-0.434772,
1624910615.000000,543586493.000000,0.191969,-0.103113,-0.004564,0.000924,0.029665,-0.341587,0.939382,0.143852,-0.006983,0.013353,0.013022,-0.149931,-0.445470,
1624910615.000000,548589468.000000,0.192499,-0.103604,-0.004532,0.000933,0.029390,-0.342668,0.938996,0.143589,-0.007162,0.014992,0.096157,0.020022,-0.474228,
1624910615.000000,553592682.000000,0.192560,-0.104408,-0.005083,0.001343,0.029498,-0.343773,0.938588,0.133077,-0.024045,0.028490,0.105029,0.164834,-0.473333,
1624910615.000000,558595657.000000,0.192990,-0.104937,-0.004953,0.001640,0.029846,-0.344846,0.938183,0.131838,-0.027014,0.037617,0.047188,0.201871,-0.431736,
1624910615.000000,563599348.000000,0.193404,-0.105474,-0.004780,0.001831,0.030242,-0.345828,0.937809,0.130291,-0.030024,0.046359,0.021479,0.103249,-0.414471,
1624910615.000000,568602324.000000,0.193757,-0.105910,-0.004739,0.001913,0.030205,-0.346792,0.937454,0.115145,-0.025244,0.028763,0.094793,-0.091450,-0.397686,
1624910615.000000,573605299.000000,0.194106,-0.106374,-0.004632,0.002015,0.029753,-0.347727,0.937122,0.108846,-0.025177,0.025799,0.091389,-0.194288,-0.403796,
1624910615.000000,578608274.000000,0.194430,-0.106817,-0.004537,0.001896,0.029217,-0.348711,0.936773,0.102486,-0.025136,0.023316,-0.005047,-0.226959,-0.428527,
1624910615.000000,618562460.000000,0.198895,-0.111422,-0.005894,0.001739,0.029136,-0.356952,0.933666,0.148831,-0.009049,-0.009911,0.002824,-0.046057,-0.454115,
1624910615.000000,623565197.000000,0.199418,-0.111948,-0.005982,0.001706,0.029172,-0.358019,0.933257,0.148994,-0.007630,-0.009288,0.003358,0.106313,-0.458445,
1624910615.000000,628568172.000000,0.199947,-0.112471,-0.006065,0.001790,0.029522,-0.359076,0.932840,0.149307,-0.006211,-0.008293,-0.035541,0.130886,-0.443579,
1624910615.000000,633571386.000000,0.200468,-0.113008,-0.006154,0.001716,0.029772,-0.360089,0.932441,0.149767,-0.006888,-0.008804,-0.040473,0.060960,-0.433860,
1624910615.000000,638575315.000000,0.200997,-0.113535,-0.006249,0.001643,0.029887,-0.361106,0.932044,0.150095,-0.006103,-0.009613,-0.039852,0.002037,-0.441368,
1624910615.000000,643578291.000000,0.201529,-0.114062,-0.006350,0.001494,0.029884,-0.362140,0.931643,0.150443,-0.005310,-0.010601,-0.027567,-0.020603,-0.446733,
1624910615.000000,648581505.000000,0.202003,-0.114622,-0.006273,0.001460,0.029797,-0.363193,0.931236,0.146258,-0.014496,0.012855,0.062015,-0.065607,-0.459445,
1624910615.000000,653584242.000000,0.202193,-0.115188,-0.005753,0.001644,0.029498,-0.364239,0.930837,0.136213,-0.026455,0.042366,0.114592,0.027699,-0.473357,
1624910615.000000,658587217.000000,0.202608,-0.115758,-0.005549,0.001940,0.029660,-0.365332,0.930403,0.134801,-0.029692,0.052963,0.075032,0.166367,-0.450034,
1624910615.000000,663590431.000000,0.203033,-0.116237,-0.005527,0.002166,0.029994,-0.366334,0.929997,0.129326,-0.022608,0.037966,0.023702,0.118902,-0.412576,
1624910615.000000,753646374.000000,0.212026,-0.126102,-0.006603,0.002047,0.029599,-0.384588,0.922611,0.146829,-0.009558,0.015036,0.101745,0.022442,-0.470204,
1624910615.000000,758649349.000000,0.212446,-0.126706,-0.006344,0.002273,0.029660,-0.385677,0.922154,0.143762,-0.018416,0.040474,0.061170,0.081406,-0.463859,
1624910615.000000,763653517.000000,0.212890,-0.127292,-0.006151,0.002454,0.029874,-0.386737,0.921703,0.142470,-0.021217,0.051082,0.050101,0.163434,-0.455222,
1624910615.000000,768656254.000000,0.213323,-0.127889,-0.005908,0.002716,0.030167,-0.387752,0.921266,0.141624,-0.024023,0.061308,0.073827,0.078852,-0.409645,
1624910615.000000,773659229.000000,0.213729,-0.128399,-0.005827,0.002866,0.030060,-0.388654,0.920889,0.130917,-0.018312,0.040948,0.095040,-0.077089,-0.383674,
1624910615.000000,778662443.000000,0.214121,-0.128927,-0.005664,0.002902,0.029695,-0.389569,0.920514,0.125854,-0.017766,0.038127,0.045343,-0.179345,-0.407300,
1624910615.000000,783665419.000000,0.214206,-0.129382,-0.006600,0.002555,0.029198,-0.390511,0.920132,0.105625,-0.018147,0.013588,-0.035898,-0.176617,-0.429813,
1624910615.000000,788668394.000000,0.214666,-0.129966,-0.006575,0.002249,0.028828,-0.391508,0.919720,0.123863,-0.016065,0.012185,-0.026624,-0.212944,-0.437226,
1624910615.000000,793671370.000000,0.215044,-0.130469,-0.006548,0.002046,0.028319,-0.392514,0.919308,0.125147,-0.015041,0.010880,0.067353,-0.171608,-0.434040,
1624910615.000000,798674345.000000,0.215428,-0.130976,-0.006507,0.002130,0.028087,-0.393509,0.918889,0.126479,-0.014022,0.011087,0.056211,0.054340,-0.426551,
1624910615.000000,843703270.000000,0.219859,-0.136666,-0.006592,0.002539,0.030034,-0.402629,0.914867,0.154567,-0.001945,-0.004758,-0.053112,-0.012476,-0.437135,
1624910615.000000,848706245.000000,0.220240,-0.137348,-0.006487,0.002335,0.029613,-0.403632,0.914439,0.151203,-0.004185,0.000500,0.060708,-0.076494,-0.450925,
1624910615.000000,853709221.000000,0.220599,-0.137986,-0.006244,0.002493,0.029467,-0.404707,0.913968,0.145535,-0.018184,0.029296,0.081850,0.039628,-0.484029,
1624910615.000000,858712196.000000,0.221020,-0.138594,-0.006117,0.002674,0.029625,-0.405814,0.913471,0.143474,-0.021518,0.037807,0.040564,0.131034,-0.468265,
1624910615.000000,863715172.000000,0.221420,-0.139206,-0.005947,0.002895,0.029886,-0.406848,0.913002,0.141443,-0.024890,0.045665,0.071523,0.120514,-0.443441,
1624910615.000000,868718386.000000,0.221795,-0.139745,-0.005857,0.003137,0.030002,-0.407848,0.912551,0.131415,-0.021136,0.036244,0.079301,0.046164,-0.422328,
1624910615.000000,873722315.000000,0.222153,-0.140303,-0.005707,0.003280,0.029959,-0.408783,0.912134,0.126444,-0.021714,0.037524,0.067334,-0.016474,-0.394533,
1624910615.000000,878724337.000000,0.222491,-0.140843,-0.005547,0.003282,0.029718,-0.409685,0.911737,0.121196,-0.022327,0.039079,0.022848,-0.186403,-0.399773,
1624910615.000000,883728266.000000,0.222979,-0.141144,-0.005309,0.002899,0.029212,-0.410593,0.911346,0.123673,-0.012898,0.024416,0.022501,-0.247826,-0.427656,
1624910615.000000,888731241.000000,0.223342,-0.141647,-0.005234,0.002700,0.028675,-0.411588,0.910915,0.121706,-0.011853,0.020417,0.019736,-0.206849,-0.437297,
1624910615.000000,933759212.000000,0.227673,-0.147709,-0.005571,0.003131,0.029517,-0.420648,0.906738,0.155502,-0.002873,0.005884,-0.000377,0.015551,-0.437098,
1624910615.000000,938762426.000000,0.228162,-0.148309,-0.005588,0.003080,0.029601,-0.421652,0.906269,0.154673,-0.002141,0.005880,-0.033789,0.075246,-0.455258,
1624910615.000000,943765163.000000,0.228623,-0.148916,-0.005557,0.003022,0.029843,-0.422685,0.905780,0.152601,-0.005649,0.012408,-0.069835,0.029003,-0.449088,
1624910615.000000,948768139.000000,0.228817,-0.149827,-0.006249,0.002834,0.029597,-0.423674,0.905327,0.153113,-0.013515,0.009027,0.007355,-0.019009,-0.454087,
1624910615.000000,953771114.000000,0.229253,-0.150459,-0.006242,0.002919,0.029509,-0.424730,0.904834,0.152079,-0.014496,0.010958,0.084816,-0.032859,-0.468209,
1624910615.000000,958774328.000000,0.229648,-0.151096,-0.006050,0.003100,0.029451,-0.425798,0.904334,0.147887,-0.019050,0.032960,0.088785,0.125772,-0.471278,
1624910615.000000,963778257.000000,0.230043,-0.151730,-0.005905,0.003447,0.029798,-0.426859,0.903821,0.145487,-0.021231,0.041680,0.064326,0.162904,-0.456489,
1624910615.000000,968781233.000000,0.230426,-0.152367,-0.005724,0.003670,0.029974,-0.427850,0.903345,0.143547,-0.023433,0.049834,0.075752,0.078632,-0.413826,
1624910615.000000,973784208.000000,0.230801,-0.153013,-0.005507,0.003861,0.030000,-0.428774,0.902905,0.142166,-0.025648,0.057670,0.057069,-0.012718,-0.414643,
1624910615.000000,978787184.000000,0.231139,-0.153487,-0.005535,0.003826,0.029790,-0.429715,0.902465,0.125100,-0.016566,0.031369,0.023617,-0.132922,-0.401216,
1624910616.000000,23815393.000000,0.234848,-0.159417,-0.007311,0.003621,0.029235,-0.438346,0.898323,0.163742,-0.005367,-0.007431,-0.021038,0.019747,-0.447816,
1624910616.000000,28818369.000000,0.235328,-0.160071,-0.007399,0.003587,0.029264,-0.439352,0.897831,0.162947,-0.003180,-0.009595,0.002707,0.030846,-0.440504,
1624910616.000000,33822060.000000,0.235812,-0.160716,-0.007493,0.003600,0.029383,-0.440333,0.897346,0.162035,-0.001004,-0.011181,-0.016508,0.040177,-0.442402,
1624910616.000000,38825035.000000,0.236271,-0.161370,-0.007563,0.003531,0.029469,-0.441334,0.896852,0.160440,-0.003777,-0.008425,-0.033694,0.017407,-0.445805,
1624910616.000000,43828249.000000,0.236741,-0.162013,-0.007650,0.003422,0.029526,-0.442331,0.896359,0.159630,-0.003576,-0.008503,-0.041072,-0.018281,-0.450973,
1624910616.000000,48831224.000000,0.237208,-0.162655,-0.007738,0.003304,0.029533,-0.443342,0.895860,0.158937,-0.003372,-0.008948,-0.008239,0.020308,-0.446877,
1624910616.000000,53834200.000000,0.237413,-0.162989,-0.008514,0.003305,0.029321,-0.444271,0.895407,0.154697,-0.012879,0.003575,0.026193,0.001158,-0.437119,
1624910616.000000,58837175.000000,0.237827,-0.163655,-0.008500,0.003396,0.029280,-0.445270,0.894911,0.155227,-0.015818,0.013261,0.096058,0.059190,-0.459416,
1624910616.000000,63840151.000000,0.238235,-0.164337,-0.008422,0.003741,0.029448,-0.446326,0.894378,0.155917,-0.018725,0.024263,0.075592,0.168306,-0.468178,
1624910616.000000,68843126.000000,0.238615,-0.164909,-0.008391,0.004028,0.029770,-0.447345,0.893857,0.142786,-0.012880,0.020744,0.074504,0.156530,-0.437204,
1624910616.000000,118849993.000000,0.240890,-0.169566,-0.009418,0.003916,0.028589,-0.456694,0.889156,0.155124,0.001265,-0.024270,-0.006838,0.129341,-0.455166,
1624910616.000000,123853207.000000,0.241352,-0.170198,-0.009594,0.003949,0.028837,-0.457703,0.888629,0.160460,0.002688,-0.026816,-0.024087,0.090174,-0.448810,
1624910616.000000,128855944.000000,0.241832,-0.170849,-0.009781,0.003943,0.029011,-0.458686,0.888116,0.165761,0.004121,-0.029249,-0.022819,0.014574,-0.441233,
1624910616.000000,133858919.000000,0.242092,-0.171227,-0.009827,0.003857,0.029028,-0.459669,0.887607,0.144223,0.003417,-0.022254,-0.015467,0.018900,-0.446592,
1624910616.000000,138861895.000000,0.242515,-0.171798,-0.009987,0.003871,0.029194,-0.460663,0.887086,0.143652,0.004365,-0.023054,-0.016396,0.103310,-0.448764,
1624910616.000000,143865108.000000,0.242940,-0.172368,-0.010151,0.003914,0.029435,-0.461652,0.886564,0.143253,0.005312,-0.023843,-0.011233,0.064386,-0.443424,
1624910616.000000,148868799.000000,0.243347,-0.172958,-0.010276,0.003872,0.029502,-0.462635,0.886050,0.143437,0.001786,-0.018222,-0.030155,-0.012422,-0.447627,
1624910616.000000,153872013.000000,0.244093,-0.174796,-0.010696,0.003705,0.029121,-0.463564,0.885577,0.149659,-0.001187,-0.015375,-0.012382,-0.013486,-0.463556,
1624910616.000000,158874750.000000,0.244507,-0.175412,-0.010808,0.003744,0.029156,-0.464598,0.885034,0.149311,-0.002035,-0.013220,0.054907,0.080652,-0.463652,
1624910616.000000,163877726.000000,0.244848,-0.176021,-0.010694,0.004002,0.029261,-0.465617,0.884493,0.142320,-0.009163,0.013047,0.107211,0.046703,-0.453966,
1624910616.000000,253933907.000000,0.251905,-0.189975,-0.012319,0.004081,0.028747,-0.482868,0.875212,0.157830,-0.005573,-0.021084,-0.008360,-0.090799,-0.458196,
1624910616.000000,258937120.000000,0.252261,-0.190716,-0.012230,0.004075,0.028625,-0.483890,0.874651,0.159594,-0.012985,0.005047,0.061543,0.016947,-0.479330,
1624910616.000000,263940096.000000,0.252623,-0.191427,-0.012227,0.004293,0.028703,-0.484956,0.874057,0.159108,-0.015276,0.013204,0.085848,0.131411,-0.480640,
1624910616.000000,268943071.000000,0.252978,-0.192151,-0.012180,0.004642,0.028931,-0.485972,0.873483,0.159174,-0.017573,0.021703,0.090149,0.144502,-0.441126,
1624910616.000000,273945808.000000,0.253312,-0.192784,-0.012226,0.004945,0.029125,-0.486922,0.872946,0.147218,-0.013520,0.010936,0.065650,0.131199,-0.437690,
1624910616.000000,278949738.000000,0.253637,-0.193438,-0.012209,0.005139,0.029251,-0.487876,0.872407,0.141915,-0.013333,0.011796,0.050597,-0.004592,-0.419974,
1624910616.000000,283952713.000000,0.253107,-0.194534,-0.012205,0.005273,0.029051,-0.488743,0.871928,0.129089,-0.022017,0.008249,0.022044,-0.228997,-0.396165,
1624910616.000000,288955927.000000,0.253380,-0.195176,-0.012264,0.004934,0.028416,-0.489636,0.871450,0.131516,-0.020793,0.001489,0.028060,-0.310838,-0.424972,
1624910616.000000,293958902.000000,0.253624,-0.195777,-0.012313,0.004647,0.027782,-0.490596,0.870932,0.128365,-0.020305,-0.001787,0.028506,-0.202779,-0.441178,
1624910616.000000,298961878.000000,0.253866,-0.196373,-0.012373,0.004505,0.027471,-0.491549,0.870405,0.125778,-0.019827,-0.004798,0.028148,-0.079228,-0.430411,
1624910616.000000,343989849.000000,0.256846,-0.202781,-0.012719,0.004966,0.028890,-0.500119,0.865460,0.164468,-0.003885,-0.014225,-0.006689,0.048601,-0.436710,
1624910616.000000,348993063.000000,0.256911,-0.203298,-0.013117,0.004700,0.028543,-0.501043,0.864939,0.149411,-0.006922,-0.014824,-0.035489,0.007136,-0.459013,
1624910616.000000,353996992.000000,0.257184,-0.203993,-0.013022,0.004554,0.028540,-0.502050,0.864356,0.147313,-0.014293,0.006120,-0.017799,-0.064835,-0.463507,
1624910616.000000,359000206.000000,0.257484,-0.204671,-0.013014,0.004479,0.028375,-0.503065,0.863771,0.146533,-0.015875,0.012111,0.059136,-0.037858,-0.485559,
1624910616.000000,364002943.000000,0.257777,-0.205356,-0.012971,0.004674,0.028361,-0.504136,0.863146,0.146044,-0.017432,0.018679,0.093435,0.133965,-0.484897,
1624910616.000000,369005919.000000,0.258047,-0.206015,-0.012866,0.005066,0.028642,-0.505145,0.862544,0.141017,-0.018966,0.029691,0.087935,0.180422,-0.448425,
1624910616.000000,374009132.000000,0.258309,-0.206680,-0.012733,0.005397,0.028829,-0.506089,0.861982,0.138443,-0.020560,0.037922,0.093186,0.087638,-0.424987,
1624910616.000000,379012108.000000,0.258557,-0.207338,-0.012556,0.005567,0.028791,-0.507000,0.861447,0.135755,-0.022171,0.046580,0.044514,-0.045732,-0.418582,
1624910616.000000,384015083.000000,0.259062,-0.207868,-0.012989,0.005486,0.028487,-0.507910,0.860921,0.114997,-0.013324,0.012378,0.014109,-0.193281,-0.423899,
1624910616.000000,389019012.000000,0.259277,-0.208388,-0.012978,0.005148,0.027897,-0.508833,0.860398,0.109257,-0.011625,0.007441,0.007082,-0.346715,-0.425080,
1624910616.000000,434046984.000000,0.261852,-0.214777,-0.012989,0.005065,0.027924,-0.517381,0.855284,0.154161,-0.001374,-0.008549,-0.019609,0.100310,-0.468699,
1624910616.000000,439049959.000000,0.262203,-0.215459,-0.013067,0.005156,0.028229,-0.518352,0.854686,0.155242,0.000294,-0.009033,-0.009206,0.167666,-0.434689,
1624910616.000000,444052935.000000,0.262559,-0.216137,-0.013143,0.005315,0.028585,-0.519260,0.854122,0.155893,0.001934,-0.009170,-0.022669,0.100746,-0.433304,
1624910616.000000,449055910.000000,0.262525,-0.216616,-0.012784,0.005108,0.028337,-0.520176,0.853574,0.141062,-0.006803,0.001887,-0.035879,0.007678,-0.441122,
1624910616.000000,454058886.000000,0.262818,-0.217260,-0.012811,0.004970,0.028302,-0.521130,0.852993,0.140594,-0.006888,0.001973,-0.018711,-0.096715,-0.464334,
1624910616.000000,459061861.000000,0.263106,-0.217901,-0.012844,0.004816,0.028044,-0.522161,0.852372,0.140036,-0.006952,0.001534,0.064125,-0.092232,-0.495417,
1624910616.000000,464065075.000000,0.263307,-0.218588,-0.012573,0.004971,0.027889,-0.523224,0.851724,0.138418,-0.018011,0.033373,0.107325,0.078665,-0.488003,
1624910616.000000,469069004.000000,0.263538,-0.219256,-0.012417,0.005367,0.028141,-0.524242,0.851088,0.137541,-0.021472,0.043384,0.081426,0.259072,-0.464447,
1624910616.000000,474072218.000000,0.263754,-0.219934,-0.012209,0.005798,0.028576,-0.525187,0.850487,0.136998,-0.024952,0.053509,0.052660,0.150918,-0.413454,
1624910616.000000,479074955.000000,0.263976,-0.220493,-0.012165,0.005910,0.028554,-0.526033,0.849964,0.123308,-0.016863,0.032444,0.067376,-0.095070,-0.394992,
1624910616.000000,529105902.000000,0.265178,-0.226144,-0.010737,0.005264,0.027464,-0.535488,0.844080,0.139896,-0.006786,0.016772,-0.015751,-0.016044,-0.475233,
1624910616.000000,534108877.000000,0.265457,-0.226799,-0.010700,0.005203,0.027482,-0.536479,0.843450,0.141124,-0.005111,0.015417,-0.012400,0.086296,-0.462446,
1624910616.000000,539111853.000000,0.265743,-0.227456,-0.010676,0.005323,0.027847,-0.537440,0.842826,0.142386,-0.003443,0.013658,-0.047476,0.163331,-0.454937,
1624910616.000000,544115782.000000,0.265990,-0.228080,-0.010631,0.005368,0.028185,-0.538382,0.842212,0.137798,-0.004883,0.015248,-0.018125,0.099913,-0.440114,
1624910616.000000,549118996.000000,0.266162,-0.228681,-0.012058,0.005172,0.027869,-0.539277,0.841651,0.130581,-0.008505,-0.007511,-0.005897,-0.053327,-0.450649,
1624910616.000000,554121971.000000,0.266396,-0.229290,-0.012144,0.005007,0.027722,-0.540254,0.841030,0.130190,-0.007910,-0.009949,-0.003194,-0.046956,-0.475295,
1624910616.000000,559124947.000000,0.266536,-0.229932,-0.011861,0.004998,0.027679,-0.541270,0.840379,0.127359,-0.018170,0.025324,0.041704,-0.008594,-0.487011,
1624910616.000000,564127922.000000,0.266714,-0.230554,-0.011742,0.005135,0.027608,-0.542293,0.839720,0.126041,-0.020786,0.034686,0.112989,0.068782,-0.477460,
1624910616.000000,569130898.000000,0.266879,-0.231178,-0.011563,0.005514,0.027708,-0.543285,0.839073,0.124761,-0.023400,0.045259,0.092222,0.144904,-0.463516,
1624910616.000000,574133873.000000,0.267045,-0.231727,-0.011443,0.005824,0.027946,-0.544236,0.838446,0.115298,-0.019176,0.039893,0.055292,0.162443,-0.434866,
1624910616.000000,619161606.000000,0.267047,-0.237455,-0.010062,0.005699,0.027214,-0.552525,0.833033,0.133626,-0.019628,0.012257,0.022328,0.056359,-0.442267,
1624910616.000000,624165773.000000,0.267223,-0.238111,-0.010056,0.005740,0.027302,-0.553474,0.832399,0.134747,-0.017593,0.008295,-0.024436,0.038506,-0.466877,
1624910616.000000,629168749.000000,0.267412,-0.238774,-0.010080,0.005651,0.027397,-0.554448,0.831748,0.136266,-0.015539,0.003803,-0.033437,-0.021498,-0.466928,
1624910616.000000,634171963.000000,0.267582,-0.239427,-0.010077,0.005514,0.027357,-0.555405,0.831112,0.134683,-0.016808,0.005202,-0.028712,-0.024298,-0.455119,
1624910616.000000,639174938.000000,0.267763,-0.240081,-0.010091,0.005453,0.027443,-0.556349,0.830477,0.134876,-0.016100,0.004056,-0.015204,0.068213,-0.459338,
1624910616.000000,644177914.000000,0.267945,-0.240735,-0.010108,0.005552,0.027665,-0.557296,0.829835,0.135234,-0.015389,0.003113,-0.004251,0.116166,-0.445660,
1624910616.000000,649180651.000000,0.268039,-0.241649,-0.010373,0.005398,0.027622,-0.558179,0.829243,0.132386,-0.023774,0.018618,-0.032147,0.035792,-0.440203,
1624910616.000000,654183865.000000,0.268179,-0.242313,-0.010276,0.005282,0.027647,-0.559104,0.828619,0.132361,-0.024686,0.024279,-0.012287,-0.045197,-0.455202,
1624910616.000000,659186840.000000,0.268311,-0.242973,-0.010178,0.005281,0.027575,-0.560080,0.827963,0.131990,-0.025577,0.028522,0.071004,0.042402,-0.489230,
1624910616.000000,664191008.000000,0.268431,-0.243619,-0.010077,0.005556,0.027622,-0.561101,0.827267,0.130899,-0.026454,0.031963,0.095826,0.078484,-0.473575,
1624910616.000000,754246950.000000,0.270953,-0.254455,-0.009555,0.005428,0.027450,-0.577427,0.815963,0.124964,-0.017020,0.012817,-0.018841,0.021789,-0.456526,
1624910616.000000,759249926.000000,0.271061,-0.255084,-0.009304,0.005461,0.027548,-0.578360,0.815298,0.123588,-0.020679,0.039355,0.042571,0.069524,-0.468028,
1624910616.000000,764252901.000000,0.271167,-0.255701,-0.009126,0.005724,0.027635,-0.579322,0.814610,0.122132,-0.022291,0.048280,0.089042,0.119332,-0.458745,
1624910616.000000,769255877.000000,0.271265,-0.256322,-0.008897,0.006073,0.027760,-0.580229,0.813958,0.121000,-0.023907,0.057643,0.115174,0.120576,-0.430809,
1624910616.000000,774259806.000000,0.271355,-0.256944,-0.008640,0.006355,0.027767,-0.581096,0.813336,0.120080,-0.025530,0.065905,0.051930,-0.001067,-0.415950,
1624910616.000000,779263020.000000,0.272347,-0.257854,-0.009946,0.006357,0.027778,-0.581973,0.812709,0.103128,-0.011368,0.010128,0.025358,-0.098092,-0.423434,
1624910616.000000,784265995.000000,0.272454,-0.258342,-0.009943,0.006146,0.027433,-0.582841,0.812100,0.097037,-0.010527,0.005370,0.003516,-0.250931,-0.422471,
1624910616.000000,789268970.000000,0.272552,-0.258798,-0.009970,0.005719,0.026850,-0.583704,0.811502,0.090930,-0.009721,0.000047,0.037012,-0.260726,-0.426604,
1624910616.000000,794272184.000000,0.272691,-0.259439,-0.010008,0.005508,0.026384,-0.584591,0.810880,0.106630,-0.011368,-0.002230,0.032494,-0.144232,-0.441593,
1624910616.000000,799274921.000000,0.272804,-0.259963,-0.010051,0.005409,0.026209,-0.585482,0.810243,0.106848,-0.011268,-0.004651,0.028537,0.013140,-0.427843,
1624910616.000000,849305868.000000,0.275915,-0.268732,-0.011933,0.005565,0.027521,-0.594347,0.803718,0.145975,0.005037,-0.018224,-0.029917,0.017541,-0.459771,
1624910616.000000,854309797.000000,0.276094,-0.269444,-0.011866,0.005540,0.027609,-0.595281,0.803024,0.144900,-0.002023,0.004161,0.014473,0.025260,-0.462069,
1624910616.000000,859312773.000000,0.276289,-0.270140,-0.011874,0.005608,0.027586,-0.596189,0.802350,0.143596,-0.004131,0.010818,0.045857,0.004933,-0.439600,
1624910616.000000,864315748.000000,0.276470,-0.270828,-0.011846,0.005736,0.027583,-0.597072,0.801693,0.141892,-0.006257,0.017605,0.072072,0.095611,-0.445850,
1624910616.000000,869318962.000000,0.276639,-0.271443,-0.011841,0.006084,0.027734,-0.597974,0.801012,0.131166,-0.005268,0.015999,0.091556,0.142096,-0.440790,
1624910616.000000,874321938.000000,0.276796,-0.272072,-0.011784,0.006384,0.027842,-0.598834,0.800364,0.126229,-0.006191,0.019756,0.065917,0.075990,-0.415064,
1624910616.000000,879324913.000000,0.276942,-0.272679,-0.011708,0.006446,0.027755,-0.599655,0.799751,0.121195,-0.007145,0.023385,0.041294,-0.127992,-0.405450,
1624910616.000000,884327888.000000,0.278299,-0.274331,-0.013085,0.006161,0.027399,-0.600464,0.799159,0.134662,0.007632,-0.007307,0.028519,-0.256151,-0.416180,
1624910616.000000,889331818.000000,0.278520,-0.274953,-0.013154,0.005811,0.026859,-0.601310,0.798543,0.130907,0.009165,-0.010359,0.035822,-0.236686,-0.422621,
1624910616.000000,894334793.000000,0.278743,-0.275557,-0.013237,0.005552,0.026395,-0.602161,0.797919,0.127259,0.010690,-0.013326,0.033922,-0.169859,-0.424714,
1624910616.000000,939363241.000000,0.281677,-0.283393,-0.015397,0.006160,0.027610,-0.610069,0.791843,0.177297,0.027863,-0.049982,-0.014256,0.045108,-0.450317,
1624910616.000000,944365978.000000,0.282030,-0.284205,-0.015698,0.006163,0.027744,-0.610956,0.791154,0.177093,0.028913,-0.052240,-0.033256,0.040005,-0.441874,
1624910616.000000,949368954.000000,0.282297,-0.284788,-0.015864,0.005772,0.027459,-0.611809,0.790508,0.168421,0.027281,-0.033536,-0.023981,-0.026727,-0.447073,
1624910616.000000,954371929.000000,0.282633,-0.285561,-0.016074,0.005671,0.027438,-0.612710,0.789811,0.168080,0.027358,-0.031843,-0.013117,0.012856,-0.462146,
1624910616.000000,959375143.000000,0.282967,-0.286334,-0.016274,0.005717,0.027547,-0.613617,0.789102,0.167736,0.027430,-0.030067,0.023898,0.065628,-0.452578,
1624910616.000000,964377880.000000,0.283250,-0.287091,-0.016256,0.005912,0.027613,-0.614506,0.788407,0.163163,0.021770,-0.004868,0.086934,0.094774,-0.451365,
1624910616.000000,969382048.000000,0.283546,-0.287848,-0.016311,0.006227,0.027679,-0.615399,0.787705,0.161112,0.019953,0.003685,0.086076,0.096236,-0.443019,
1624910616.000000,974384785.000000,0.283831,-0.288599,-0.016316,0.006491,0.027785,-0.616269,0.787019,0.158938,0.018123,0.012705,0.054898,0.134856,-0.444945,
1624910616.000000,979387760.000000,0.284121,-0.289230,-0.016471,0.006701,0.027904,-0.617135,0.786334,0.143592,0.023109,-0.006622,0.044251,-0.020529,-0.420742,
1624910616.000000,984390974.000000,0.283679,-0.289583,-0.016195,0.006605,0.027661,-0.617952,0.785701,0.131882,0.021696,-0.011861,0.026255,-0.213832,-0.403452,
1624910617.000000,34421921.000000,0.286343,-0.297614,-0.017696,0.006298,0.027061,-0.626570,0.778870,0.181510,0.038692,-0.035906,-0.034410,0.119853,-0.447391,
1624910617.000000,39424896.000000,0.286724,-0.298452,-0.017937,0.006341,0.027292,-0.627427,0.778171,0.183121,0.041282,-0.038256,-0.016617,0.078550,-0.439871,
1624910617.000000,44429064.000000,0.287073,-0.299238,-0.018189,0.006416,0.027466,-0.628277,0.777478,0.175325,0.039345,-0.040774,-0.021448,0.069454,-0.434605,
1624910617.000000,49432039.000000,0.286579,-0.299279,-0.018239,0.006201,0.027362,-0.629124,0.776798,0.158827,0.032724,-0.037889,-0.037749,0.035536,-0.448473,
1624910617.000000,54435015.000000,0.286898,-0.300012,-0.018475,0.006079,0.027376,-0.629994,0.776094,0.157191,0.033440,-0.038337,-0.017499,-0.094692,-0.436993,
1624910617.000000,59437990.000000,0.287160,-0.300808,-0.018519,0.005851,0.027167,-0.630848,0.775409,0.160882,0.025920,-0.017690,-0.002429,-0.087192,-0.460013,
1624910617.000000,64440966.000000,0.287441,-0.301560,-0.018628,0.005842,0.027135,-0.631768,0.774660,0.159985,0.024027,-0.010584,0.052644,0.081849,-0.471163,
1624910617.000000,69443941.000000,0.287712,-0.302317,-0.018696,0.006168,0.027280,-0.632661,0.773924,0.159511,0.022121,-0.003001,0.078715,0.151270,-0.451688,
1624910617.000000,74447155.000000,0.287982,-0.303011,-0.018745,0.006501,0.027436,-0.633516,0.773216,0.150708,0.023296,0.002120,0.078316,0.121177,-0.423065,
1624910617.000000,79449892.000000,0.288240,-0.303720,-0.018759,0.006768,0.027515,-0.634325,0.772547,0.147390,0.022580,0.007846,0.056236,0.069295,-0.422812,
1624910617.000000,124524832.000000,0.288731,-0.310235,-0.020065,0.006050,0.026106,-0.641849,0.766363,0.164985,0.024366,-0.035861,-0.005603,0.026675,-0.448826,
1624910617.000000,129527807.000000,0.288994,-0.311027,-0.020290,0.006040,0.026146,-0.642718,0.765633,0.167877,0.026644,-0.038162,0.001864,0.036643,-0.453243,
1624910617.000000,134530783.000000,0.289269,-0.311829,-0.020530,0.006101,0.026279,-0.643584,0.764900,0.170727,0.028936,-0.040142,-0.021407,0.063943,-0.457349,
1624910617.000000,139533758.000000,0.289542,-0.312592,-0.020753,0.006141,0.026478,-0.644448,0.764165,0.165780,0.030510,-0.038708,-0.021744,0.109917,-0.441564,
1624910617.000000,144536734.000000,0.289829,-0.313378,-0.020996,0.006256,0.026729,-0.645273,0.763458,0.165952,0.032503,-0.039946,-0.029885,0.071623,-0.434912,
1624910617.000000,149539948.000000,0.289458,-0.313460,-0.021144,0.006329,0.026687,-0.646144,0.762722,0.154710,0.030351,-0.049611,-0.013112,0.039796,-0.440537,
1624910617.000000,154542923.000000,0.289665,-0.314161,-0.021385,0.006374,0.026817,-0.646985,0.762004,0.150739,0.025849,-0.045721,-0.025396,0.074027,-0.443701,
1624910617.000000,159546614.000000,0.289906,-0.314870,-0.021651,0.006304,0.026920,-0.647832,0.761281,0.149510,0.025822,-0.045306,-0.033358,-0.091449,-0.447973,
1624910617.000000,164549828.000000,0.290144,-0.315573,-0.021921,0.006050,0.026691,-0.648694,0.760557,0.148179,0.025790,-0.045801,0.027470,-0.069265,-0.457535,
1624910617.000000,169552803.000000,0.290340,-0.316293,-0.022021,0.006193,0.026678,-0.649594,0.759788,0.147858,0.019132,-0.021824,0.079886,0.124159,-0.491563,
1624910617.000000,214580774.000000,0.291156,-0.321983,-0.021702,0.005777,0.025011,-0.657032,0.753426,0.134841,0.018789,-0.010054,0.022533,0.081238,-0.414993,
1624910617.000000,219583511.000000,0.290847,-0.323230,-0.022220,0.006090,0.025206,-0.657864,0.752690,0.154940,0.017625,-0.019978,0.011751,0.102897,-0.437651,
1624910617.000000,224586725.000000,0.291041,-0.323994,-0.022365,0.006249,0.025393,-0.658705,0.751947,0.160265,0.019441,-0.021572,-0.000832,0.144152,-0.450588,
1624910617.000000,229589701.000000,0.291252,-0.324686,-0.022519,0.006441,0.025666,-0.659555,0.751191,0.154623,0.023441,-0.023449,0.003204,0.076671,-0.458971,
1624910617.000000,234593868.000000,0.291470,-0.325431,-0.022687,0.006453,0.025706,-0.660418,0.750431,0.155964,0.025992,-0.025721,-0.007151,0.012690,-0.452727,
1624910617.000000,239596844.000000,0.291698,-0.326181,-0.022864,0.006482,0.025850,-0.661262,0.749681,0.157170,0.028538,-0.027810,-0.024446,0.111678,-0.457835,
1624910617.000000,244599819.000000,0.291939,-0.326933,-0.023046,0.006632,0.026143,-0.662121,0.748912,0.158307,0.031097,-0.029480,-0.016926,0.118697,-0.452762,
1624910617.000000,249602795.000000,0.291655,-0.327309,-0.023621,0.006708,0.026106,-0.663066,0.748075,0.145540,0.022877,-0.032578,0.002397,0.100772,-0.428380,
1624910617.000000,254605770.000000,0.291851,-0.328011,-0.023828,0.006798,0.026290,-0.663870,0.747355,0.144558,0.023733,-0.033087,-0.045261,0.039975,-0.447339,
1624910617.000000,259608746.000000,0.292049,-0.328709,-0.024043,0.006683,0.026397,-0.664717,0.746599,0.143638,0.024611,-0.034104,-0.026810,-0.003094,-0.448801,
1624910617.000000,349664688.000000,0.294016,-0.342235,-0.027764,0.006861,0.025284,-0.679518,0.733191,0.152258,0.023263,-0.043420,-0.020767,0.117881,-0.445873,
1624910617.000000,354668856.000000,0.294186,-0.342973,-0.028022,0.006977,0.025536,-0.680333,0.732425,0.151475,0.024909,-0.044073,-0.026115,0.122304,-0.445904,
1624910617.000000,359671831.000000,0.294320,-0.343695,-0.028260,0.007049,0.025766,-0.681141,0.731665,0.149226,0.022394,-0.042527,-0.038844,0.020425,-0.439532,
1624910617.000000,364674568.000000,0.294479,-0.344420,-0.028508,0.006882,0.025750,-0.681950,0.730913,0.148304,0.022828,-0.042070,-0.016689,-0.072837,-0.453259,
1624910617.000000,369677782.000000,0.294638,-0.345142,-0.028757,0.006777,0.025620,-0.682798,0.730126,0.147364,0.023259,-0.042189,0.051585,-0.040689,-0.468340,
1624910617.000000,374680758.000000,0.294740,-0.345861,-0.028835,0.006875,0.025504,-0.683663,0.729320,0.145198,0.014897,-0.017745,0.074247,0.048275,-0.475705,
1624910617.000000,379683733.000000,0.294604,-0.346833,-0.028202,0.007157,0.025352,-0.684570,0.728471,0.144426,0.001530,0.023077,0.089931,0.176112,-0.468488,
1624910617.000000,384687901.000000,0.294651,-0.347559,-0.028081,0.007627,0.025568,-0.685403,0.727675,0.142854,-0.001588,0.035204,0.066906,0.165330,-0.440795,
1624910617.000000,389690876.000000,0.294788,-0.348108,-0.028273,0.007849,0.025654,-0.686175,0.726942,0.125749,0.008536,0.007654,0.050444,0.012188,-0.406648,
1624910617.000000,394693851.000000,0.294868,-0.348720,-0.028271,0.007778,0.025441,-0.686903,0.726262,0.119611,0.009412,0.006379,0.030622,-0.171028,-0.395925,
1624910617.000000,439721823.000000,0.296488,-0.355137,-0.029878,0.006800,0.024324,-0.693985,0.719546,0.155825,0.032257,-0.024439,-0.038623,0.065082,-0.468693,
1624910617.000000,444724798.000000,0.296680,-0.355910,-0.030044,0.006787,0.024460,-0.694816,0.718740,0.158337,0.034914,-0.026784,-0.000626,0.027590,-0.450637,
1624910617.000000,449727535.000000,0.296853,-0.356655,-0.030217,0.006845,0.024522,-0.695621,0.717958,0.154992,0.033266,-0.028710,-0.010519,0.064602,-0.457818,
1624910617.000000,454730749.000000,0.296470,-0.357594,-0.030251,0.007073,0.024549,-0.696554,0.717050,0.150538,0.026568,-0.028071,-0.013211,0.186985,-0.448807,
1624910617.000000,459734678.000000,0.296620,-0.358337,-0.030436,0.007343,0.024910,-0.697338,0.716272,0.150506,0.027428,-0.029351,-0.031836,0.105887,-0.443068,
1624910617.000000,464737654.000000,0.296710,-0.359004,-0.030414,0.007278,0.025022,-0.698137,0.715490,0.140325,0.020575,-0.006671,-0.024960,-0.017724,-0.443370,
1624910617.000000,469740868.000000,0.296824,-0.359699,-0.030467,0.007199,0.024970,-0.698936,0.714712,0.137333,0.018849,0.000009,0.024399,-0.057111,-0.460143,
1624910617.000000,474743843.000000,0.296928,-0.360381,-0.030487,0.007168,0.024806,-0.699783,0.713888,0.134320,0.017124,0.006657,0.075404,-0.006948,-0.475335,
1624910617.000000,479746580.000000,0.297022,-0.361043,-0.030480,0.007338,0.024702,-0.700625,0.713064,0.130855,0.015380,0.012876,0.087372,0.021557,-0.460326,
1624910617.000000,484749794.000000,0.296010,-0.362362,-0.030455,0.007500,0.024344,-0.701483,0.712231,0.127959,0.000383,0.020761,0.095723,0.111649,-0.456136,
1624910617.000000,529778004.000000,0.296950,-0.368822,-0.030830,0.006791,0.023147,-0.708322,0.705477,0.151064,0.022077,-0.004998,0.005235,0.150986,-0.434085,
1624910617.000000,534781694.000000,0.297062,-0.369591,-0.030897,0.006984,0.023366,-0.709095,0.704691,0.155901,0.024575,-0.007419,-0.006308,0.066502,-0.453107,
1624910617.000000,539784670.000000,0.297184,-0.370384,-0.030978,0.007002,0.023468,-0.709915,0.703862,0.160709,0.027118,-0.009897,-0.018120,0.049704,-0.472489,
1624910617.000000,544787645.000000,0.297296,-0.371119,-0.031036,0.007070,0.023617,-0.710741,0.703021,0.154192,0.026501,-0.008048,-0.002183,0.063256,-0.467102,
1624910617.000000,549790621.000000,0.297421,-0.371890,-0.031114,0.007167,0.023754,-0.711546,0.702201,0.154310,0.027769,-0.009097,-0.013647,0.102882,-0.447935,
1624910617.000000,554793835.000000,0.297974,-0.372169,-0.031952,0.007374,0.023858,-0.712433,0.701296,0.143229,0.030378,-0.016069,-0.023521,0.105364,-0.446927,
1624910617.000000,559796810.000000,0.298090,-0.372833,-0.032048,0.007482,0.024050,-0.713221,0.700487,0.136942,0.028505,-0.014425,-0.008400,0.083754,-0.452383,
1624910617.000000,564799547.000000,0.298218,-0.373508,-0.032160,0.007540,0.024201,-0.714004,0.699683,0.134344,0.028665,-0.014780,-0.034915,0.027984,-0.441725,
1624910617.000000,569802523.000000,0.298345,-0.374166,-0.032282,0.007414,0.024231,-0.714779,0.698891,0.131401,0.028808,-0.015874,-0.010878,-0.072871,-0.455413,
1624910617.000000,574805737.000000,0.298413,-0.374808,-0.032208,0.007310,0.024070,-0.715601,0.698056,0.127008,0.019945,0.009946,0.060850,-0.020540,-0.476906,
1624910617.000000,619834900.000000,0.298537,-0.381161,-0.033850,0.006494,0.022056,-0.722498,0.690990,0.120424,0.022000,-0.018042,0.023877,-0.024443,-0.419698,
1624910617.000000,624837637.000000,0.298624,-0.381957,-0.033903,0.006539,0.022041,-0.723219,0.690236,0.139929,0.024500,-0.012578,0.036341,0.077738,-0.419581,
1624910617.000000,629840851.000000,0.298713,-0.382673,-0.034002,0.006836,0.022236,-0.723960,0.689450,0.145717,0.025995,-0.013567,0.016477,0.200055,-0.442002,
1624910617.000000,634843826.000000,0.298811,-0.383419,-0.034105,0.007149,0.022571,-0.724732,0.688624,0.151638,0.027551,-0.014439,-0.007348,0.128508,-0.452754,
1624910617.000000,639846802.000000,0.298924,-0.384114,-0.034248,0.007233,0.022698,-0.725506,0.687803,0.146100,0.030435,-0.020627,-0.001860,0.025810,-0.447366,
1624910617.000000,644850016.000000,0.299038,-0.384851,-0.034394,0.007226,0.022750,-0.726280,0.686984,0.147509,0.032517,-0.023724,-0.019872,0.015491,-0.459001,
1624910617.000000,649853706.000000,0.299160,-0.385597,-0.034557,0.007234,0.022879,-0.727071,0.686143,0.149067,0.034622,-0.026982,-0.022232,0.089458,-0.457057,
1624910617.000000,654856443.000000,0.299771,-0.385714,-0.034971,0.007534,0.022979,-0.727947,0.685207,0.130711,0.035693,-0.022273,-0.003858,0.058349,-0.444293,
1624910617.000000,659859657.000000,0.299908,-0.386371,-0.035118,0.007560,0.023063,-0.728707,0.684396,0.129935,0.036306,-0.023355,-0.018724,0.053952,-0.446431,
1624910617.000000,664862633.000000,0.300047,-0.387023,-0.035271,0.007613,0.023249,-0.729472,0.683573,0.129126,0.036918,-0.024356,-0.036983,0.060236,-0.450738,
1624910617.000000,754918814.000000,0.300507,-0.399793,-0.036992,0.007687,0.021960,-0.743070,0.668809,0.134187,0.035081,-0.018416,-0.012000,0.080167,-0.453407,
1624910617.000000,759922743.000000,0.300611,-0.400473,-0.037120,0.007822,0.022165,-0.743822,0.667964,0.133428,0.036215,-0.019656,-0.010174,0.115306,-0.451207,
1624910617.000000,764925718.000000,0.300691,-0.401120,-0.037217,0.007931,0.022346,-0.744574,0.667119,0.129557,0.033595,-0.017056,-0.035386,0.023559,-0.451232,
1624910617.000000,769928455.000000,0.300785,-0.401775,-0.037321,0.007809,0.022410,-0.745327,0.666277,0.127887,0.033506,-0.016020,-0.028434,-0.011377,-0.456527,
1624910617.000000,774931669.000000,0.300878,-0.402422,-0.037429,0.007767,0.022404,-0.746093,0.665419,0.126213,0.033411,-0.015690,0.027260,-0.033710,-0.461897,
1624910617.000000,779934645.000000,0.300925,-0.403041,-0.037345,0.007789,0.022280,-0.746866,0.664556,0.121486,0.025969,0.011352,0.076250,0.039360,-0.462946,
1624910617.000000,784937620.000000,0.299761,-0.404160,-0.038034,0.008115,0.022028,-0.747639,0.663690,0.118256,0.010198,0.030535,0.095552,0.095355,-0.460902,
1624910617.000000,789940834.000000,0.299738,-0.404752,-0.037877,0.008441,0.022017,-0.748401,0.662827,0.115205,0.007116,0.041859,0.100859,0.115904,-0.451333,
1624910617.000000,794944763.000000,0.299817,-0.405246,-0.038051,0.008712,0.022016,-0.749131,0.661998,0.102823,0.016948,0.007821,0.044614,0.001339,-0.422605,
1624910617.000000,799947500.000000,0.299844,-0.405759,-0.038029,0.008536,0.021826,-0.749819,0.661228,0.097195,0.018077,0.005059,0.011112,-0.181778,-0.412840,
1624910617.000000,849978924.000000,0.299375,-0.412896,-0.040334,0.007758,0.020805,-0.757019,0.653016,0.131758,0.029611,-0.025893,-0.009467,0.083092,-0.446060,
1624910617.000000,854981899.000000,0.299351,-0.414311,-0.041159,0.008057,0.020895,-0.757812,0.652089,0.138351,0.030260,-0.040818,-0.021410,0.096575,-0.445994,
1624910617.000000,859984875.000000,0.299384,-0.414917,-0.041330,0.008193,0.021084,-0.758543,0.651231,0.129719,0.028676,-0.036649,-0.004216,0.084066,-0.449361,
1624910617.000000,864987850.000000,0.299425,-0.415569,-0.041548,0.008289,0.021223,-0.759275,0.650371,0.128381,0.029190,-0.037915,-0.022179,0.060553,-0.456689,
1624910617.000000,869991541.000000,0.299468,-0.416217,-0.041771,0.008249,0.021345,-0.760018,0.649499,0.127151,0.029710,-0.039088,-0.049018,-0.035422,-0.454709,
1624910617.000000,874994755.000000,0.299477,-0.416857,-0.041836,0.008078,0.021310,-0.760757,0.648637,0.125476,0.024557,-0.018186,0.024198,-0.027970,-0.463037,
1624910617.000000,879997730.000000,0.299493,-0.417488,-0.041936,0.008211,0.021242,-0.761523,0.647737,0.123751,0.022795,-0.011306,0.082370,0.074518,-0.473869,
1624910617.000000,885000706.000000,0.298254,-0.418692,-0.042170,0.008465,0.020891,-0.762270,0.646867,0.124513,0.009383,0.013925,0.095947,0.102038,-0.453669,
1624910617.000000,890003681.000000,0.298232,-0.419229,-0.042210,0.008794,0.020880,-0.762989,0.646015,0.113242,0.010257,0.009868,0.089780,0.109088,-0.437512,
1624910617.000000,895006657.000000,0.298190,-0.419786,-0.042175,0.009043,0.020892,-0.763698,0.645172,0.108258,0.009277,0.013873,0.044961,0.023860,-0.439721,
1624910617.000000,935031891.000000,0.297557,-0.425388,-0.043372,0.007917,0.019432,-0.769260,0.638592,0.136720,0.020223,-0.017507,0.003755,0.111186,-0.445039,
1624910617.000000,940034866.000000,0.297544,-0.426028,-0.043564,0.008029,0.019584,-0.769985,0.637711,0.134055,0.022487,-0.024633,-0.009442,0.018331,-0.463276,
1624910617.000000,945039034.000000,0.297529,-0.426704,-0.043730,0.007977,0.019578,-0.770726,0.636816,0.135815,0.024294,-0.027106,-0.000649,-0.000678,-0.463268,
1624910617.000000,950041771.000000,0.297521,-0.427391,-0.043894,0.008020,0.019663,-0.771461,0.635922,0.137602,0.026118,-0.029012,-0.016642,0.074146,-0.463200,
1624910617.000000,955044746.000000,0.297400,-0.428491,-0.044760,0.008238,0.019694,-0.772258,0.634950,0.139599,0.027727,-0.045296,-0.009221,0.096296,-0.446351,
1624910617.000000,960047722.000000,0.297403,-0.429192,-0.045015,0.008379,0.019855,-0.772956,0.634094,0.141520,0.029555,-0.048340,-0.013145,0.078192,-0.446072,
1624910617.000000,965050936.000000,0.297410,-0.429908,-0.045290,0.008480,0.020029,-0.773673,0.633211,0.143616,0.031406,-0.051488,-0.016641,0.094909,-0.458018,
1624910617.000000,970053911.000000,0.297328,-0.430377,-0.045246,0.008552,0.020174,-0.774396,0.632322,0.128747,0.023037,-0.032580,-0.028093,-0.012309,-0.457942,
1624910617.000000,975056648.000000,0.297307,-0.431029,-0.045409,0.008369,0.020142,-0.775130,0.631425,0.127820,0.022751,-0.030170,-0.011400,-0.052890,-0.475987,
1624910617.000000,980059862.000000,0.297284,-0.431679,-0.045602,0.008363,0.020063,-0.775893,0.630490,0.127072,0.022472,-0.029664,0.087689,0.007343,-0.481486,
1624910618.000000,30091763.000000,0.295566,-0.438770,-0.046282,0.007809,0.018230,-0.782824,0.621927,0.129148,0.017058,-0.017453,0.020028,0.084165,-0.421724,
1624910618.000000,35094738.000000,0.295504,-0.439425,-0.046398,0.007989,0.018337,-0.783499,0.621071,0.132751,0.018907,-0.019653,0.018919,0.082204,-0.451560,
1624910618.000000,40097713.000000,0.295443,-0.440102,-0.046527,0.008131,0.018424,-0.784218,0.620159,0.136509,0.020789,-0.021766,0.010453,0.058795,-0.468743,
1624910618.000000,45100689.000000,0.295388,-0.440794,-0.046670,0.008205,0.018512,-0.784943,0.619237,0.139993,0.022696,-0.024115,-0.015109,0.041817,-0.467595,
1624910618.000000,50103903.000000,0.295350,-0.441423,-0.046821,0.008256,0.018679,-0.785661,0.618320,0.133699,0.023948,-0.026550,-0.047101,0.101926,-0.463334,
1624910618.000000,55106878.000000,0.295362,-0.442515,-0.047574,0.008602,0.018826,-0.786429,0.617334,0.129474,0.026408,-0.033328,-0.002547,0.027539,-0.437914,
1624910618.000000,60109615.000000,0.295342,-0.443163,-0.047762,0.008628,0.018828,-0.787098,0.616480,0.128612,0.028026,-0.035332,0.004497,0.060903,-0.441893,
1624910618.000000,65113783.000000,0.295280,-0.443766,-0.047825,0.008754,0.019003,-0.787795,0.615582,0.124137,0.023599,-0.023724,-0.026871,0.049991,-0.459211,
1624910618.000000,70116758.000000,0.295243,-0.444388,-0.047965,0.008708,0.019103,-0.788506,0.614669,0.122600,0.023431,-0.022273,-0.042702,0.018881,-0.469738,
1624910618.000000,75119734.000000,0.295206,-0.445004,-0.048107,0.008623,0.019158,-0.789232,0.613735,0.121154,0.023264,-0.021611,0.002799,-0.089938,-0.473031,
1624910618.000000,115144730.000000,0.294616,-0.449866,-0.047481,0.007987,0.017351,-0.794759,0.606624,0.088759,0.014005,0.005748,0.019264,-0.291843,-0.460221,
1624910618.000000,120147467.000000,0.293674,-0.451185,-0.049008,0.007603,0.016968,-0.795445,0.605740,0.098302,0.012555,-0.018391,0.019310,-0.049380,-0.468815,
1624910618.000000,125150681.000000,0.293569,-0.451881,-0.049085,0.007750,0.017005,-0.796140,0.604824,0.120619,0.015210,-0.015621,0.058459,0.177984,-0.438043,
1624910618.000000,130153656.000000,0.293469,-0.452500,-0.049213,0.008226,0.017204,-0.796778,0.603972,0.127097,0.016398,-0.017902,0.030328,0.155901,-0.417507,
1624910618.000000,135157824.000000,0.293368,-0.453144,-0.049348,0.008456,0.017400,-0.797418,0.603117,0.132977,0.017609,-0.019954,-0.009774,0.162325,-0.437847,
1624910618.000000,140160799.000000,0.293304,-0.453727,-0.049526,0.008749,0.017693,-0.798099,0.602203,0.124889,0.020855,-0.027516,-0.028552,0.108109,-0.473022,
1624910618.000000,145163774.000000,0.293235,-0.454353,-0.049701,0.008774,0.017789,-0.798821,0.601241,0.124988,0.022931,-0.030562,0.023138,-0.001406,-0.478518,
1624910618.000000,150166750.000000,0.293174,-0.454980,-0.049884,0.008771,0.017719,-0.799532,0.600298,0.125105,0.024995,-0.032753,-0.005691,-0.029432,-0.468743,
1624910618.000000,155169725.000000,0.292920,-0.456316,-0.050491,0.008769,0.017668,-0.800280,0.599303,0.125390,0.022981,-0.022050,-0.022559,0.086292,-0.466678,
1624910618.000000,160172701.000000,0.292853,-0.456936,-0.050642,0.008975,0.017886,-0.800964,0.598377,0.123805,0.023396,-0.021370,-0.020767,0.099414,-0.445502,
1624910618.000000,250229597.000000,0.289590,-0.470081,-0.053958,0.009068,0.016716,-0.813045,0.581890,0.133947,0.025956,-0.044206,0.005884,-0.032737,-0.461511,
1624910618.000000,255232811.000000,0.289498,-0.470755,-0.054215,0.009053,0.016734,-0.813718,0.580948,0.135723,0.028212,-0.047921,-0.013358,0.037730,-0.465760,
1624910618.000000,260235786.000000,0.289412,-0.471441,-0.054492,0.009158,0.016900,-0.814388,0.580002,0.137566,0.030481,-0.051591,-0.025219,0.119215,-0.455203,
1624910618.000000,265238523.000000,0.289234,-0.471936,-0.054468,0.009344,0.017143,-0.815032,0.579087,0.127030,0.020568,-0.032585,-0.034671,0.085886,-0.442297,
1624910618.000000,270241737.000000,0.289119,-0.472564,-0.054641,0.009321,0.017235,-0.815676,0.578178,0.126344,0.020119,-0.030387,-0.007224,-0.054385,-0.452939,
1624910618.000000,275244713.000000,0.289003,-0.473185,-0.054808,0.009159,0.017095,-0.816349,0.577234,0.125421,0.019666,-0.028600,0.033527,-0.068748,-0.475364,
1624910618.000000,280247688.000000,0.288884,-0.473802,-0.054965,0.009175,0.016970,-0.817056,0.576236,0.124570,0.019224,-0.026764,0.078082,0.034476,-0.501983,
1624910618.000000,285251856.000000,0.288238,-0.474644,-0.054559,0.009496,0.016831,-0.817770,0.575221,0.113016,0.004004,0.019379,0.099582,0.110875,-0.481959,
1624910618.000000,290254831.000000,0.288059,-0.475185,-0.054459,0.009877,0.016841,-0.818441,0.574259,0.111156,0.001156,0.029845,0.080374,0.146808,-0.459277,
1624910618.000000,295257807.000000,0.287871,-0.475714,-0.054304,0.010206,0.016883,-0.819084,0.573335,0.109330,-0.001698,0.040340,0.064256,0.062450,-0.426514,
1624910618.000000,340285778.000000,0.286373,-0.481261,-0.055947,0.009179,0.015858,-0.824630,0.565376,0.127447,0.020327,-0.026578,0.006734,0.093873,-0.457253,
1624910618.000000,345289707.000000,0.286266,-0.481792,-0.056101,0.009288,0.015949,-0.825279,0.564423,0.116811,0.020670,-0.028694,-0.015307,0.041656,-0.456312,
1624910618.000000,350292683.000000,0.285878,-0.483181,-0.056844,0.009470,0.016058,-0.825960,0.563420,0.119125,0.022506,-0.032992,-0.015707,0.009052,-0.451899,
1624910618.000000,355295658.000000,0.285769,-0.483770,-0.057037,0.009415,0.016072,-0.826600,0.562482,0.118253,0.023887,-0.035053,-0.015304,-0.025067,-0.454162,
1624910618.000000,360298634.000000,0.285625,-0.484347,-0.057158,0.009371,0.016135,-0.827238,0.561542,0.117819,0.020399,-0.027884,-0.024087,0.060406,-0.457281,
1624910618.000000,365301609.000000,0.285502,-0.484924,-0.057317,0.009521,0.016327,-0.827882,0.560584,0.117073,0.020179,-0.026904,-0.021841,0.095231,-0.463720,
1624910618.000000,370304823.000000,0.285376,-0.485500,-0.057475,0.009615,0.016460,-0.828525,0.559628,0.116569,0.019957,-0.026179,-0.001722,0.035388,-0.453115,
1624910618.000000,375307798.000000,0.285220,-0.486042,-0.057493,0.009624,0.016460,-0.829156,0.558692,0.112670,0.013801,-0.006471,0.014439,-0.021799,-0.456149,
1624910618.000000,380310535.000000,0.285067,-0.486582,-0.057526,0.009655,0.016404,-0.829810,0.557721,0.110668,0.011194,0.002394,0.068434,0.065530,-0.479680,
1624910618.000000,385313749.000000,0.284599,-0.488598,-0.057084,0.010107,0.016278,-0.830479,0.556720,0.113783,0.004819,0.020594,0.095616,0.116290,-0.462858,
1624910618.000000,430342913.000000,0.283023,-0.493959,-0.057993,0.008683,0.014521,-0.835843,0.548708,0.083544,0.015648,-0.020105,0.005406,0.091310,-0.439334,
1624910618.000000,435345888.000000,0.282932,-0.494366,-0.058094,0.008950,0.014767,-0.836449,0.547773,0.080471,0.016502,-0.022272,-0.008229,0.188038,-0.453082,
1624910618.000000,440348864.000000,0.282772,-0.495119,-0.058326,0.009301,0.014982,-0.837068,0.546815,0.102355,0.022621,-0.031121,0.023210,0.108971,-0.448969,
1624910618.000000,445351601.000000,0.282665,-0.495645,-0.058526,0.009457,0.015059,-0.837677,0.545877,0.105047,0.024614,-0.035960,-0.001296,0.081291,-0.451950,
1624910618.000000,450354576.000000,0.282562,-0.496182,-0.058747,0.009613,0.015232,-0.838297,0.544916,0.107579,0.026635,-0.040659,-0.024948,0.080186,-0.456397,
1624910618.000000,455357790.000000,0.283261,-0.497522,-0.058691,0.010003,0.015422,-0.838958,0.543885,0.102361,0.027690,-0.019417,-0.006731,0.088139,-0.444679,
1624910618.000000,460361719.000000,0.283182,-0.498036,-0.058806,0.010114,0.015537,-0.839552,0.542962,0.099206,0.028103,-0.019338,-0.020295,0.012446,-0.435000,
1624910618.000000,465364695.000000,0.283109,-0.498536,-0.058920,0.010017,0.015580,-0.840147,0.542042,0.096074,0.028504,-0.019303,-0.022808,-0.014989,-0.446708,
1624910618.000000,470367670.000000,0.282986,-0.499037,-0.058958,0.009957,0.015614,-0.840760,0.541091,0.096884,0.023517,-0.010614,-0.018241,-0.025790,-0.454275,
1624910618.000000,475370646.000000,0.282890,-0.499521,-0.059016,0.009859,0.015616,-0.841378,0.540131,0.095216,0.022152,-0.007255,-0.000395,-0.005310,-0.462692,
1624910618.000000,520398855.000000,0.281546,-0.504143,-0.059064,0.009117,0.013827,-0.846695,0.531821,0.073170,0.017464,0.001197,0.025346,-0.042118,-0.430854,
1624910618.000000,525401831.000000,0.280508,-0.506048,-0.059869,0.009288,0.013953,-0.847265,0.530907,0.101778,0.013927,-0.013474,0.009499,-0.007700,-0.423378,
1624910618.000000,530404806.000000,0.280350,-0.506538,-0.059954,0.009281,0.013942,-0.847825,0.530011,0.103685,0.013989,-0.014472,0.011579,0.024421,-0.424377,
1624910618.000000,535407782.000000,0.280189,-0.507105,-0.060103,0.009391,0.013970,-0.848395,0.529097,0.112006,0.017750,-0.021253,0.030788,0.049334,-0.436136,
1624910618.000000,540411949.000000,0.280021,-0.507655,-0.060240,0.009566,0.014029,-0.848989,0.528138,0.116184,0.018970,-0.024590,0.003327,0.128109,-0.470144,
1624910618.000000,545414925.000000,0.279845,-0.508232,-0.060399,0.009894,0.014275,-0.849612,0.527122,0.120888,0.020237,-0.028187,0.001795,0.173447,-0.464065,
1624910618.000000,550417900.000000,0.279698,-0.508766,-0.060580,0.010165,0.014458,-0.850202,0.526159,0.115252,0.022146,-0.032100,-0.015786,0.077910,-0.445603,
1624910618.000000,555421114.000000,0.279542,-0.509327,-0.060771,0.010199,0.014591,-0.850782,0.525217,0.115279,0.023645,-0.034929,-0.031168,0.035976,-0.435141,
1624910618.000000,560423613.000000,0.279293,-0.510808,-0.061078,0.010406,0.014606,-0.851392,0.524224,0.105012,0.026230,-0.026153,-0.005397,0.024961,-0.442487,
1624910618.000000,565426588.000000,0.279141,-0.511286,-0.061180,0.010431,0.014648,-0.851981,0.523263,0.100795,0.021758,-0.022267,-0.010480,0.035035,-0.455397,
1624910618.000000,615458727.000000,0.277166,-0.517039,-0.060897,0.010013,0.013375,-0.857786,0.513735,0.071248,0.008575,0.006830,0.026643,-0.254529,-0.430983,
1624910618.000000,620461702.000000,0.277041,-0.517365,-0.060881,0.009554,0.013028,-0.858342,0.512823,0.067239,0.008916,0.003830,0.027917,-0.169461,-0.423476,
1624910618.000000,625464678.000000,0.275893,-0.519170,-0.062345,0.009491,0.012957,-0.858871,0.511941,0.082085,0.007053,-0.025199,0.033199,-0.020723,-0.425594,
1624910618.000000,630467892.000000,0.275622,-0.519800,-0.062424,0.009621,0.012951,-0.859416,0.511022,0.106968,0.010172,-0.020659,0.030188,0.108516,-0.423562,
1624910618.000000,635470867.000000,0.275410,-0.520304,-0.062541,0.009897,0.013076,-0.859954,0.510108,0.112431,0.011414,-0.021515,0.009850,0.098393,-0.427702,
1624910618.000000,640473843.000000,0.275190,-0.520833,-0.062666,0.010041,0.013181,-0.860511,0.509162,0.117666,0.012687,-0.022431,-0.009317,0.071063,-0.450114,
1624910618.000000,645477772.000000,0.274988,-0.521346,-0.062825,0.010206,0.013323,-0.861100,0.508158,0.115739,0.014830,-0.027485,0.001213,0.106338,-0.481010,
1624910618.000000,650480747.000000,0.274771,-0.521890,-0.062990,0.010433,0.013458,-0.861706,0.507122,0.117729,0.016454,-0.030363,0.004651,0.099105,-0.462073,
1624910618.000000,655483723.000000,0.275530,-0.524085,-0.062956,0.010855,0.013621,-0.862320,0.506064,0.128560,0.026941,-0.031368,-0.006020,0.085022,-0.444705,
1624910618.000000,660486937.000000,0.275382,-0.524549,-0.063075,0.011014,0.013776,-0.862880,0.505100,0.113640,0.024453,-0.027528,-0.025130,0.089484,-0.442766,
1624910618.000000,755546808.000000,0.271050,-0.536984,-0.064991,0.011116,0.012778,-0.873366,0.486771,0.114460,0.019829,-0.027090,0.000652,0.104471,-0.464339,
1624910618.000000,760550022.000000,0.270834,-0.537521,-0.065150,0.011361,0.012940,-0.873914,0.485775,0.115231,0.020734,-0.028321,-0.010930,0.128834,-0.447124,
1624910618.000000,765552759.000000,0.270620,-0.538062,-0.065316,0.011591,0.013134,-0.874449,0.484801,0.115913,0.021637,-0.029592,-0.013268,0.102408,-0.440781,
1624910618.000000,770555735.000000,0.270444,-0.538515,-0.065474,0.011761,0.013287,-0.874982,0.483830,0.106264,0.020680,-0.029734,-0.020511,0.093623,-0.448188,
1624910618.000000,775558949.000000,0.270256,-0.539007,-0.065641,0.011836,0.013434,-0.875525,0.482842,0.103559,0.021000,-0.030403,-0.034508,-0.017929,-0.448312,
1624910618.000000,780561924.000000,0.270074,-0.539489,-0.065816,0.011573,0.013401,-0.876065,0.481868,0.100841,0.021306,-0.031464,-0.024931,-0.150141,-0.448189,
1624910618.000000,785564899.000000,0.269834,-0.539942,-0.065803,0.011297,0.013262,-0.876625,0.480860,0.099710,0.012118,-0.006168,0.045227,-0.038278,-0.482230,
1624910618.000000,790568590.000000,0.268945,-0.541716,-0.065512,0.011440,0.012977,-0.877227,0.479764,0.107905,-0.000307,0.021675,0.131811,0.106021,-0.481572,
1624910618.000000,795571566.000000,0.268647,-0.542165,-0.065387,0.011919,0.012873,-0.877784,0.478735,0.106147,-0.003799,0.032598,0.111900,0.211236,-0.451479,
1624910618.000000,800574541.000000,0.268478,-0.542537,-0.065447,0.012423,0.012959,-0.878308,0.477759,0.091049,0.002508,0.017248,0.041142,0.111805,-0.429158,
1624910618.000000,845602989.000000,0.265744,-0.547622,-0.066611,0.011335,0.011799,-0.882886,0.469302,0.113982,0.008258,-0.026373,0.005133,0.096537,-0.462364,
1624910618.000000,850605726.000000,0.265460,-0.548119,-0.066770,0.011437,0.011885,-0.883431,0.468271,0.116130,0.009787,-0.029788,-0.013003,0.023838,-0.464514,
1624910618.000000,855608702.000000,0.266095,-0.549752,-0.066502,0.011578,0.012060,-0.884029,0.467134,0.117784,0.018015,-0.025349,-0.019374,0.025895,-0.466605,
1624910618.000000,860611677.000000,0.265837,-0.550293,-0.066658,0.011699,0.012172,-0.884569,0.466103,0.120487,0.019581,-0.028480,0.007173,0.119145,-0.456139,
1624910618.000000,865615845.000000,0.265610,-0.550737,-0.066752,0.012018,0.012333,-0.885084,0.465113,0.111908,0.017484,-0.024216,-0.005257,0.139896,-0.437869,
1624910618.000000,870618820.000000,0.265367,-0.551244,-0.066889,0.012235,0.012525,-0.885590,0.464137,0.111433,0.017969,-0.024484,-0.024823,0.093854,-0.445314,
1624910618.000000,875622034.000000,0.265126,-0.551750,-0.067030,0.012327,0.012665,-0.886112,0.463134,0.110902,0.018458,-0.024989,-0.028874,0.015714,-0.456066,
1624910618.000000,880624771.000000,0.264886,-0.552210,-0.067111,0.012240,0.012714,-0.886640,0.462123,0.105183,0.015138,-0.017009,-0.015193,-0.037655,-0.457106,
1624910618.000000,885627747.000000,0.264649,-0.552674,-0.067207,0.012113,0.012649,-0.887170,0.461109,0.102558,0.014080,-0.014224,0.034907,-0.080710,-0.458153,
1624910618.000000,890630960.000000,0.264991,-0.554687,-0.067057,0.012005,0.012388,-0.887747,0.460009,0.100482,0.014820,-0.005000,0.076625,0.029809,-0.472085,
1624910618.000000,950668812.000000,0.262337,-0.561002,-0.067934,0.011736,0.011263,-0.893771,0.448228,0.112547,0.022002,-0.030929,0.003152,0.095204,-0.470104,
1624910618.000000,955671787.000000,0.262580,-0.563191,-0.067388,0.012077,0.011490,-0.894360,0.447037,0.116504,0.025537,-0.019161,-0.000072,0.054106,-0.466062,
1624910618.000000,960674763.000000,0.262334,-0.563733,-0.067506,0.012170,0.011569,-0.894874,0.446003,0.116413,0.025918,-0.020630,-0.009627,0.074609,-0.460600,
1624910618.000000,965677738.000000,0.262089,-0.564273,-0.067634,0.012403,0.011749,-0.895385,0.444965,0.116187,0.026286,-0.022054,-0.020321,0.154571,-0.462797,
1624910618.000000,970681667.000000,0.261869,-0.564751,-0.067733,0.012724,0.011966,-0.895886,0.443941,0.107386,0.024262,-0.019307,0.001941,0.133640,-0.441565,
1624910618.000000,975684881.000000,0.261646,-0.565238,-0.067843,0.012885,0.012060,-0.896365,0.442965,0.103994,0.023635,-0.019560,-0.015791,0.007426,-0.436029,
1624910618.000000,980687857.000000,0.261429,-0.565712,-0.067957,0.012757,0.012100,-0.896856,0.441973,0.100551,0.023005,-0.020095,-0.027975,-0.053507,-0.448960,
1624910618.000000,985690832.000000,0.261219,-0.566169,-0.068076,0.012600,0.012065,-0.897360,0.440955,0.097115,0.022359,-0.020277,0.017964,-0.077327,-0.461705,
1624910618.000000,990694046.000000,0.259849,-0.567271,-0.068203,0.012299,0.011636,-0.897882,0.439911,0.097403,0.001884,0.025063,0.062925,-0.051152,-0.477755,
1624910618.000000,995696783.000000,0.259554,-0.567655,-0.068067,0.012346,0.011458,-0.898411,0.438833,0.094604,-0.001434,0.035599,0.099027,0.031617,-0.473586,
1624910619.000000,45728683.000000,0.256385,-0.572834,-0.069208,0.012101,0.010441,-0.903169,0.428987,0.108048,0.006073,-0.018139,0.012694,0.094083,-0.423501,
1624910619.000000,50731897.000000,0.256101,-0.573262,-0.069352,0.012260,0.010473,-0.903636,0.427997,0.106821,0.009122,-0.023768,0.023623,0.012989,-0.458573,
1624910619.000000,55734634.000000,0.256394,-0.575188,-0.069125,0.012450,0.010574,-0.904179,0.426842,0.115648,0.018510,-0.016649,-0.007292,0.038473,-0.471731,
1624910619.000000,60737610.000000,0.256095,-0.575698,-0.069232,0.012547,0.010688,-0.904675,0.425783,0.118062,0.019799,-0.018178,-0.019172,0.032307,-0.468297,
1624910619.000000,65740824.000000,0.255829,-0.576157,-0.069327,0.012578,0.010763,-0.905172,0.424724,0.112271,0.019600,-0.017581,-0.009471,0.063906,-0.463092,
1624910619.000000,70743799.000000,0.255547,-0.576651,-0.069438,0.012842,0.010930,-0.905654,0.423682,0.112062,0.020390,-0.018593,-0.010493,0.179051,-0.456608,
1624910619.000000,75746775.000000,0.255268,-0.577145,-0.069551,0.013244,0.011183,-0.906127,0.422650,0.111890,0.021180,-0.019379,-0.022241,0.175063,-0.447098,
1624910619.000000,80750942.000000,0.254991,-0.577575,-0.069567,0.013416,0.011348,-0.906590,0.421647,0.104114,0.015757,-0.006248,-0.020179,-0.026051,-0.438498,
1624910619.000000,85753679.000000,0.254717,-0.578012,-0.069607,0.013200,0.011287,-0.907062,0.420638,0.100985,0.014028,-0.001569,0.011751,-0.076282,-0.460809,
1624910619.000000,90756893.000000,0.253499,-0.579313,-0.070476,0.012966,0.011007,-0.907561,0.419577,0.098032,0.005906,-0.000090,0.056602,0.008521,-0.483393,
1624910619.000000,130781651.000000,0.250890,-0.583465,-0.070928,0.012069,0.009569,-0.911249,0.411567,0.087927,0.003551,-0.011792,0.029123,-0.118952,-0.416389,
1624910619.000000,135784864.000000,0.250605,-0.583813,-0.070997,0.011945,0.009479,-0.911676,0.410626,0.091443,0.003747,-0.011208,0.021276,-0.012487,-0.425654,
1624910619.000000,140787601.000000,0.250308,-0.584175,-0.071064,0.012056,0.009469,-0.912123,0.409630,0.094977,0.003973,-0.010780,0.030066,0.107838,-0.434557,
1624910619.000000,145790577.000000,0.250002,-0.584589,-0.071193,0.012431,0.009588,-0.912562,0.408638,0.102610,0.007974,-0.019143,0.016172,0.185703,-0.437489,
1624910619.000000,150794744.000000,0.249685,-0.585006,-0.071314,0.012799,0.009756,-0.913008,0.407623,0.107357,0.009746,-0.022285,-0.005149,0.116865,-0.442979,
1624910619.000000,155797720.000000,0.250411,-0.587661,-0.070814,0.013108,0.009997,-0.913495,0.406515,0.119626,0.024877,-0.022523,0.002255,0.043109,-0.458932,
1624910619.000000,160800695.000000,0.250167,-0.588058,-0.070885,0.013151,0.010032,-0.913966,0.405454,0.106950,0.021871,-0.018618,-0.009226,-0.005183,-0.463335,
1624910619.000000,165803909.000000,0.249892,-0.588524,-0.070993,0.013110,0.010070,-0.914433,0.404400,0.105656,0.022116,-0.019036,-0.004223,0.018665,-0.462142,
1624910619.000000,170806646.000000,0.249620,-0.588986,-0.071100,0.013188,0.010131,-0.914897,0.403345,0.104442,0.022355,-0.019251,-0.014500,0.040537,-0.454785,
1624910619.000000,175809622.000000,0.249327,-0.589444,-0.071185,0.013305,0.010257,-0.915354,0.402300,0.105333,0.020023,-0.016366,-0.010641,0.122377,-0.465265,
1624910619.000000,225841999.000000,0.244532,-0.595612,-0.072988,0.012856,0.009064,-0.919798,0.392077,0.080415,0.002334,-0.019125,0.037447,-0.235172,-0.427110,
1624910619.000000,230844736.000000,0.244267,-0.595903,-0.073102,0.012486,0.008804,-0.920229,0.391082,0.078120,0.002260,-0.023021,0.042956,-0.093354,-0.433647,
1624910619.000000,235847950.000000,0.244012,-0.596185,-0.073234,0.012428,0.008711,-0.920649,0.390096,0.075989,0.002186,-0.026573,0.018367,-0.012027,-0.422912,
1624910619.000000,240850687.000000,0.243693,-0.596547,-0.073329,0.012435,0.008683,-0.921056,0.389135,0.089662,0.003819,-0.021391,0.027768,0.023296,-0.410138,
1624910619.000000,245853662.000000,0.243386,-0.596889,-0.073453,0.012577,0.008664,-0.921461,0.388170,0.094230,0.004445,-0.021860,0.033382,0.071243,-0.437648,
1624910619.000000,250856638.000000,0.243064,-0.597251,-0.073577,0.012824,0.008726,-0.921894,0.387130,0.099036,0.005112,-0.022081,0.009835,0.145114,-0.447611,
1624910619.000000,255859613.000000,0.242412,-0.599261,-0.073448,0.013410,0.009063,-0.922328,0.386068,0.122005,0.011605,-0.017803,-0.012559,0.085488,-0.445236,
1624910619.000000,260863543.000000,0.242021,-0.599742,-0.073560,0.013460,0.009150,-0.922759,0.385032,0.125937,0.012382,-0.018808,-0.016870,0.008218,-0.449610,
1624910619.000000,265866756.000000,0.241617,-0.600239,-0.073677,0.013488,0.009211,-0.923193,0.383990,0.129868,0.013172,-0.019745,-0.004048,0.046573,-0.455935,
1624910619.000000,270869732.000000,0.241378,-0.600451,-0.073728,0.013629,0.009288,-0.923629,0.382933,0.109688,0.007812,-0.016423,0.002406,0.071286,-0.453895,
1624910619.000000,355922699.000000,0.234218,-0.609548,-0.075958,0.013456,0.008119,-0.930670,0.365523,0.118060,0.008202,-0.022071,0.005624,0.128550,-0.466807,
1624910619.000000,360926628.000000,0.233809,-0.609986,-0.076096,0.013744,0.008261,-0.931087,0.364444,0.122545,0.009577,-0.024815,-0.008378,0.124214,-0.457080,
1624910619.000000,365929842.000000,0.233480,-0.610326,-0.076204,0.013927,0.008371,-0.931496,0.363388,0.111107,0.008341,-0.023492,-0.004075,0.023843,-0.448555,
1624910619.000000,370932817.000000,0.233103,-0.610731,-0.076343,0.013933,0.008403,-0.931903,0.362342,0.110780,0.008889,-0.025097,-0.006139,0.042914,-0.452775,
1624910619.000000,375935555.000000,0.232727,-0.611136,-0.076489,0.014101,0.008524,-0.932312,0.361280,0.110512,0.009438,-0.026473,-0.023194,0.087514,-0.452874,
1624910619.000000,380938768.000000,0.232341,-0.611516,-0.076612,0.014215,0.008654,-0.932719,0.360221,0.108970,0.006185,-0.023939,-0.018007,0.034165,-0.459148,
1624910619.000000,385941744.000000,0.230720,-0.611898,-0.078322,0.013862,0.008541,-0.933110,0.359221,0.105657,-0.002059,-0.036687,-0.024235,0.009413,-0.464523,
1624910619.000000,390944719.000000,0.230325,-0.612235,-0.078522,0.013889,0.008610,-0.933528,0.358132,0.104567,-0.003063,-0.036816,0.014768,0.028877,-0.469805,
1624910619.000000,395947695.000000,0.229929,-0.612485,-0.078466,0.014005,0.008556,-0.933946,0.357038,0.096603,-0.011010,-0.008230,0.059965,0.048877,-0.459248,
1624910619.000000,400951862.000000,0.229531,-0.612756,-0.078496,0.014187,0.008452,-0.934350,0.355973,0.093600,-0.014310,0.001306,0.090575,0.052218,-0.454828,
1624910619.000000,445979834.000000,0.226011,-0.615639,-0.079317,0.013125,0.007030,-0.937805,0.346844,0.084192,-0.009064,-0.021553,0.023407,0.088001,-0.427284,
1624910619.000000,450982809.000000,0.225648,-0.615890,-0.079446,0.013350,0.007075,-0.938171,0.345844,0.088584,-0.008444,-0.021865,0.012945,0.057950,-0.432367,
1624910619.000000,455986023.000000,0.225120,-0.618221,-0.078821,0.013678,0.007334,-0.938558,0.344773,0.118276,0.003612,-0.013057,-0.008375,0.043193,-0.455927,
1624910619.000000,460988760.000000,0.224749,-0.618574,-0.078961,0.013808,0.007433,-0.938954,0.343686,0.113888,0.005444,-0.019906,-0.007465,0.079597,-0.466604,
1624910619.000000,465991735.000000,0.224333,-0.618964,-0.079086,0.013978,0.007512,-0.939348,0.342597,0.115586,0.006540,-0.022692,0.006534,0.058554,-0.454908,
1624910619.000000,470995665.000000,0.223914,-0.619362,-0.079221,0.014112,0.007574,-0.939731,0.341541,0.117227,0.007634,-0.025125,-0.009384,0.084505,-0.447329,
1624910619.000000,475998640.000000,0.223518,-0.619716,-0.079319,0.014316,0.007709,-0.940111,0.340480,0.110936,0.005366,-0.020778,-0.013851,0.082033,-0.454830,
1624910619.000000,481001616.000000,0.223113,-0.620086,-0.079440,0.014469,0.007816,-0.940495,0.339409,0.109383,0.005104,-0.020852,-0.014730,0.085594,-0.450647,
1624910619.000000,486004829.000000,0.222087,-0.620982,-0.080886,0.014248,0.007779,-0.940859,0.338410,0.106653,0.004411,-0.035365,-0.035098,-0.036281,-0.457895,
1624910619.000000,491007566.000000,0.221677,-0.621278,-0.080902,0.014029,0.007795,-0.941255,0.337315,0.102808,-0.001813,-0.017235,-0.006588,-0.058003,-0.471890,
1624910619.000000,536035776.000000,0.217990,-0.624546,-0.081357,0.013106,0.006387,-0.944613,0.327863,0.080495,-0.006278,-0.008877,0.027564,-0.087924,-0.429213,
1624910619.000000,541038990.000000,0.217648,-0.624775,-0.081413,0.013045,0.006316,-0.944961,0.326863,0.084464,-0.006356,-0.009056,0.019122,0.010897,-0.420602,
1624910619.000000,546042919.000000,0.217289,-0.625015,-0.081470,0.013177,0.006318,-0.945306,0.325857,0.088348,-0.006419,-0.009407,0.035988,0.098488,-0.431283,
1624910619.000000,551045656.000000,0.216771,-0.627138,-0.081357,0.013722,0.006557,-0.945653,0.324823,0.105286,0.007698,-0.014377,0.016044,0.103916,-0.440883,
1624910619.000000,556048870.000000,0.216374,-0.627498,-0.081436,0.013933,0.006645,-0.946012,0.323765,0.108551,0.008740,-0.017153,-0.001385,0.080448,-0.453650,
1624910619.000000,561051846.000000,0.215968,-0.627869,-0.081543,0.014066,0.006708,-0.946383,0.322671,0.111733,0.009802,-0.020493,-0.001153,0.030783,-0.469640,
1624910619.000000,566054821.000000,0.215557,-0.628249,-0.081673,0.014150,0.006773,-0.946761,0.321554,0.114630,0.010876,-0.024094,-0.011863,0.088410,-0.468647,
1624910619.000000,571058035.000000,0.215187,-0.628580,-0.081756,0.014399,0.006919,-0.947126,0.320463,0.107839,0.009882,-0.020160,-0.020390,0.100099,-0.449422,
1624910619.000000,576061010.000000,0.214784,-0.628949,-0.081864,0.014547,0.007023,-0.947479,0.319411,0.108017,0.010258,-0.020581,0.002924,0.054825,-0.442945,
1624910619.000000,581064463.000000,0.214389,-0.629314,-0.081964,0.014670,0.007069,-0.947833,0.318350,0.107844,0.010633,-0.020480,-0.008433,0.053954,-0.451522,
1624910619.000000,631095886.000000,0.208531,-0.633017,-0.084516,0.013348,0.005767,-0.951332,0.307825,0.080259,-0.009082,-0.013978,0.042028,-0.299446,-0.446140,
1624910619.000000,636098623.000000,0.208179,-0.633214,-0.084610,0.012903,0.005506,-0.951685,0.306756,0.080909,-0.009584,-0.016352,0.037232,-0.110101,-0.453541,
1624910619.000000,641101599.000000,0.207818,-0.633412,-0.084715,0.012861,0.005447,-0.952027,0.305694,0.081996,-0.010081,-0.018519,0.024988,0.066634,-0.429181,
1624910619.000000,646105766.000000,0.207399,-0.633685,-0.084850,0.013161,0.005493,-0.952344,0.304694,0.095290,-0.006262,-0.023126,0.013640,0.144413,-0.419306,
1624910619.000000,651108742.000000,0.206633,-0.635127,-0.084715,0.013903,0.005837,-0.952654,0.303684,0.109351,0.003654,-0.012936,0.021755,0.158557,-0.435383,
1624910619.000000,656111956.000000,0.206193,-0.635468,-0.084801,0.014248,0.005904,-0.952985,0.302624,0.114337,0.005006,-0.014894,0.009350,0.094410,-0.451352,
1624910619.000000,661114931.000000,0.205834,-0.635736,-0.084884,0.014335,0.005954,-0.953332,0.301525,0.103770,0.004452,-0.015614,-0.000613,-0.004620,-0.471578,
1624910619.000000,666117668.000000,0.205428,-0.636050,-0.084990,0.014298,0.005968,-0.953691,0.300389,0.103244,0.005160,-0.017592,-0.015207,0.003678,-0.474872,
1624910619.000000,671120882.000000,0.205024,-0.636365,-0.085107,0.014367,0.006060,-0.954041,0.299269,0.102942,0.005869,-0.019763,-0.011282,0.072846,-0.465194,
1624910619.000000,676123857.000000,0.204624,-0.636681,-0.085231,0.014623,0.006161,-0.954380,0.298174,0.102556,0.006566,-0.021656,0.002851,0.150133,-0.448197,
1624910619.000000,726155519.000000,0.197005,-0.639252,-0.088104,0.014211,0.005297,-0.957671,0.287466,0.074780,-0.019763,-0.010511,0.024674,-0.320602,-0.450184,
1624910619.000000,731158733.000000,0.196649,-0.639368,-0.088177,0.013498,0.005016,-0.958009,0.286376,0.070733,-0.019948,-0.014508,0.036548,-0.278010,-0.463959,
1624910619.000000,736161709.000000,0.196304,-0.639474,-0.088268,0.013030,0.004817,-0.958346,0.285271,0.067050,-0.020145,-0.018087,0.015297,-0.092943,-0.449199,
1624910619.000000,741164684.000000,0.195845,-0.639660,-0.088317,0.013033,0.004797,-0.958659,0.284219,0.085819,-0.019519,-0.012916,0.027773,0.057334,-0.435127,
1624910619.000000,746167898.000000,0.195423,-0.639818,-0.088396,0.013289,0.004794,-0.958961,0.283187,0.090664,-0.019361,-0.013558,0.030308,0.147813,-0.417196,
1624910619.000000,751170874.000000,0.193176,-0.641075,-0.086939,0.013916,0.005047,-0.959223,0.282263,0.121729,-0.019043,-0.001019,0.009622,0.110237,-0.429630,
1624910619.000000,756174803.000000,0.192680,-0.641303,-0.087017,0.014087,0.005089,-0.959537,0.281183,0.117032,-0.016640,-0.007759,0.012850,0.058469,-0.467116,
1624910619.000000,761177778.000000,0.192142,-0.641549,-0.087088,0.014209,0.005127,-0.959871,0.280035,0.118187,-0.015659,-0.011129,-0.009340,0.032531,-0.484191,
1624910619.000000,766180754.000000,0.191599,-0.641804,-0.087177,0.014208,0.005193,-0.960207,0.278881,0.119769,-0.014652,-0.014713,-0.014968,-0.014294,-0.472484,
1624910619.000000,771183968.000000,0.191067,-0.642039,-0.087245,0.014219,0.005244,-0.960529,0.277766,0.117533,-0.015778,-0.013386,-0.014693,0.068936,-0.459580,
1624910619.000000,826218605.000000,0.180332,-0.648787,-0.086471,0.014389,0.004683,-0.963878,0.265914,0.098284,-0.021513,0.017330,0.016690,-0.299503,-0.446519,
1624910619.000000,831221819.000000,0.179864,-0.648942,-0.086410,0.013709,0.004463,-0.964188,0.264829,0.091512,-0.020544,0.011926,0.018897,-0.272623,-0.446683,
1624910619.000000,836224794.000000,0.179246,-0.649160,-0.086274,0.013155,0.004261,-0.964489,0.263762,0.112011,-0.023261,0.021801,0.040052,-0.178682,-0.445405,
1624910619.000000,841227531.000000,0.178693,-0.649348,-0.086177,0.012995,0.004118,-0.964786,0.262683,0.115706,-0.023729,0.022107,0.036074,0.046904,-0.444481,
1624910619.000000,846230745.000000,0.178124,-0.649543,-0.086079,0.013355,0.004180,-0.965072,0.261611,0.119320,-0.024183,0.022679,0.006043,0.209756,-0.446494,
1624910619.000000,851233721.000000,0.175470,-0.650603,-0.085492,0.014025,0.004555,-0.965315,0.260672,0.143003,-0.016327,0.014987,0.014169,0.184058,-0.441109,
1624910619.000000,856237888.000000,0.174798,-0.650904,-0.085460,0.014382,0.004637,-0.965598,0.259600,0.147191,-0.014892,0.010682,-0.008853,0.110681,-0.453695,
1624910619.000000,861240864.000000,0.174114,-0.651219,-0.085457,0.014552,0.004736,-0.965897,0.258474,0.151243,-0.013417,0.005859,0.005470,0.042903,-0.474123,
1624910619.000000,866243839.000000,0.173500,-0.651472,-0.085449,0.014624,0.004735,-0.966201,0.257332,0.140063,-0.015589,0.004983,-0.000240,0.028932,-0.465600,
1624910619.000000,871246576.000000,0.172857,-0.651751,-0.085454,0.014658,0.004822,-0.966495,0.256223,0.138070,-0.015608,0.002747,-0.036925,0.000764,-0.454848,
1624910619.000000,956299543.000000,0.158045,-0.661274,-0.086006,0.014246,0.004232,-0.971126,0.238106,0.158329,-0.003298,0.009411,-0.007569,0.090051,-0.455335,
1624910619.000000,961302757.000000,0.157445,-0.661571,-0.085989,0.014356,0.004308,-0.971397,0.236987,0.148524,-0.002255,0.006652,-0.004658,0.047666,-0.462904,
1624910619.000000,966306686.000000,0.156780,-0.661905,-0.085989,0.014499,0.004367,-0.971669,0.235859,0.148882,-0.001283,0.003973,-0.012840,0.064253,-0.464998,
1624910619.000000,971309662.000000,0.156113,-0.662244,-0.086003,0.014621,0.004468,-0.971938,0.234738,0.149419,-0.000311,0.001270,-0.018476,0.050316,-0.453342,
1624910619.000000,976312876.000000,0.155454,-0.662550,-0.085992,0.014717,0.004545,-0.972201,0.233642,0.146313,-0.003382,0.003789,-0.015069,0.040769,-0.454252,
1624910619.000000,981315851.000000,0.154796,-0.662864,-0.085996,0.014860,0.004654,-0.972467,0.232519,0.145218,-0.004034,0.003402,-0.030031,0.114601,-0.468218,
1624910619.000000,986318588.000000,0.153573,-0.664674,-0.088262,0.014641,0.004811,-0.972699,0.231560,0.141999,0.003855,-0.007639,-0.017634,0.060584,-0.453228,
1624910619.000000,991322756.000000,0.152963,-0.664932,-0.088136,0.014638,0.004821,-0.972955,0.230479,0.134836,-0.003946,0.013678,0.021942,-0.035808,-0.442358,
1624910619.000000,996324778.000000,0.152351,-0.665208,-0.088070,0.014568,0.004721,-0.973216,0.229381,0.131747,-0.006991,0.020926,0.056021,-0.023956,-0.462654,
1624910620.000000,1328945.000000,0.151743,-0.665463,-0.087966,0.014643,0.004575,-0.973486,0.228234,0.128810,-0.010031,0.028286,0.084777,0.071316,-0.471306,
1624910620.000000,51359653.000000,0.145014,-0.669186,-0.088092,0.013630,0.003831,-0.975874,0.217875,0.127591,0.005197,-0.001351,0.014073,0.137178,-0.451668,
1624910620.000000,56362629.000000,0.144461,-0.669493,-0.088191,0.014004,0.003920,-0.976117,0.216759,0.130035,0.007527,-0.010099,-0.003092,0.137680,-0.458146,
1624910620.000000,61365843.000000,0.143884,-0.669806,-0.088267,0.014273,0.004003,-0.976359,0.215645,0.132932,0.008665,-0.012991,0.003255,0.099972,-0.452782,
1624910620.000000,66368818.000000,0.143297,-0.670130,-0.088356,0.014475,0.004070,-0.976600,0.214539,0.135742,0.009813,-0.015553,-0.019929,0.059005,-0.454863,
1624910620.000000,71372747.000000,0.142776,-0.670401,-0.088400,0.014631,0.004186,-0.976839,0.213432,0.124897,0.007565,-0.010727,-0.012899,0.120808,-0.446445,
1624910620.000000,76375723.000000,0.142234,-0.670690,-0.088473,0.014908,0.004287,-0.977069,0.212356,0.122441,0.007327,-0.011252,-0.024098,0.044985,-0.436749,
1624910620.000000,81378698.000000,0.141700,-0.670972,-0.088552,0.014820,0.004360,-0.977301,0.211291,0.119930,0.007079,-0.012188,-0.015061,-0.057223,-0.435726,
1624910620.000000,86381674.000000,0.138960,-0.671662,-0.090132,0.014349,0.004407,-0.977484,0.210477,0.124915,0.001264,-0.020140,-0.037074,-0.016519,-0.444010,
1624910620.000000,91384888.000000,0.138397,-0.671922,-0.090237,0.014328,0.004504,-0.977721,0.209371,0.123098,-0.000348,-0.016918,0.005769,-0.000164,-0.462147,
