1625007608.555757,0.000000,0.574707,-0.500562,0.198189,
1625007608.559902,0.000000,0.574704,-0.500555,0.198178,
1625007608.564072,0.000000,0.574714,-0.500560,0.198189,
1625007608.568235,0.000000,0.574700,-0.500562,0.198195,
1625007608.572401,0.000000,0.574701,-0.500557,0.198192,
1625007608.576567,0.000000,0.574703,-0.500558,0.198192,
1625007608.580730,0.000000,0.574700,-0.500561,0.198196,
1625007608.584898,0.000000,0.574714,-0.500564,0.198193,
1625007608.589068,0.000000,0.574713,-0.500559,0.198188,
1625007608.593234,0.000000,0.574707,-0.500560,0.198186,
1625007608.597400,0.000000,0.574715,-0.500565,0.198194,
1625007608.601566,0.000000,0.574709,-0.500561,0.198180,
1625007608.605732,0.000000,0.574715,-0.500566,0.198193,
1625007608.609988,0.000000,0.574707,-0.500560,0.198187,
1625007608.614066,0.000000,0.574709,-0.500563,0.198197,
1625007608.618239,0.000000,0.574711,-0.500558,0.198193,
1625007608.622399,0.000000,0.574702,-0.500566,0.198194,
1625007608.626565,0.000000,0.574709,-0.500563,0.198184,
1625007608.630732,0.000000,0.574701,-0.500557,0.198185,
1625007608.634898,0.000000,0.574713,-0.500566,0.198191,
1625007619.301660,0.000000,0.574705,-0.500560,0.198192,
1625007619.305833,0.000000,0.574711,-0.500552,0.198188,
1625007619.310006,0.000000,0.574721,-0.500559,0.198188,
1625007619.314175,0.000000,0.574711,-0.500567,0.198199,
1625007619.318325,0.000000,0.574714,-0.500559,0.198196,
1625007619.322487,0.000000,0.574707,-0.500556,0.198189,
1625007619.326762,0.000000,0.574705,-0.500559,0.198197,
1625007619.330821,0.000000,0.574712,-0.500557,0.198192,
1625007619.334942,0.000000,0.574706,-0.500549,0.198182,
1625007619.339113,0.000000,0.574715,-0.500559,0.198187,
1625007619.401625,0.000000,0.576141,-0.500851,0.198325,
1625007619.405985,0.000000,0.576581,-0.500926,0.198346,
1625007619.409943,0.000000,0.577048,-0.500989,0.198344,
1625007619.414109,0.000000,0.577543,-0.501060,0.198365,
1625007619.418275,0.000000,0.578067,-0.501166,0.198394,
1625007619.422449,0.000000,0.578594,-0.501247,0.198439,
1625007619.426601,0.000000,0.579138,-0.501318,0.198447,
1625007619.430771,0.000000,0.579682,-0.501383,0.198463,
1625007619.434975,0.000000,0.580185,-0.501439,0.198466,
1625007619.439152,0.000000,0.580692,-0.501499,0.198437,
1625007619.501619,0.000000,0.589220,-0.502594,0.198008,
1625007619.505781,0.000000,0.589769,-0.502697,0.198061,
1625007619.509965,0.000000,0.590305,-0.502797,0.198100,
1625007619.514125,0.000000,0.590829,-0.502903,0.198151,
1625007619.518280,0.000000,0.591336,-0.503013,0.198203,
1625007619.522525,0.000000,0.591852,-0.503115,0.198245,
1625007619.526618,0.000000,0.592355,-0.503213,0.198256,
1625007619.530784,0.000000,0.592860,-0.503338,0.198281,
1625007619.535036,0.000000,0.593356,-0.503443,0.198296,
1625007619.539117,0.000000,0.593863,-0.503567,0.198305,
1625007619.601657,0.000000,0.602515,-0.505175,0.197828,
1625007619.605822,0.000000,0.603020,-0.505287,0.197862,
1625007619.609974,0.000000,0.603561,-0.505397,0.197932,
1625007619.614140,0.000000,0.604041,-0.505497,0.197964,
1625007619.618345,0.000000,0.604529,-0.505603,0.198040,
1625007619.622515,0.000000,0.605020,-0.505741,0.198086,
1625007619.626641,0.000000,0.605507,-0.505879,0.198127,
1625007619.630838,0.000000,0.606014,-0.506024,0.198167,
1625007619.634981,0.000000,0.606538,-0.506162,0.198193,
1625007619.639153,0.000000,0.607062,-0.506310,0.198192,
1625007619.701687,0.000000,0.615566,-0.508274,0.197607,
1625007619.705847,0.000000,0.616092,-0.508422,0.197666,
1625007619.710050,0.000000,0.616568,-0.508570,0.197708,
1625007619.714191,0.000000,0.617047,-0.508714,0.197787,
1625007619.718355,0.000000,0.617546,-0.508856,0.197826,
1625007619.722605,0.000000,0.617996,-0.509031,0.197860,
1625007619.726669,0.000000,0.618473,-0.509218,0.197897,
1625007619.730831,0.000000,0.618962,-0.509411,0.197912,
1625007619.735011,0.000000,0.619437,-0.509521,0.197928,
1625007619.739179,0.000000,0.619948,-0.509764,0.197935,
1625007619.801636,0.000000,0.628426,-0.512104,0.197492,
1625007619.805802,0.000000,0.628945,-0.512289,0.197538,
1625007619.809978,0.000000,0.629422,-0.512491,0.197611,
1625007619.814148,0.000000,0.629885,-0.512695,0.197681,
1625007619.818358,0.000000,0.630309,-0.512793,0.197691,
1625007619.822488,0.000000,0.630753,-0.512991,0.197724,
1625007619.826633,0.000000,0.631268,-0.513236,0.197748,
1625007619.830819,0.000000,0.631730,-0.513430,0.197777,
1625007619.835024,0.000000,0.632172,-0.513623,0.197838,
1625007619.839158,0.000000,0.632649,-0.513775,0.197834,
1625007619.901638,0.000000,0.641083,-0.516540,0.197497,
1625007619.905807,0.000000,0.641603,-0.516770,0.197520,
1625007619.909966,0.000000,0.642083,-0.516993,0.197589,
1625007619.914135,0.000000,0.642524,-0.517196,0.197655,
1625007619.918312,0.000000,0.643000,-0.517418,0.197715,
1625007619.922553,0.000000,0.643470,-0.517635,0.197750,
1625007619.926637,0.000000,0.643932,-0.517829,0.197770,
1625007619.930804,0.000000,0.644390,-0.518017,0.197791,
1625007619.934970,0.000000,0.644821,-0.518207,0.197812,
1625007619.939136,0.000000,0.645261,-0.518406,0.197811,
1625007620.001677,0.000000,0.653481,-0.521525,0.197413,
1625007620.005840,0.000000,0.653990,-0.521787,0.197489,
1625007620.010010,0.000000,0.654463,-0.522071,0.197570,
1625007620.014175,0.000000,0.654938,-0.522319,0.197649,
1625007620.018352,0.000000,0.655402,-0.522540,0.197703,
1625007620.022516,0.000000,0.655837,-0.522768,0.197749,
1625007620.026677,0.000000,0.656282,-0.523009,0.197780,
1625007620.030844,0.000000,0.656746,-0.523235,0.197759,
1625007620.035012,0.000000,0.657183,-0.523461,0.197762,
1625007620.039167,0.000000,0.657609,-0.523672,0.197778,
1625007620.101667,0.000000,0.665707,-0.527310,0.197404,
1625007620.105850,0.000000,0.666226,-0.527556,0.197415,
1625007620.110012,0.000000,0.666711,-0.527800,0.197455,
1625007620.114184,0.000000,0.667180,-0.528046,0.197487,
1625007620.118422,0.000000,0.667616,-0.528327,0.197579,
1625007620.122506,0.000000,0.668030,-0.528585,0.197674,
1625007620.126667,0.000000,0.668458,-0.528830,0.197718,
1625007620.130838,0.000000,0.668890,-0.529091,0.197744,
1625007620.135060,0.000000,0.669319,-0.529331,0.197765,
1625007620.139225,0.000000,0.669778,-0.529589,0.197774,
1625007620.201693,0.000000,0.677391,-0.533253,0.197456,
1625007620.205839,0.000000,0.677898,-0.533531,0.197490,
1625007620.210020,0.000000,0.678351,-0.533809,0.197541,
1625007620.214181,0.000000,0.678803,-0.534101,0.197587,
1625007620.218340,0.000000,0.679248,-0.534368,0.197612,
1625007620.222512,0.000000,0.679717,-0.534682,0.197641,
1625007620.226710,0.000000,0.680158,-0.534986,0.197694,
1625007620.230847,0.000000,0.680585,-0.535257,0.197737,
1625007620.235034,0.000000,0.680989,-0.535510,0.197768,
1625007620.239196,0.000000,0.681416,-0.535754,0.197779,
1625007620.301667,0.000000,0.688929,-0.539880,0.197480,
1625007620.305832,0.000000,0.689444,-0.540198,0.197487,
1625007620.309993,0.000000,0.689982,-0.540526,0.197521,
1625007620.314161,0.000000,0.690462,-0.540835,0.197574,
1625007620.318421,0.000000,0.690922,-0.541139,0.197630,
1625007620.322494,0.000000,0.691338,-0.541440,0.197687,
1625007620.326659,0.000000,0.691742,-0.541719,0.197718,
1625007620.330829,0.000000,0.692187,-0.542039,0.197746,
1625007620.335011,0.000000,0.692608,-0.542355,0.197776,
1625007620.339180,0.000000,0.693039,-0.542669,0.197811,
1625007620.401669,0.000000,0.700415,-0.547119,0.197405,
1625007620.405833,0.000000,0.700873,-0.547428,0.197421,
1625007620.410003,0.000000,0.701377,-0.547773,0.197455,
1625007620.414156,0.000000,0.701826,-0.548129,0.197504,
1625007620.418328,0.000000,0.702271,-0.548463,0.197553,
1625007620.422502,0.000000,0.702718,-0.548801,0.197611,
1625007620.426670,0.000000,0.703141,-0.549118,0.197654,
1625007620.430839,0.000000,0.703577,-0.549441,0.197690,
1625007620.435048,0.000000,0.703968,-0.549752,0.197733,
1625007620.439176,0.000000,0.704383,-0.550071,0.197767,
1625007620.501670,0.000000,0.711569,-0.554905,0.197416,
1625007620.505830,0.000000,0.712040,-0.555236,0.197446,
1625007620.509998,0.000000,0.712530,-0.555555,0.197450,
1625007620.514165,0.000000,0.713025,-0.555948,0.197471,
1625007620.518412,0.000000,0.713427,-0.556294,0.197528,
1625007620.522491,0.000000,0.713849,-0.556645,0.197580,
1625007620.526665,0.000000,0.714290,-0.557002,0.197624,
1625007620.530830,0.000000,0.714686,-0.557376,0.197676,
1625007620.535005,0.000000,0.715082,-0.557704,0.197700,
1625007620.539177,0.000000,0.715460,-0.558024,0.197720,
1625007620.601673,0.000000,0.722496,-0.563195,0.197293,
1625007620.605829,0.000000,0.722985,-0.563556,0.197265,
1625007620.609995,0.000000,0.723449,-0.563950,0.197322,
1625007620.614159,0.000000,0.723889,-0.564300,0.197365,
1625007620.618340,0.000000,0.724284,-0.564653,0.197426,
1625007620.622504,0.000000,0.724679,-0.565018,0.197496,
1625007620.626663,0.000000,0.725101,-0.565426,0.197563,
1625007620.630835,0.000000,0.725504,-0.565805,0.197601,
1625007620.634999,0.000000,0.725900,-0.566194,0.197650,
1625007620.639173,0.000000,0.726280,-0.566575,0.197701,
1625007620.701653,0.000000,0.733105,-0.571974,0.197218,
1625007620.705823,0.000000,0.733564,-0.572351,0.197208,
1625007620.709993,0.000000,0.734007,-0.572755,0.197232,
1625007620.714288,0.000000,0.734438,-0.573198,0.197269,
1625007620.718327,0.000000,0.734823,-0.573630,0.197355,
1625007620.722494,0.000000,0.735186,-0.574009,0.197403,
1625007620.726660,0.000000,0.735591,-0.574382,0.197446,
1625007620.730822,0.000000,0.735960,-0.574749,0.197496,
1625007620.735007,0.000000,0.736327,-0.575112,0.197521,
1625007620.739167,0.000000,0.736691,-0.575528,0.197543,
1625007620.801666,0.000000,0.743330,-0.581277,0.197170,
1625007620.805835,0.000000,0.743769,-0.581679,0.197152,
1625007620.809991,0.000000,0.744164,-0.582043,0.197154,
1625007620.814156,0.000000,0.744552,-0.582524,0.197222,
1625007620.818334,0.000000,0.744969,-0.582910,0.197306,
1625007620.822500,0.000000,0.745350,-0.583344,0.197425,
1625007620.826657,0.000000,0.745703,-0.583729,0.197480,
1625007620.830823,0.000000,0.746054,-0.584108,0.197499,
1625007620.835020,0.000000,0.746406,-0.584495,0.197522,
1625007620.839170,0.000000,0.746730,-0.584880,0.197545,
1625007620.901654,0.000000,0.753003,-0.590938,0.197072,
1625007620.905825,0.000000,0.753426,-0.591343,0.197043,
1625007620.909997,0.000000,0.753807,-0.591733,0.196989,
1625007620.914229,0.000000,0.754211,-0.592177,0.197049,
1625007620.918349,0.000000,0.754573,-0.592606,0.197123,
1625007620.922528,0.000000,0.754921,-0.593051,0.197208,
1625007620.926687,0.000000,0.755282,-0.593506,0.197304,
1625007620.930853,0.000000,0.755624,-0.593979,0.197356,
1625007620.935077,0.000000,0.755957,-0.594362,0.197357,
1625007620.939185,0.000000,0.756273,-0.594741,0.197371,
1625007621.001649,0.000000,0.762158,-0.600912,0.196932,
1625007621.005822,0.000000,0.762562,-0.601321,0.196865,
1625007621.009968,0.000000,0.762943,-0.601761,0.196860,
1625007621.014141,0.000000,0.763310,-0.602202,0.196889,
1625007621.018314,0.000000,0.763650,-0.602636,0.196974,
1625007621.022477,0.000000,0.763956,-0.603074,0.197024,
1625007621.026645,0.000000,0.764236,-0.603472,0.197079,
1625007621.030830,0.000000,0.764536,-0.603908,0.197168,
1625007621.035041,0.000000,0.764856,-0.604354,0.197181,
1625007621.039176,0.000000,0.765157,-0.604726,0.197165,
1625007621.101672,0.000000,0.770748,-0.611066,0.196684,
1625007621.105838,0.000000,0.771158,-0.611526,0.196695,
1625007621.110082,0.000000,0.771550,-0.612006,0.196719,
1625007621.114171,0.000000,0.771909,-0.612474,0.196714,
1625007621.118341,0.000000,0.772249,-0.612929,0.196703,
1625007621.122505,0.000000,0.772560,-0.613346,0.196736,
1625007621.126675,0.000000,0.772857,-0.613773,0.196815,
1625007621.130836,0.000000,0.773137,-0.614169,0.196874,
1625007621.134997,0.000000,0.773408,-0.614621,0.196934,
1625007621.139167,0.000000,0.773723,-0.615088,0.196972,
1625007621.201670,0.000000,0.778965,-0.621641,0.196469,
1625007621.205837,0.000000,0.779369,-0.622130,0.196428,
1625007621.210000,0.000000,0.779684,-0.622556,0.196415,
1625007621.214170,0.000000,0.780051,-0.623043,0.196426,
1625007621.218339,0.000000,0.780401,-0.623536,0.196461,
1625007621.222501,0.000000,0.780681,-0.624031,0.196556,
1625007621.226676,0.000000,0.780943,-0.624454,0.196532,
1625007621.230829,0.000000,0.781243,-0.624969,0.196530,
1625007621.235001,0.000000,0.781484,-0.625380,0.196560,
1625007621.239165,0.000000,0.781756,-0.625819,0.196657,
1625007621.268350,0.000000,0.783756,-0.628882,0.196828,
1625007621.272495,0.000000,0.784134,-0.629373,0.196772,
1625007621.276666,0.000000,0.784516,-0.629827,0.196695,
1625007621.280854,0.000000,0.784877,-0.630295,0.196646,
1625007621.285004,0.000000,0.785224,-0.630778,0.196577,
1625007621.289166,0.000000,0.785583,-0.631246,0.196578,
1625007621.293329,0.000000,0.785947,-0.631712,0.196517,
1625007621.297498,0.000000,0.786297,-0.632165,0.196440,
1625007621.301667,0.000000,0.786658,-0.632620,0.196365,
1625007621.305829,0.000000,0.787036,-0.633057,0.196305,
1625007621.501691,0.000000,0.800488,-0.655380,0.196107,
1625007621.505837,0.000000,0.800764,-0.655853,0.196052,
1625007621.510082,0.000000,0.801073,-0.656353,0.195983,
1625007621.514170,0.000000,0.801406,-0.656870,0.195961,
1625007621.518348,0.000000,0.801669,-0.657374,0.195894,
1625007621.522510,0.000000,0.801946,-0.657902,0.195944,
1625007621.526654,0.000000,0.802181,-0.658411,0.195996,
1625007621.530936,0.000000,0.802438,-0.658947,0.196078,
1625007621.535052,0.000000,0.802665,-0.659446,0.196109,
1625007621.539172,0.000000,0.802879,-0.659909,0.196149,
1625007621.601674,0.000000,0.806669,-0.667136,0.196104,
1625007621.605839,0.000000,0.806957,-0.667805,0.196027,
1625007621.609990,0.000000,0.807246,-0.668311,0.195949,
1625007621.614154,0.000000,0.807532,-0.668664,0.195972,
1625007621.618341,0.000000,0.807756,-0.669179,0.195935,
1625007621.622612,0.000000,0.808011,-0.669732,0.195991,
1625007621.626663,0.000000,0.808223,-0.670229,0.196062,
1625007621.630821,0.000000,0.808416,-0.670744,0.196142,
1625007621.635023,0.000000,0.808629,-0.671254,0.196222,
1625007621.639214,0.000000,0.808825,-0.671746,0.196269,
1625007621.701673,0.000000,0.812371,-0.679379,0.196008,
1625007621.705937,0.000000,0.812637,-0.679931,0.195964,
1625007621.709995,0.000000,0.812911,-0.680520,0.195955,
1625007621.714170,0.000000,0.813168,-0.681060,0.195946,
1625007621.718336,0.000000,0.813425,-0.681613,0.195919,
1625007621.722501,0.000000,0.813630,-0.682122,0.196010,
1625007621.726664,0.000000,0.813842,-0.682669,0.196055,
1625007621.730825,0.000000,0.814016,-0.683168,0.196052,
1625007621.734992,0.000000,0.814166,-0.683640,0.196117,
1625007621.739176,0.000000,0.814344,-0.684145,0.196190,
1625007621.801650,0.000000,0.817411,-0.691743,0.196045,
1625007621.805827,0.000000,0.817637,-0.692251,0.195932,
1625007621.809990,0.000000,0.817871,-0.692782,0.195878,
1625007621.814151,0.000000,0.818097,-0.693297,0.195840,
1625007621.818334,0.000000,0.818308,-0.693922,0.195889,
1625007621.822500,0.000000,0.818506,-0.694461,0.195900,
1625007621.826678,0.000000,0.818716,-0.695017,0.195967,
1625007621.830832,0.000000,0.818901,-0.695567,0.195983,
1625007621.835058,0.000000,0.819034,-0.696068,0.196088,
1625007621.839262,0.000000,0.819171,-0.696586,0.196157,
1625007621.901629,0.000000,0.821955,-0.704373,0.196004,
1625007621.905849,0.000000,0.822207,-0.704897,0.195957,
1625007621.909964,0.000000,0.822434,-0.705431,0.195883,
1625007621.914125,0.000000,0.822648,-0.705974,0.195835,
1625007621.918286,0.000000,0.822846,-0.706521,0.195787,
1625007621.922465,0.000000,0.823022,-0.707056,0.195818,
1625007621.926615,0.000000,0.823171,-0.707620,0.195866,
1625007621.930781,0.000000,0.823314,-0.708206,0.195933,
1625007621.934946,0.000000,0.823438,-0.708804,0.195998,
1625007621.939140,0.000000,0.823530,-0.709325,0.196062,
1625007622.001652,0.000000,0.826031,-0.717227,0.195994,
1625007622.005833,0.000000,0.826223,-0.717779,0.195910,
1625007622.009985,0.000000,0.826414,-0.718353,0.195878,
1625007622.014163,0.000000,0.826598,-0.718891,0.195825,
1625007622.018327,0.000000,0.826770,-0.719502,0.195796,
1625007622.022550,0.000000,0.826922,-0.720073,0.195820,
1625007622.026646,0.000000,0.827059,-0.720640,0.195846,
1625007622.030829,0.000000,0.827157,-0.721167,0.195910,
1625007622.035114,0.000000,0.827302,-0.721691,0.195962,
1625007622.039244,0.000000,0.827414,-0.722216,0.196001,
1625007622.101649,0.000000,0.829464,-0.730335,0.195877,
1625007622.105903,0.000000,0.829642,-0.730907,0.195816,
1625007622.109979,0.000000,0.829808,-0.731465,0.195748,
1625007622.114146,0.000000,0.830001,-0.732019,0.195682,
1625007622.118314,0.000000,0.830165,-0.732569,0.195660,
1625007622.122483,0.000000,0.830322,-0.733142,0.195644,
1625007622.126637,0.000000,0.830444,-0.733703,0.195666,
1625007622.130803,0.000000,0.830567,-0.734251,0.195763,
1625007622.135029,0.000000,0.830665,-0.734798,0.195808,
1625007622.139142,0.000000,0.830773,-0.735376,0.195930,
1625007622.201673,0.000000,0.832521,-0.743693,0.195650,
1625007622.205834,0.000000,0.832692,-0.744300,0.195603,
1625007622.210006,0.000000,0.832839,-0.744886,0.195553,
1625007622.214164,0.000000,0.833014,-0.745509,0.195510,
1625007622.218333,0.000000,0.833114,-0.746134,0.195502,
1625007622.222511,0.000000,0.833241,-0.746696,0.195541,
1625007622.226658,0.000000,0.833323,-0.747276,0.195567,
1625007622.230822,0.000000,0.833417,-0.747854,0.195513,
1625007622.235140,0.000000,0.833479,-0.748445,0.195537,
1625007622.239154,0.000000,0.833538,-0.748988,0.195611,
1625007622.301726,0.000000,0.834879,-0.757295,0.195468,
1625007622.305786,0.000000,0.835021,-0.757865,0.195399,
1625007622.309968,0.000000,0.835159,-0.758563,0.195392,
1625007622.314134,0.000000,0.835321,-0.759055,0.195317,
1625007622.318296,0.000000,0.835407,-0.759631,0.195187,
1625007622.322461,0.000000,0.835504,-0.760265,0.195161,
1625007622.326616,0.000000,0.835570,-0.760861,0.195167,
1625007622.330788,0.000000,0.835611,-0.761437,0.195263,
1625007622.334962,0.000000,0.835642,-0.762025,0.195315,
1625007622.339132,0.000000,0.835671,-0.762592,0.195378,
1625007622.401623,0.000000,0.836647,-0.771075,0.195426,
1625007622.405822,0.000000,0.836758,-0.771681,0.195360,
1625007622.409999,0.000000,0.836861,-0.772287,0.195281,
1625007622.414151,0.000000,0.836957,-0.772863,0.195212,
1625007622.418325,0.000000,0.837044,-0.773459,0.195123,
1625007622.422489,0.000000,0.837073,-0.774024,0.195117,
1625007622.426660,0.000000,0.837158,-0.774634,0.195111,
1625007622.430819,0.000000,0.837171,-0.775188,0.195155,
1625007622.435088,0.000000,0.837199,-0.775785,0.195221,
1625007622.439160,0.000000,0.837207,-0.776312,0.195359,
1625007622.501742,0.000000,0.837898,-0.784595,0.195161,
1625007622.505832,0.000000,0.837974,-0.785246,0.195099,
1625007622.510001,0.000000,0.838046,-0.785846,0.195032,
1625007622.514162,0.000000,0.838119,-0.786434,0.194962,
1625007622.518319,0.000000,0.838179,-0.786976,0.194885,
1625007622.522496,0.000000,0.838207,-0.787534,0.194855,
1625007622.526655,0.000000,0.838250,-0.788171,0.194826,
1625007622.530822,0.000000,0.838281,-0.788738,0.194882,
1625007622.535103,0.000000,0.838229,-0.789329,0.194974,
1625007622.539158,0.000000,0.838239,-0.789899,0.195124,
1625007622.601655,0.000000,0.838450,-0.798155,0.195023,
1625007622.605824,0.000000,0.838525,-0.798644,0.194900,
1625007622.610000,0.000000,0.838587,-0.799230,0.194809,
1625007622.614164,0.000000,0.838633,-0.799824,0.194729,
1625007622.618334,0.000000,0.838655,-0.800417,0.194666,
1625007622.622492,0.000000,0.838701,-0.801054,0.194630,
1625007622.626657,0.000000,0.838732,-0.801640,0.194678,
1625007622.630816,0.000000,0.838751,-0.802218,0.194688,
1625007622.635084,0.000000,0.838741,-0.802778,0.194747,
1625007622.639150,0.000000,0.838709,-0.803338,0.194792,
1625007622.701672,0.000000,0.838510,-0.811579,0.194765,
1625007622.705842,0.000000,0.838508,-0.812190,0.194693,
1625007622.709999,0.000000,0.838506,-0.812846,0.194585,
1625007622.714157,0.000000,0.838540,-0.813445,0.194510,
1625007622.718317,0.000000,0.838575,-0.814037,0.194427,
1625007622.722490,0.000000,0.838596,-0.814631,0.194362,
1625007622.726650,0.000000,0.838570,-0.815217,0.194377,
1625007622.730844,0.000000,0.838552,-0.815815,0.194397,
1625007622.735001,0.000000,0.838580,-0.816271,0.194393,
1625007622.739161,0.000000,0.838530,-0.816790,0.194468,
1625007622.801645,0.000000,0.837881,-0.825026,0.194534,
1625007622.805814,0.000000,0.837874,-0.825642,0.194472,
1625007622.809990,0.000000,0.837891,-0.826210,0.194334,
1625007622.814159,0.000000,0.837883,-0.826835,0.194267,
1625007622.818310,0.000000,0.837869,-0.827448,0.194219,
1625007622.822483,0.000000,0.837840,-0.828032,0.194166,
1625007622.826670,0.000000,0.837812,-0.828609,0.194149,
1625007622.830987,0.000000,0.837768,-0.829181,0.194155,
1625007622.834979,0.000000,0.837711,-0.829732,0.194175,
1625007622.839148,0.000000,0.837657,-0.830279,0.194226,
1625007622.901677,0.000000,0.836717,-0.838299,0.194326,
1625007622.905849,0.000000,0.836677,-0.838894,0.194345,
1625007622.909999,0.000000,0.836639,-0.839501,0.194248,
1625007622.914152,0.000000,0.836605,-0.840116,0.194192,
1625007622.918321,0.000000,0.836572,-0.840724,0.194126,
1625007622.922482,0.000000,0.836507,-0.841298,0.194066,
1625007622.926642,0.000000,0.836462,-0.841900,0.194032,
1625007622.930806,0.000000,0.836419,-0.842506,0.194015,
1625007622.935044,0.000000,0.836318,-0.843081,0.194025,
1625007622.939157,0.000000,0.836256,-0.843628,0.194046,
1625007623.001642,0.000000,0.834964,-0.851469,0.194071,
1625007623.005810,0.000000,0.834889,-0.852033,0.194055,
1625007623.009982,0.000000,0.834811,-0.852631,0.194028,
1625007623.014145,0.000000,0.834785,-0.853271,0.193968,
1625007623.018344,0.000000,0.834735,-0.853872,0.193897,
1625007623.022489,0.000000,0.834664,-0.854482,0.193856,
1625007623.026614,0.000000,0.834569,-0.855085,0.193798,
1625007623.030847,0.000000,0.834490,-0.855659,0.193789,
1625007623.034952,0.000000,0.834376,-0.856215,0.193807,
1625007623.039111,0.000000,0.834261,-0.856772,0.193875,
1625007623.101610,0.000000,0.832592,-0.864554,0.194063,
1625007623.105775,0.000000,0.832463,-0.865114,0.194262,
1625007623.109951,0.000000,0.832348,-0.865683,0.194220,
1625007623.114151,0.000000,0.832252,-0.866294,0.194140,
1625007623.118278,0.000000,0.832200,-0.866900,0.194066,
1625007623.122447,0.000000,0.832130,-0.867529,0.193952,
1625007623.126611,0.000000,0.832042,-0.868106,0.193924,
1625007623.130813,0.000000,0.831921,-0.868715,0.193939,
1625007623.135046,0.000000,0.831826,-0.869262,0.193908,
1625007623.139150,0.000000,0.831744,-0.869808,0.193984,
1625007623.201663,0.000000,0.829646,-0.877653,0.193902,
1625007623.205824,0.000000,0.829535,-0.878227,0.193804,
1625007623.209994,0.000000,0.829400,-0.878768,0.193983,
1625007623.214152,0.000000,0.829277,-0.879333,0.193964,
1625007623.218308,0.000000,0.829155,-0.879946,0.193889,
1625007623.222478,0.000000,0.829041,-0.880545,0.193857,
1625007623.226722,0.000000,0.828898,-0.881158,0.193778,
1625007623.230814,0.000000,0.828755,-0.881731,0.193762,
1625007623.235027,0.000000,0.828637,-0.882357,0.193515,
1625007623.239157,0.000000,0.828475,-0.882867,0.193768,
1625007623.301649,0.000000,0.826078,-0.890490,0.194038,
1625007623.305830,0.000000,0.825922,-0.891050,0.194015,
1625007623.309994,0.000000,0.825779,-0.891634,0.193952,
1625007623.314162,0.000000,0.825604,-0.892222,0.193898,
1625007623.318316,0.000000,0.825488,-0.892815,0.193801,
1625007623.322477,0.000000,0.825387,-0.893390,0.193733,
1625007623.326661,0.000000,0.825227,-0.893975,0.193691,
1625007623.330832,0.000000,0.825074,-0.894547,0.193669,
1625007623.334981,0.000000,0.824926,-0.895134,0.193473,
1625007623.339153,0.000000,0.824747,-0.895696,0.193498,
1625007623.401635,0.000000,0.821966,-0.903106,0.194037,
1625007623.405817,0.000000,0.821778,-0.903667,0.194009,
1625007623.409986,0.000000,0.821630,-0.904226,0.193970,
1625007623.414168,0.000000,0.821428,-0.904830,0.193915,
1625007623.418299,0.000000,0.821289,-0.905395,0.193840,
1625007623.422467,0.000000,0.821198,-0.905989,0.193621,
1625007623.426712,0.000000,0.821045,-0.906559,0.193578,
1625007623.430811,0.000000,0.820849,-0.907119,0.193548,
1625007623.434991,0.000000,0.820653,-0.907635,0.193681,
1625007623.439147,0.000000,0.820442,-0.908173,0.193681,
1625007623.501643,0.000000,0.817454,-0.915543,0.193899,
1625007623.505801,0.000000,0.817243,-0.916103,0.193916,
1625007623.509982,0.000000,0.817052,-0.916661,0.193857,
1625007623.514129,0.000000,0.816860,-0.917224,0.193813,
1625007623.518316,0.000000,0.816675,-0.917805,0.193760,
1625007623.522479,0.000000,0.816489,-0.918367,0.193697,
1625007623.526640,0.000000,0.816322,-0.918958,0.193602,
1625007623.530804,0.000000,0.816133,-0.919527,0.193522,
1625007623.534971,0.000000,0.815939,-0.920079,0.193450,
1625007623.539152,0.000000,0.815730,-0.920607,0.193461,
1625007623.601640,0.000000,0.812249,-0.927948,0.193857,
1625007623.605813,0.000000,0.812000,-0.928501,0.193852,
1625007623.609987,0.000000,0.811777,-0.929085,0.193792,
1625007623.614142,0.000000,0.811576,-0.929647,0.193714,
1625007623.618305,0.000000,0.811363,-0.930201,0.193536,
1625007623.622482,0.000000,0.811147,-0.930770,0.193465,
1625007623.626738,0.000000,0.810925,-0.931366,0.193391,
1625007623.630812,0.000000,0.810721,-0.931911,0.193327,
1625007623.635004,0.000000,0.810479,-0.932489,0.193289,
1625007623.639158,0.000000,0.810219,-0.933017,0.193305,
1625007623.701684,0.000000,0.806242,-0.940414,0.193727,
1625007623.705856,0.000000,0.805980,-0.940955,0.193687,
1625007623.710029,0.000000,0.805730,-0.941536,0.193586,
1625007623.714176,0.000000,0.805472,-0.942105,0.193540,
1625007623.718336,0.000000,0.805233,-0.942648,0.193509,
1625007623.722522,0.000000,0.804997,-0.943182,0.193488,
1625007623.726667,0.000000,0.804738,-0.943749,0.193423,
1625007623.730859,0.000000,0.804469,-0.944311,0.193391,
1625007623.735133,0.000000,0.804223,-0.944863,0.193343,
1625007623.739188,0.000000,0.803972,-0.945407,0.193302,
1625007623.801667,0.000000,0.799855,-0.952523,0.193670,
1625007623.805843,0.000000,0.799586,-0.953072,0.193621,
1625007623.810009,0.000000,0.799304,-0.953622,0.193603,
1625007623.814161,0.000000,0.799015,-0.954180,0.193557,
1625007623.818338,0.000000,0.798765,-0.954707,0.193488,
1625007623.822619,0.000000,0.798527,-0.955233,0.193452,
1625007623.826672,0.000000,0.798254,-0.955771,0.193397,
1625007623.830844,0.000000,0.797965,-0.956311,0.193346,
1625007623.835008,0.000000,0.797682,-0.956893,0.193252,
1625007623.839187,0.000000,0.797396,-0.957409,0.193228,
1625007623.901690,0.000000,0.793234,-0.964215,0.193439,
1625007623.905833,0.000000,0.792909,-0.964785,0.193414,
1625007623.909987,0.000000,0.792597,-0.965332,0.193377,
1625007623.914157,0.000000,0.792285,-0.965856,0.193355,
1625007623.918339,0.000000,0.791989,-0.966391,0.193295,
1625007623.922493,0.000000,0.791690,-0.966915,0.193192,
1625007623.926676,0.000000,0.791423,-0.967474,0.193110,
1625007623.930832,0.000000,0.791087,-0.968048,0.193036,
1625007623.934995,0.000000,0.790782,-0.968599,0.192972,
1625007623.939157,0.000000,0.790472,-0.969117,0.192967,
1625007624.001676,0.000000,0.785649,-0.975917,0.193345,
1625007624.005844,0.000000,0.785271,-0.976432,0.193366,
1625007624.010031,0.000000,0.784978,-0.976953,0.193166,
1625007624.014179,0.000000,0.784666,-0.977471,0.193044,
1625007624.018360,0.000000,0.784336,-0.977986,0.193031,
1625007624.022619,0.000000,0.784003,-0.978510,0.193093,
1625007624.026679,0.000000,0.783664,-0.979061,0.193051,
1625007624.030856,0.000000,0.783380,-0.979597,0.192979,
1625007624.035105,0.000000,0.783066,-0.980146,0.192874,
1625007624.039184,0.000000,0.782764,-0.980641,0.192839,
1625007624.101677,0.000000,0.777828,-0.987182,0.193009,
1625007624.105848,0.000000,0.777479,-0.987679,0.192975,
1625007624.110010,0.000000,0.777130,-0.988200,0.192897,
1625007624.114179,0.000000,0.776712,-0.988697,0.192902,
1625007624.118352,0.000000,0.776380,-0.989171,0.192877,
1625007624.122518,0.000000,0.776120,-0.989667,0.192774,
1625007624.126679,0.000000,0.775715,-0.990227,0.192732,
1625007624.130866,0.000000,0.775362,-0.990758,0.192665,
1625007624.135016,0.000000,0.774994,-0.991289,0.192585,
1625007624.139185,0.000000,0.774697,-0.991760,0.192481,
1625007624.201692,0.000000,0.769552,-0.997849,0.192805,
1625007624.205851,0.000000,0.769117,-0.998324,0.192810,
1625007624.210017,0.000000,0.768772,-0.998814,0.192760,
1625007624.214187,0.000000,0.768475,-0.999294,0.192691,
1625007624.218359,0.000000,0.768125,-0.999818,0.192549,
1625007624.222597,0.000000,0.767777,-1.000296,0.192499,
1625007624.226671,0.000000,0.767414,-1.000741,0.192528,
1625007624.230841,0.000000,0.767031,-1.001239,0.192461,
1625007624.235015,0.000000,0.766606,-1.001705,0.192427,
1625007624.239178,0.000000,0.766246,-1.002182,0.192348,
1625007624.301684,0.000000,0.760968,-1.008016,0.192677,
1625007624.305852,0.000000,0.760543,-1.008486,0.192629,
1625007624.310023,0.000000,0.760172,-1.008932,0.192552,
1625007624.314193,0.000000,0.759807,-1.009431,0.192512,
1625007624.318345,0.000000,0.759420,-1.009914,0.192449,
1625007624.322512,0.000000,0.758993,-1.010387,0.192411,
1625007624.326683,0.000000,0.758525,-1.010906,0.192369,
1625007624.330854,0.000000,0.758142,-1.011364,0.192319,
1625007624.335009,0.000000,0.757883,-1.011812,0.192210,
1625007624.339179,0.000000,0.757510,-1.012284,0.192132,
1625007624.401839,0.000000,0.751752,-1.017905,0.192464,
1625007624.405846,0.000000,0.751358,-1.018355,0.192475,
1625007624.410013,0.000000,0.751003,-1.018789,0.192440,
1625007624.414173,0.000000,0.750578,-1.019251,0.192417,
1625007624.418407,0.000000,0.750189,-1.019712,0.192335,
1625007624.422507,0.000000,0.749773,-1.020167,0.192298,
1625007624.426680,0.000000,0.749376,-1.020634,0.192238,
1625007624.430850,0.000000,0.748977,-1.021096,0.192176,
1625007624.435059,0.000000,0.748603,-1.021541,0.192105,
1625007624.439186,0.000000,0.748157,-1.022041,0.192011,
1625007624.501691,0.000000,0.742071,-1.027373,0.192401,
1625007624.505845,0.000000,0.741658,-1.027779,0.192393,
1625007624.510006,0.000000,0.741238,-1.028160,0.192375,
1625007624.514171,0.000000,0.740806,-1.028604,0.192315,
1625007624.518348,0.000000,0.740436,-1.029025,0.192255,
1625007624.522508,0.000000,0.739984,-1.029427,0.192236,
1625007624.526681,0.000000,0.739629,-1.029864,0.192149,
1625007624.530843,0.000000,0.739170,-1.030329,0.192085,
1625007624.535014,0.000000,0.738779,-1.030770,0.192017,
1625007624.539190,0.000000,0.738352,-1.031208,0.191950,
1625007624.601646,0.000000,0.732353,-1.036336,0.192129,
1625007624.605801,0.000000,0.731923,-1.036681,0.192170,
1625007624.609982,0.000000,0.731384,-1.036990,0.192245,
1625007624.614151,0.000000,0.731065,-1.037469,0.192061,
1625007624.618394,0.000000,0.730573,-1.037908,0.192060,
1625007624.622472,0.000000,0.730158,-1.038373,0.191960,
1625007624.626639,0.000000,0.729685,-1.038772,0.191923,
1625007624.630805,0.000000,0.729249,-1.039184,0.191890,
1625007624.634973,0.000000,0.728833,-1.039593,0.191817,
1625007624.639133,0.000000,0.728409,-1.040000,0.191762,
1625007624.701663,0.000000,0.722129,-1.044817,0.191970,
1625007624.705825,0.000000,0.721697,-1.045167,0.191941,
1625007624.710002,0.000000,0.721200,-1.045536,0.191990,
1625007624.714156,0.000000,0.720763,-1.045897,0.191989,
1625007624.718327,0.000000,0.720365,-1.046297,0.191902,
1625007624.722493,0.000000,0.719803,-1.046702,0.191886,
1625007624.726660,0.000000,0.719354,-1.047093,0.191859,
1625007624.730829,0.000000,0.718903,-1.047490,0.191791,
1625007624.735000,0.000000,0.718411,-1.047867,0.191785,
1625007624.739165,0.000000,0.717956,-1.048271,0.191713,
1625007624.801765,0.000000,0.711407,-1.052907,0.191951,
1625007624.805879,0.000000,0.711002,-1.053214,0.191954,
1625007624.810041,0.000000,0.710342,-1.053508,0.192051,
1625007624.814203,0.000000,0.709915,-1.053864,0.192021,
1625007624.818463,0.000000,0.709424,-1.054219,0.192018,
1625007624.822539,0.000000,0.709112,-1.054662,0.191849,
1625007624.826708,0.000000,0.708627,-1.055036,0.191796,
1625007624.830868,0.000000,0.708103,-1.055421,0.191753,
1625007624.835039,0.000000,0.707588,-1.055810,0.191705,
1625007624.839201,0.000000,0.707126,-1.056196,0.191632,
1625007624.901706,0.000000,0.700472,-1.060443,0.192000,
1625007624.905883,0.000000,0.699925,-1.060727,0.192049,
1625007624.910054,0.000000,0.699519,-1.061107,0.191918,
1625007624.914205,0.000000,0.698985,-1.061423,0.191951,
1625007624.918376,0.000000,0.698532,-1.061744,0.191927,
1625007624.922531,0.000000,0.698014,-1.062086,0.191930,
1625007624.926701,0.000000,0.697529,-1.062389,0.191931,
1625007624.930876,0.000000,0.696935,-1.062733,0.191973,
1625007624.935056,0.000000,0.696471,-1.063085,0.191916,
1625007624.939198,0.000000,0.695987,-1.063455,0.191844,
1625007625.001714,0.000000,0.688950,-1.067443,0.192231,
1625007625.005878,0.000000,0.688536,-1.067708,0.192194,
1625007625.010020,0.000000,0.688015,-1.067993,0.192212,
1625007625.014285,0.000000,0.687547,-1.068304,0.192182,
1625007625.018354,0.000000,0.687072,-1.068589,0.192146,
1625007625.022523,0.000000,0.686579,-1.068997,0.192053,
1625007625.026683,0.000000,0.686217,-1.069345,0.191947,
1625007625.030897,0.000000,0.685769,-1.069697,0.191848,
1625007625.035026,0.000000,0.685238,-1.069991,0.191825,
1625007625.039193,0.000000,0.684830,-1.070309,0.191753,
1625007625.101659,0.000000,0.677610,-1.074014,0.192133,
1625007625.105836,0.000000,0.677185,-1.074266,0.192112,
1625007625.110002,0.000000,0.676687,-1.074516,0.192112,
1625007625.114168,0.000000,0.676180,-1.074803,0.192052,
1625007625.118320,0.000000,0.675670,-1.075077,0.192041,
1625007625.122494,0.000000,0.675157,-1.075348,0.192031,
1625007625.126659,0.000000,0.674601,-1.075631,0.192045,
1625007625.130823,0.000000,0.674103,-1.075939,0.191984,
1625007625.135045,0.000000,0.673603,-1.076239,0.191961,
1625007625.139158,0.000000,0.673066,-1.076537,0.191955,
1625007625.201657,0.000000,0.665641,-1.080117,0.192155,
1625007625.205833,0.000000,0.665081,-1.080317,0.192237,
1625007625.209996,0.000000,0.664567,-1.080534,0.192267,
1625007625.214309,0.000000,0.664077,-1.080747,0.192274,
1625007625.218315,0.000000,0.663583,-1.081017,0.192230,
1625007625.222474,0.000000,0.663075,-1.081293,0.192186,
1625007625.226683,0.000000,0.662480,-1.081567,0.192214,
1625007625.230852,0.000000,0.661983,-1.081852,0.192118,
1625007625.234981,0.000000,0.661545,-1.082131,0.192025,
1625007625.239145,0.000000,0.660994,-1.082431,0.192006,
1625007625.301800,0.000000,0.653230,-1.085654,0.192301,
1625007625.305864,0.000000,0.652715,-1.085832,0.192368,
1625007625.310032,0.000000,0.652248,-1.086087,0.192289,
1625007625.314246,0.000000,0.651819,-1.086313,0.192172,
1625007625.318409,0.000000,0.651232,-1.086547,0.192243,
1625007625.322524,0.000000,0.650616,-1.086799,0.192212,
1625007625.326695,0.000000,0.650107,-1.087078,0.192159,
1625007625.330869,0.000000,0.649544,-1.087312,0.192174,
1625007625.335065,0.000000,0.648951,-1.087576,0.192089,
1625007625.339196,0.000000,0.648406,-1.087835,0.192023,
1625007625.401714,0.000000,0.640487,-1.090727,0.192363,
1625007625.405881,0.000000,0.640041,-1.090898,0.192335,
1625007625.410089,0.000000,0.639481,-1.091109,0.192328,
1625007625.414184,0.000000,0.638946,-1.091312,0.192329,
1625007625.418341,0.000000,0.638489,-1.091549,0.192260,
1625007625.422508,0.000000,0.637934,-1.091768,0.192248,
1625007625.426686,0.000000,0.637268,-1.092002,0.192301,
1625007625.430854,0.000000,0.636704,-1.092243,0.192248,
1625007625.435025,0.000000,0.636107,-1.092494,0.192206,
1625007625.439183,0.000000,0.635589,-1.092753,0.192086,
1625007625.501680,0.000000,0.627645,-1.095369,0.192277,
1625007625.505856,0.000000,0.627150,-1.095523,0.192256,
1625007625.510033,0.000000,0.626524,-1.095687,0.192321,
1625007625.514215,0.000000,0.625978,-1.095857,0.192343,
1625007625.518361,0.000000,0.625453,-1.096050,0.192288,
1625007625.522521,0.000000,0.624846,-1.096276,0.192236,
1625007625.526690,0.000000,0.624266,-1.096504,0.192178,
1625007625.530862,0.000000,0.623716,-1.096717,0.192139,
1625007625.535083,0.000000,0.623167,-1.096938,0.192064,
1625007625.539202,0.000000,0.622589,-1.097152,0.192008,
1625007625.601686,0.000000,0.614421,-1.099468,0.192111,
1625007625.605931,0.000000,0.613845,-1.099566,0.192199,
1625007625.610097,0.000000,0.613292,-1.099691,0.192235,
1625007625.614193,0.000000,0.612751,-1.099855,0.192233,
1625007625.618360,0.000000,0.612163,-1.100032,0.192232,
1625007625.622529,0.000000,0.611595,-1.100219,0.192164,
1625007625.626698,0.000000,0.611025,-1.100390,0.192153,
1625007625.630866,0.000000,0.610446,-1.100576,0.192114,
1625007625.635034,0.000000,0.609865,-1.100766,0.192082,
1625007625.639195,0.000000,0.609353,-1.100958,0.192000,
1625007625.701692,0.000000,0.601164,-1.102907,0.192063,
1625007625.705858,0.000000,0.600701,-1.103019,0.192061,
1625007625.710020,0.000000,0.600123,-1.103133,0.192049,
1625007625.714191,0.000000,0.599585,-1.103230,0.192073,
1625007625.718355,0.000000,0.599029,-1.103377,0.192044,
1625007625.722529,0.000000,0.598450,-1.103541,0.191962,
1625007625.726696,0.000000,0.597815,-1.103689,0.191956,
1625007625.730901,0.000000,0.597312,-1.103874,0.191861,
1625007625.735004,0.000000,0.596734,-1.104037,0.191808,
1625007625.739187,0.000000,0.596139,-1.104219,0.191738,
1625007625.801710,0.000000,0.588053,-1.105788,0.191852,
1625007625.805864,0.000000,0.587469,-1.105899,0.191844,
1625007625.810110,0.000000,0.586975,-1.105956,0.191892,
1625007625.814204,0.000000,0.586431,-1.106044,0.191882,
1625007625.818349,0.000000,0.585864,-1.106166,0.191867,
1625007625.822486,0.000000,0.585306,-1.106305,0.191828,
1625007625.826664,0.000000,0.584693,-1.106427,0.191800,
1625007625.830822,0.000000,0.584122,-1.106580,0.191720,
1625007625.835739,0.000000,0.583440,-1.106704,0.191710,
1625007625.839140,0.000000,0.582870,-1.106830,0.191674,
1625007625.901666,0.000000,0.574828,-1.108047,0.191807,
1625007625.905836,0.000000,0.574238,-1.108117,0.191720,
1625007625.909999,0.000000,0.573693,-1.108143,0.191792,
1625007625.914165,0.000000,0.573165,-1.108198,0.191794,
1625007625.918396,0.000000,0.572645,-1.108273,0.191798,
1625007625.922524,0.000000,0.572005,-1.108364,0.191762,
1625007625.926693,0.000000,0.571396,-1.108472,0.191722,
1625007625.930863,0.000000,0.570745,-1.108583,0.191662,
1625007625.935023,0.000000,0.570257,-1.108703,0.191572,
1625007625.939272,0.000000,0.569649,-1.108818,0.191522,
1625007626.001692,0.000000,0.561450,-1.109670,0.191807,
1625007626.005957,0.000000,0.561025,-1.109747,0.191768,
1625007626.010031,0.000000,0.560468,-1.109779,0.191828,
1625007626.014199,0.000000,0.559911,-1.109799,0.191849,
1625007626.018355,0.000000,0.559444,-1.109851,0.191819,
1625007626.022523,0.000000,0.558636,-1.109824,0.191993,
1625007626.026687,0.000000,0.558280,-1.109943,0.191844,
1625007626.030862,0.000000,0.557546,-1.110007,0.191766,
1625007626.035028,0.000000,0.556807,-1.110064,0.191771,
1625007626.039218,0.000000,0.556196,-1.110138,0.191705,
1625007626.101686,0.000000,0.548052,-1.110696,0.191809,
1625007626.105851,0.000000,0.547571,-1.110681,0.191838,
1625007626.110019,0.000000,0.546973,-1.110691,0.191840,
1625007626.114185,0.000000,0.546459,-1.110684,0.191891,
1625007626.118355,0.000000,0.546012,-1.110712,0.191893,
1625007626.122519,0.000000,0.545378,-1.110746,0.191869,
1625007626.126693,0.000000,0.544887,-1.110792,0.191871,
1625007626.130858,0.000000,0.544335,-1.110831,0.191852,
1625007626.135020,0.000000,0.543795,-1.110907,0.191763,
1625007626.139264,0.000000,0.543202,-1.110977,0.191702,
1625007626.201683,0.000000,0.534931,-1.111215,0.191675,
1625007626.205931,0.000000,0.534422,-1.111163,0.191784,
1625007626.210016,0.000000,0.533961,-1.111157,0.191758,
1625007626.214192,0.000000,0.533390,-1.111152,0.191743,
1625007626.218364,0.000000,0.532834,-1.111105,0.191793,
1625007626.222526,0.000000,0.532244,-1.111148,0.191780,
1625007626.226693,0.000000,0.531686,-1.111174,0.191749,
1625007626.230858,0.000000,0.531097,-1.111207,0.191709,
1625007626.235058,0.000000,0.530515,-1.111219,0.191687,
1625007626.239190,0.000000,0.529875,-1.111252,0.191637,
1625007626.297518,0.000000,0.522087,-1.111100,0.191786,
1625007626.301690,0.000000,0.521604,-1.111054,0.191791,
1625007626.305852,0.000000,0.521119,-1.111013,0.191793,
1625007626.310022,0.000000,0.520646,-1.110980,0.191849,
1625007626.314180,0.000000,0.520166,-1.110948,0.191858,
1625007626.318345,0.000000,0.519643,-1.110926,0.191863,
1625007626.322503,0.000000,0.519093,-1.110911,0.191804,
1625007626.326703,0.000000,0.518542,-1.110872,0.191824,
1625007626.330842,0.000000,0.517950,-1.110862,0.191784,
1625007626.335047,0.000000,0.517392,-1.110866,0.191742,
1625007626.501646,0.000000,0.495055,-1.109106,0.191782,
1625007626.505821,0.000000,0.494629,-1.109043,0.191780,
1625007626.509976,0.000000,0.494149,-1.108969,0.191795,
1625007626.514139,0.000000,0.493677,-1.108870,0.191836,
1625007626.518302,0.000000,0.493168,-1.108803,0.191815,
1625007626.522509,0.000000,0.492621,-1.108714,0.191841,
1625007626.526681,0.000000,0.492056,-1.108671,0.191830,
1625007626.530859,0.000000,0.491477,-1.108590,0.191832,
1625007626.535151,0.000000,0.490842,-1.108564,0.191788,
1625007626.539188,0.000000,0.490274,-1.108527,0.191750,
1625007626.601759,0.000000,0.482031,-1.107317,0.191756,
1625007626.605879,0.000000,0.481474,-1.107204,0.191861,
1625007626.610023,0.000000,0.480968,-1.107058,0.191933,
1625007626.614201,0.000000,0.480500,-1.106981,0.191943,
1625007626.618358,0.000000,0.480056,-1.106905,0.191922,
1625007626.622508,0.000000,0.479499,-1.106789,0.191866,
1625007626.626700,0.000000,0.478923,-1.106705,0.191901,
1625007626.630839,0.000000,0.478344,-1.106601,0.191852,
1625007626.635017,0.000000,0.477772,-1.106518,0.191843,
1625007626.639174,0.000000,0.477197,-1.106433,0.191831,
1625007626.701691,0.000000,0.468943,-1.104854,0.191985,
1625007626.705847,0.000000,0.468449,-1.104728,0.192018,
1625007626.710021,0.000000,0.467933,-1.104560,0.192057,
1625007626.714178,0.000000,0.467364,-1.104393,0.192110,
1625007626.718343,0.000000,0.466943,-1.104297,0.192082,
1625007626.722511,0.000000,0.466422,-1.104213,0.192090,
1625007626.726676,0.000000,0.465858,-1.104054,0.192104,
1625007626.730831,0.000000,0.465283,-1.103909,0.192127,
1625007626.735159,0.000000,0.464635,-1.103788,0.192142,
1625007626.739175,0.000000,0.464152,-1.103708,0.192081,
1625007626.801746,0.000000,0.455767,-1.101793,0.192065,
1625007626.805827,0.000000,0.455300,-1.101624,0.192130,
1625007626.809989,0.000000,0.454760,-1.101486,0.192167,
1625007626.814155,0.000000,0.454240,-1.101326,0.192217,
1625007626.818339,0.000000,0.453756,-1.101164,0.192257,
1625007626.822768,0.000000,0.453274,-1.101006,0.192243,
1625007626.826664,0.000000,0.452802,-1.100865,0.192212,
1625007626.830813,0.000000,0.452303,-1.100720,0.192199,
1625007626.835018,0.000000,0.451733,-1.100542,0.192270,
1625007626.839178,0.000000,0.451160,-1.100400,0.192246,
