1625009339.888598,0.000000,0.566944,-0.496373,0.198559,
1625009339.892818,0.000000,0.566941,-0.496368,0.198565,
1625009339.896922,0.000000,0.566946,-0.496371,0.198563,
1625009339.901087,0.000000,0.566941,-0.496370,0.198567,
1625009339.905253,0.000000,0.566941,-0.496367,0.198553,
1625009339.909415,0.000000,0.566942,-0.496372,0.198558,
1625009339.913584,0.000000,0.566947,-0.496368,0.198545,
1625009339.917754,0.000000,0.566939,-0.496371,0.198552,
1625009339.921921,0.000000,0.566933,-0.496365,0.198559,
1625009339.926081,0.000000,0.566938,-0.496369,0.198561,
1625009339.930251,0.000000,0.566938,-0.496374,0.198564,
1625009339.934415,0.000000,0.566940,-0.496374,0.198564,
1625009339.938585,0.000000,0.566936,-0.496372,0.198563,
1625009339.942746,0.000000,0.566940,-0.496366,0.198553,
1625009339.946915,0.000000,0.566930,-0.496366,0.198555,
1625009339.951090,0.000000,0.566947,-0.496374,0.198554,
1625009339.955257,0.000000,0.566953,-0.496371,0.198553,
1625009339.959507,0.000000,0.566944,-0.496367,0.198552,
1625009339.963585,0.000000,0.566939,-0.496367,0.198555,
1625009339.967751,0.000000,0.566928,-0.496370,0.198559,
1625009339.971913,0.000000,0.566939,-0.496373,0.198558,
1625009339.976076,0.000000,0.566945,-0.496369,0.198561,
1625009339.980245,0.000000,0.566943,-0.496368,0.198555,
1625009339.984411,0.000000,0.566952,-0.496370,0.198555,
1625009339.988582,0.000000,0.566939,-0.496368,0.198551,
1625009339.992746,0.000000,0.566940,-0.496369,0.198549,
1625009339.996915,0.000000,0.566943,-0.496369,0.198555,
1625009340.001080,0.000000,0.566950,-0.496371,0.198553,
1625009350.567782,0.000000,0.566938,-0.496363,0.198553,
1625009350.571955,0.000000,0.566941,-0.496367,0.198557,
1625009350.576118,0.000000,0.566944,-0.496365,0.198550,
1625009350.580284,0.000000,0.566946,-0.496366,0.198557,
1625009350.584450,0.000000,0.566944,-0.496368,0.198548,
1625009350.588623,0.000000,0.566942,-0.496376,0.198556,
1625009350.592786,0.000000,0.566939,-0.496374,0.198550,
1625009350.596949,0.000000,0.566945,-0.496365,0.198545,
1625009350.601115,0.000000,0.566949,-0.496368,0.198559,
1625009350.605286,0.000000,0.566931,-0.496366,0.198563,
1625009350.693702,0.000000,0.566940,-0.496370,0.198565,
1625009350.655279,0.000000,0.566942,-0.496362,0.198551,
1625009350.659446,0.000000,0.566944,-0.496364,0.198562,
1625009350.663612,0.000000,0.566937,-0.496358,0.198554,
1625009350.667783,0.000000,0.566933,-0.496364,0.198549,
1625009350.755318,0.000000,0.567225,-0.496461,0.198625,
1625009350.759477,0.000000,0.567463,-0.496508,0.198644,
1625009350.763646,0.000000,0.567785,-0.496576,0.198646,
1625009350.767818,0.000000,0.568153,-0.496657,0.198653,
1625009350.771987,0.000000,0.568597,-0.496741,0.198670,
1625009350.776158,0.000000,0.569086,-0.496814,0.198667,
1625009350.780307,0.000000,0.569583,-0.496898,0.198689,
1625009350.784498,0.000000,0.570095,-0.496945,0.198676,
1625009350.788655,0.000000,0.570631,-0.497008,0.198648,
1625009350.792828,0.000000,0.571175,-0.497048,0.198616,
1625009350.855330,0.000000,0.579498,-0.498178,0.198413,
1625009350.859488,0.000000,0.580012,-0.498291,0.198446,
1625009350.863643,0.000000,0.580519,-0.498419,0.198470,
1625009350.867826,0.000000,0.581011,-0.498543,0.198498,
1625009350.872080,0.000000,0.581538,-0.498659,0.198530,
1625009350.876166,0.000000,0.582064,-0.498785,0.198557,
1625009350.880330,0.000000,0.582565,-0.498896,0.198556,
1625009350.884475,0.000000,0.583103,-0.498993,0.198529,
1625009350.888664,0.000000,0.583694,-0.499090,0.198476,
1625009350.892826,0.000000,0.584305,-0.499217,0.198477,
1625009350.955315,0.000000,0.592685,-0.500737,0.198283,
1625009350.959632,0.000000,0.593180,-0.500871,0.198328,
1625009350.963654,0.000000,0.593700,-0.500989,0.198347,
1625009350.967813,0.000000,0.594165,-0.501168,0.198374,
1625009350.971998,0.000000,0.594662,-0.501297,0.198382,
1625009350.976170,0.000000,0.595170,-0.501437,0.198348,
1625009350.980335,0.000000,0.595710,-0.501564,0.198366,
1625009350.984508,0.000000,0.596266,-0.501713,0.198382,
1625009350.988671,0.000000,0.596805,-0.501815,0.198361,
1625009350.992829,0.000000,0.597362,-0.501943,0.198350,
1625009351.055322,0.000000,0.605871,-0.503851,0.197988,
1625009351.059508,0.000000,0.606352,-0.504018,0.198131,
1625009351.063671,0.000000,0.606815,-0.504189,0.198174,
1625009351.067822,0.000000,0.607216,-0.504328,0.198051,
1625009351.072259,0.000000,0.607679,-0.504493,0.198057,
1625009351.076160,0.000000,0.608257,-0.504681,0.198232,
1625009351.080406,0.000000,0.608760,-0.504823,0.198231,
1625009351.084486,0.000000,0.609222,-0.504975,0.198089,
1625009351.088717,0.000000,0.609791,-0.505195,0.198099,
1625009351.092829,0.000000,0.610284,-0.505338,0.198059,
1625009351.155326,0.000000,0.618701,-0.507589,0.197846,
1625009351.159506,0.000000,0.619160,-0.507772,0.197890,
1625009351.163671,0.000000,0.619637,-0.507959,0.197922,
1625009351.167813,0.000000,0.620115,-0.508156,0.197956,
1625009351.171979,0.000000,0.620596,-0.508291,0.197926,
1625009351.176163,0.000000,0.621124,-0.508513,0.197943,
1625009351.180318,0.000000,0.621596,-0.508705,0.197962,
1625009351.184490,0.000000,0.622108,-0.508867,0.197966,
1625009351.188658,0.000000,0.622650,-0.509041,0.197945,
1625009351.192820,0.000000,0.623182,-0.509209,0.197932,
1625009351.255312,0.000000,0.631456,-0.511858,0.197695,
1625009351.259477,0.000000,0.631921,-0.512048,0.197741,
1625009351.263666,0.000000,0.632359,-0.512231,0.197762,
1625009351.267897,0.000000,0.632774,-0.512431,0.197784,
1625009351.272010,0.000000,0.633202,-0.512627,0.197789,
1625009351.276157,0.000000,0.633689,-0.512807,0.197797,
1625009351.280322,0.000000,0.634135,-0.513012,0.197822,
1625009351.284495,0.000000,0.634618,-0.513207,0.197820,
1625009351.288666,0.000000,0.635092,-0.513387,0.197815,
1625009351.292843,0.000000,0.635586,-0.513612,0.197828,
1625009351.355321,0.000000,0.643811,-0.516641,0.197620,
1625009351.359750,0.000000,0.644243,-0.516886,0.197682,
1625009351.363663,0.000000,0.644660,-0.517159,0.197735,
1625009351.367836,0.000000,0.645087,-0.517400,0.197766,
1625009351.371983,0.000000,0.645535,-0.517608,0.197784,
1625009351.376165,0.000000,0.645995,-0.517851,0.197809,
1625009351.380321,0.000000,0.646503,-0.518074,0.197839,
1625009351.384511,0.000000,0.646982,-0.518284,0.197853,
1625009351.388650,0.000000,0.647436,-0.518492,0.197823,
1625009351.392830,0.000000,0.647937,-0.518696,0.197815,
1625009351.455315,0.000000,0.656098,-0.522123,0.197522,
1625009351.459492,0.000000,0.656531,-0.522368,0.197601,
1625009351.463658,0.000000,0.656945,-0.522598,0.197640,
1625009351.467908,0.000000,0.657380,-0.522858,0.197716,
1625009351.471985,0.000000,0.657801,-0.523108,0.197701,
1625009351.476146,0.000000,0.658232,-0.523349,0.197730,
1625009351.480319,0.000000,0.658674,-0.523577,0.197755,
1625009351.484483,0.000000,0.659142,-0.523810,0.197763,
1625009351.488665,0.000000,0.659640,-0.524062,0.197769,
1625009351.492815,0.000000,0.660135,-0.524320,0.197758,
1625009351.555341,0.000000,0.668047,-0.528061,0.197468,
1625009351.559490,0.000000,0.668474,-0.528332,0.197534,
1625009351.563666,0.000000,0.668905,-0.528595,0.197606,
1625009351.567827,0.000000,0.669318,-0.528851,0.197650,
1625009351.571972,0.000000,0.669758,-0.529116,0.197670,
1625009351.576154,0.000000,0.670189,-0.529375,0.197689,
1625009351.580320,0.000000,0.670625,-0.529636,0.197693,
1625009351.584481,0.000000,0.671039,-0.529909,0.197720,
1625009351.588660,0.000000,0.671504,-0.530160,0.197750,
1625009351.592816,0.000000,0.671954,-0.530457,0.197757,
1625009351.655316,0.000000,0.679727,-0.534540,0.197418,
1625009351.659485,0.000000,0.680161,-0.534853,0.197476,
1625009351.663655,0.000000,0.680564,-0.535125,0.197542,
1625009351.667901,0.000000,0.680965,-0.535377,0.197611,
1625009351.671979,0.000000,0.681350,-0.535627,0.197640,
1625009351.676143,0.000000,0.681746,-0.535904,0.197679,
1625009351.680305,0.000000,0.682145,-0.536191,0.197717,
1625009351.684481,0.000000,0.682587,-0.536498,0.197732,
1625009351.688649,0.000000,0.683011,-0.536778,0.197762,
1625009351.692814,0.000000,0.683450,-0.537061,0.197770,
1625009351.755311,0.000000,0.691014,-0.541466,0.197437,
1625009351.759485,0.000000,0.691464,-0.541769,0.197453,
1625009351.763657,0.000000,0.691888,-0.542085,0.197517,
1625009351.767819,0.000000,0.692314,-0.542387,0.197559,
1625009351.771971,0.000000,0.692702,-0.542682,0.197588,
1625009351.776144,0.000000,0.693113,-0.542984,0.197646,
1625009351.780315,0.000000,0.693492,-0.543274,0.197717,
1625009351.784474,0.000000,0.693889,-0.543566,0.197750,
1625009351.788658,0.000000,0.694314,-0.543888,0.197744,
1625009351.792828,0.000000,0.694756,-0.544189,0.197772,
1625009351.855315,0.000000,0.702136,-0.548898,0.197400,
1625009351.859484,0.000000,0.702567,-0.549229,0.197449,
1625009351.863730,0.000000,0.703003,-0.549582,0.197502,
1625009351.867834,0.000000,0.703401,-0.549943,0.197583,
1625009351.872025,0.000000,0.703764,-0.550263,0.197667,
1625009351.876129,0.000000,0.704178,-0.550605,0.197704,
1625009351.880298,0.000000,0.704548,-0.550921,0.197737,
1625009351.884542,0.000000,0.704967,-0.551252,0.197710,
1625009351.888651,0.000000,0.705390,-0.551562,0.197731,
1625009351.892816,0.000000,0.705813,-0.551890,0.197748,
1625009351.955304,0.000000,0.713014,-0.556947,0.197389,
1625009351.959489,0.000000,0.713443,-0.557324,0.197447,
1625009351.963649,0.000000,0.713847,-0.557678,0.197502,
1625009351.967843,0.000000,0.714252,-0.558039,0.197551,
1625009351.971981,0.000000,0.714637,-0.558405,0.197619,
1625009351.976158,0.000000,0.715037,-0.558744,0.197632,
1625009351.980325,0.000000,0.715420,-0.559095,0.197676,
1625009351.984496,0.000000,0.715802,-0.559442,0.197689,
1625009351.988650,0.000000,0.716194,-0.559768,0.197715,
1625009351.992816,0.000000,0.716599,-0.560128,0.197734,
1625009352.055311,0.000000,0.723576,-0.565562,0.197245,
1625009352.059479,0.000000,0.724015,-0.565974,0.197321,
1625009352.063742,0.000000,0.724450,-0.566382,0.197396,
1625009352.067807,0.000000,0.724881,-0.566782,0.197457,
1625009352.071973,0.000000,0.725297,-0.567185,0.197514,
1625009352.076155,0.000000,0.725669,-0.567594,0.197573,
1625009352.080324,0.000000,0.726061,-0.567950,0.197616,
1625009352.084485,0.000000,0.726463,-0.568318,0.197619,
1625009352.088655,0.000000,0.726865,-0.568719,0.197645,
1625009352.092828,0.000000,0.727285,-0.569107,0.197645,
1625009352.155352,0.000000,0.733980,-0.574762,0.197364,
1625009352.159488,0.000000,0.734358,-0.575161,0.197427,
1625009352.163646,0.000000,0.734754,-0.575583,0.197426,
1625009352.167815,0.000000,0.735158,-0.575993,0.197485,
1625009352.171979,0.000000,0.735500,-0.576371,0.197537,
1625009352.176152,0.000000,0.735876,-0.576781,0.197561,
1625009352.180322,0.000000,0.736259,-0.577156,0.197581,
1625009352.184485,0.000000,0.736617,-0.577536,0.197587,
1625009352.188636,0.000000,0.736996,-0.577943,0.197606,
1625009352.192817,0.000000,0.737373,-0.578335,0.197598,
1625009352.255335,0.000000,0.743981,-0.584383,0.197182,
1625009352.259499,0.000000,0.744364,-0.584809,0.197253,
1625009352.263721,0.000000,0.744706,-0.585232,0.197302,
1625009352.267816,0.000000,0.745079,-0.585663,0.197452,
1625009352.271973,0.000000,0.745443,-0.586082,0.197502,
1625009352.276156,0.000000,0.745773,-0.586478,0.197539,
1625009352.280325,0.000000,0.746127,-0.586885,0.197557,
1625009352.284488,0.000000,0.746475,-0.587291,0.197582,
1625009352.288642,0.000000,0.746860,-0.587665,0.197604,
1625009352.292812,0.000000,0.747221,-0.588079,0.197606,
1625009352.355327,0.000000,0.753446,-0.594397,0.197148,
1625009352.359485,0.000000,0.753796,-0.594850,0.197213,
1625009352.363645,0.000000,0.754140,-0.595304,0.197243,
1625009352.367821,0.000000,0.754476,-0.595711,0.197276,
1625009352.371979,0.000000,0.754804,-0.596151,0.197328,
1625009352.376145,0.000000,0.755130,-0.596563,0.197359,
1625009352.380323,0.000000,0.755460,-0.596975,0.197378,
1625009352.384486,0.000000,0.755790,-0.597364,0.197403,
1625009352.388647,0.000000,0.756137,-0.597759,0.197406,
1625009352.393092,0.000000,0.756477,-0.598198,0.197456,
1625009352.455308,0.000000,0.762410,-0.604737,0.196873,
1625009352.459567,0.000000,0.762736,-0.605179,0.196931,
1625009352.463652,0.000000,0.763048,-0.605640,0.197030,
1625009352.467814,0.000000,0.763368,-0.606106,0.197093,
1625009352.471964,0.000000,0.763678,-0.606527,0.197125,
1625009352.476135,0.000000,0.763967,-0.606937,0.197164,
1625009352.480324,0.000000,0.764279,-0.607335,0.197189,
1625009352.484481,0.000000,0.764595,-0.607730,0.197185,
1625009352.488644,0.000000,0.764914,-0.608156,0.197181,
1625009352.492809,0.000000,0.765223,-0.608592,0.197212,
1625009352.555310,0.000000,0.770771,-0.615242,0.196824,
1625009352.559451,0.000000,0.771061,-0.615679,0.196860,
1625009352.563617,0.000000,0.771400,-0.616143,0.196915,
1625009352.567784,0.000000,0.771689,-0.616629,0.197007,
1625009352.571947,0.000000,0.771979,-0.617078,0.197086,
1625009352.576115,0.000000,0.772252,-0.617485,0.197126,
1625009352.580282,0.000000,0.772552,-0.617910,0.197120,
1625009352.584446,0.000000,0.772833,-0.618324,0.197103,
1625009352.588608,0.000000,0.773108,-0.618760,0.197090,
1625009352.592992,0.000000,0.773397,-0.619173,0.197085,
1625009352.655311,0.000000,0.778767,-0.626104,0.196468,
1625009352.659693,0.000000,0.779045,-0.626515,0.196444,
1625009352.663638,0.000000,0.779352,-0.627037,0.196523,
1625009352.667807,0.000000,0.779598,-0.627472,0.196538,
1625009352.671977,0.000000,0.779854,-0.627915,0.196599,
1625009352.676137,0.000000,0.780141,-0.628507,0.196630,
1625009352.680338,0.000000,0.780396,-0.628904,0.196714,
1625009352.684488,0.000000,0.780654,-0.629326,0.196736,
1625009352.688637,0.000000,0.780894,-0.629730,0.196785,
1625009352.692793,0.000000,0.781187,-0.630202,0.196821,
1625009352.755311,0.000000,0.786102,-0.637175,0.196262,
1625009352.759478,0.000000,0.786382,-0.637655,0.196261,
1625009352.763638,0.000000,0.786654,-0.638142,0.196363,
1625009352.767808,0.000000,0.786890,-0.638593,0.196405,
1625009352.771971,0.000000,0.787155,-0.639125,0.196445,
1625009352.776146,0.000000,0.787392,-0.639555,0.196522,
1625009352.780296,0.000000,0.787624,-0.639931,0.196602,
1625009352.784471,0.000000,0.787842,-0.640354,0.196699,
1625009352.788648,0.000000,0.788073,-0.640818,0.196726,
1625009352.792898,0.000000,0.788300,-0.641274,0.196742,
1625009352.855399,0.000000,0.793008,-0.648783,0.196003,
1625009352.859475,0.000000,0.793285,-0.649301,0.196117,
1625009352.863648,0.000000,0.793562,-0.649797,0.196137,
1625009352.867806,0.000000,0.793780,-0.650277,0.196211,
1625009352.871960,0.000000,0.794030,-0.650743,0.196269,
1625009352.876125,0.000000,0.794226,-0.651163,0.196292,
1625009352.880323,0.000000,0.794400,-0.651577,0.196286,
1625009352.884501,0.000000,0.794613,-0.652009,0.196324,
1625009352.888633,0.000000,0.794820,-0.652484,0.196332,
1625009352.892802,0.000000,0.795040,-0.652969,0.196425,
1625009352.955309,0.000000,0.799313,-0.660488,0.195991,
1625009352.959475,0.000000,0.799530,-0.660999,0.196051,
1625009352.963637,0.000000,0.799755,-0.661488,0.196077,
1625009352.967804,0.000000,0.800001,-0.661954,0.196013,
1625009352.971968,0.000000,0.800204,-0.662423,0.196077,
1625009352.976136,0.000000,0.800407,-0.662772,0.196207,
1625009352.980296,0.000000,0.800598,-0.663258,0.196265,
1625009352.984475,0.000000,0.800765,-0.663710,0.196287,
1625009352.988733,0.000000,0.801001,-0.664156,0.196286,
1625009352.992810,0.000000,0.801158,-0.664622,0.196324,
1625009353.055404,0.000000,0.805161,-0.672330,0.195837,
1625009353.059468,0.000000,0.805362,-0.672864,0.195830,
1625009353.063635,0.000000,0.805597,-0.673425,0.195918,
1625009353.067800,0.000000,0.805791,-0.673953,0.195990,
1625009353.071958,0.000000,0.805994,-0.674439,0.196052,
1625009353.076141,0.000000,0.806167,-0.674905,0.196123,
1625009353.080298,0.000000,0.806343,-0.675378,0.196165,
1625009353.084461,0.000000,0.806526,-0.675818,0.196178,
1625009353.088628,0.000000,0.806712,-0.676277,0.196209,
1625009353.092796,0.000000,0.806889,-0.676754,0.196211,
1625009353.155292,0.000000,0.810398,-0.684642,0.195861,
1625009353.159463,0.000000,0.810635,-0.685186,0.195863,
1625009353.163631,0.000000,0.810818,-0.685738,0.195821,
1625009353.167798,0.000000,0.810993,-0.686251,0.195849,
1625009353.171971,0.000000,0.811196,-0.686791,0.195943,
1625009353.176203,0.000000,0.811360,-0.687280,0.196018,
1625009353.180367,0.000000,0.811466,-0.687737,0.196083,
1625009353.184530,0.000000,0.811615,-0.688187,0.196091,
1625009353.188787,0.000000,0.811759,-0.688642,0.196118,
1625009353.192874,0.000000,0.811899,-0.689105,0.196061,
1625009353.255464,0.000000,0.815097,-0.697116,0.195684,
1625009353.259568,0.000000,0.815295,-0.697681,0.195727,
1625009353.263707,0.000000,0.815448,-0.698237,0.195765,
1625009353.267872,0.000000,0.815585,-0.698741,0.195831,
1625009353.272039,0.000000,0.815742,-0.699279,0.195898,
1625009353.276207,0.000000,0.815904,-0.699824,0.195918,
1625009353.280388,0.000000,0.816036,-0.700310,0.196003,
1625009353.284542,0.000000,0.816185,-0.700787,0.196102,
1625009353.288706,0.000000,0.816302,-0.701240,0.196107,
1625009353.292874,0.000000,0.816427,-0.701680,0.196142,
1625009353.355371,0.000000,0.819229,-0.709744,0.195768,
1625009353.359540,0.000000,0.819442,-0.710302,0.195733,
1625009353.363708,0.000000,0.819594,-0.710848,0.195683,
1625009353.367889,0.000000,0.819723,-0.711356,0.195696,
1625009353.372048,0.000000,0.819863,-0.711902,0.195758,
1625009353.376219,0.000000,0.819997,-0.712449,0.195841,
1625009353.380384,0.000000,0.820121,-0.712965,0.195920,
1625009353.384637,0.000000,0.820225,-0.713453,0.195978,
1625009353.388714,0.000000,0.820282,-0.713961,0.196046,
1625009353.392875,0.000000,0.820418,-0.714379,0.196066,
1625009353.455388,0.000000,0.822837,-0.722523,0.195596,
1625009353.459545,0.000000,0.823007,-0.723080,0.195539,
1625009353.463717,0.000000,0.823133,-0.723664,0.195633,
1625009353.467871,0.000000,0.823262,-0.724218,0.195562,
1625009353.472039,0.000000,0.823403,-0.724760,0.195599,
1625009353.476204,0.000000,0.823484,-0.725299,0.195675,
1625009353.480368,0.000000,0.823614,-0.725856,0.195741,
1625009353.484538,0.000000,0.823725,-0.726369,0.195835,
1625009353.488720,0.000000,0.823828,-0.726883,0.195849,
1625009353.492880,0.000000,0.823923,-0.727389,0.195902,
1625009353.555368,0.000000,0.825948,-0.735610,0.195491,
1625009353.559532,0.000000,0.826099,-0.736192,0.195416,
1625009353.563699,0.000000,0.826238,-0.736780,0.195401,
1625009353.567874,0.000000,0.826373,-0.737384,0.195404,
1625009353.572038,0.000000,0.826497,-0.737993,0.195459,
1625009353.576196,0.000000,0.826547,-0.738527,0.195541,
1625009353.580373,0.000000,0.826623,-0.739046,0.195570,
1625009353.584621,0.000000,0.826693,-0.739539,0.195614,
1625009353.588704,0.000000,0.826745,-0.740072,0.195683,
1625009353.592867,0.000000,0.826823,-0.740593,0.195779,
1625009353.655373,0.000000,0.828506,-0.748871,0.195457,
1625009353.659520,0.000000,0.828618,-0.749531,0.195421,
1625009353.663683,0.000000,0.828728,-0.750243,0.195373,
1625009353.667864,0.000000,0.828818,-0.750851,0.195370,
1625009353.672026,0.000000,0.828894,-0.751451,0.195388,
1625009353.676188,0.000000,0.828988,-0.751912,0.195427,
1625009353.680361,0.000000,0.829056,-0.752459,0.195502,
1625009353.684533,0.000000,0.829114,-0.753021,0.195564,
1625009353.688699,0.000000,0.829178,-0.753556,0.195578,
1625009353.692865,0.000000,0.829228,-0.754066,0.195655,
1625009353.755368,0.000000,0.830472,-0.762441,0.195343,
1625009353.759529,0.000000,0.830620,-0.763048,0.195243,
1625009353.763695,0.000000,0.830721,-0.763629,0.195240,
1625009353.767866,0.000000,0.830768,-0.764220,0.195271,
1625009353.772023,0.000000,0.830790,-0.764923,0.195380,
1625009353.776196,0.000000,0.830836,-0.765475,0.195413,
1625009353.780362,0.000000,0.830908,-0.765942,0.195373,
1625009353.784638,0.000000,0.830887,-0.766485,0.195490,
1625009353.788702,0.000000,0.830932,-0.767013,0.195530,
1625009353.792863,0.000000,0.830963,-0.767568,0.195635,
1625009353.855371,0.000000,0.831904,-0.776129,0.195184,
1625009353.859532,0.000000,0.831977,-0.776738,0.195129,
1625009353.863693,0.000000,0.832027,-0.777367,0.195122,
1625009353.867864,0.000000,0.832069,-0.777956,0.195131,
1625009353.872029,0.000000,0.832119,-0.778547,0.195154,
1625009353.876195,0.000000,0.832131,-0.779138,0.195181,
1625009353.880382,0.000000,0.832133,-0.779696,0.195262,
1625009353.884528,0.000000,0.832142,-0.780262,0.195304,
1625009353.888696,0.000000,0.832135,-0.780815,0.195319,
1625009353.892866,0.000000,0.832141,-0.781345,0.195360,
1625009353.955367,0.000000,0.832691,-0.790008,0.195114,
1625009353.959527,0.000000,0.832738,-0.790628,0.195061,
1625009353.963695,0.000000,0.832811,-0.791156,0.194918,
1625009353.967857,0.000000,0.832833,-0.791764,0.194899,
1625009353.972021,0.000000,0.832848,-0.792371,0.194921,
1625009353.976193,0.000000,0.832848,-0.792938,0.194935,
1625009353.980452,0.000000,0.832829,-0.793495,0.195009,
1625009353.984529,0.000000,0.832808,-0.794048,0.195078,
1625009353.988694,0.000000,0.832782,-0.794600,0.195146,
1625009353.992883,0.000000,0.832754,-0.795142,0.195195,
1625009354.055366,0.000000,0.832882,-0.803824,0.194849,
1625009354.059539,0.000000,0.832911,-0.804407,0.194786,
1625009354.063701,0.000000,0.832923,-0.805024,0.194731,
1625009354.067865,0.000000,0.832951,-0.805521,0.194716,
1625009354.072034,0.000000,0.832887,-0.806170,0.194808,
1625009354.076203,0.000000,0.832868,-0.806772,0.194788,
1625009354.080369,0.000000,0.832853,-0.807273,0.194891,
1625009354.084535,0.000000,0.832820,-0.807812,0.194912,
1625009354.088696,0.000000,0.832852,-0.808276,0.194966,
1625009354.092863,0.000000,0.832802,-0.808792,0.194997,
1625009354.155369,0.000000,0.832486,-0.817249,0.194687,
1625009354.159546,0.000000,0.832498,-0.817851,0.194612,
1625009354.163707,0.000000,0.832471,-0.818451,0.194609,
1625009354.167862,0.000000,0.832451,-0.819006,0.194516,
1625009354.172025,0.000000,0.832429,-0.819572,0.194508,
1625009354.176232,0.000000,0.832379,-0.820133,0.194541,
1625009354.180475,0.000000,0.832311,-0.820702,0.194592,
1625009354.184544,0.000000,0.832252,-0.821270,0.194655,
1625009354.188706,0.000000,0.832181,-0.821764,0.194709,
1625009354.192874,0.000000,0.832120,-0.822291,0.194745,
1625009354.255359,0.000000,0.831505,-0.830654,0.194468,
1625009354.259524,0.000000,0.831481,-0.831258,0.194406,
1625009354.263696,0.000000,0.831471,-0.831879,0.194271,
1625009354.267868,0.000000,0.831433,-0.832445,0.194268,
1625009354.272030,0.000000,0.831387,-0.833035,0.194256,
1625009354.276195,0.000000,0.831352,-0.833609,0.194248,
1625009354.280362,0.000000,0.831252,-0.834161,0.194302,
1625009354.284539,0.000000,0.831175,-0.834704,0.194364,
1625009354.288703,0.000000,0.831090,-0.835215,0.194439,
1625009354.292859,0.000000,0.830988,-0.835716,0.194502,
1625009354.355360,0.000000,0.829997,-0.843940,0.194112,
1625009354.359517,0.000000,0.829943,-0.844526,0.194036,
1625009354.363687,0.000000,0.829870,-0.845120,0.193996,
1625009354.367876,0.000000,0.829804,-0.845695,0.193950,
1625009354.372025,0.000000,0.829743,-0.846288,0.193929,
1625009354.376193,0.000000,0.829659,-0.846833,0.193952,
1625009354.380467,0.000000,0.829551,-0.847376,0.194019,
1625009354.384537,0.000000,0.829469,-0.847890,0.194083,
1625009354.388707,0.000000,0.829329,-0.848414,0.194146,
1625009354.392852,0.000000,0.829241,-0.848912,0.194209,
1625009354.455354,0.000000,0.827906,-0.857085,0.194002,
1625009354.459526,0.000000,0.827785,-0.857708,0.193928,
1625009354.463694,0.000000,0.827700,-0.858292,0.193897,
1625009354.467857,0.000000,0.827628,-0.858887,0.193861,
1625009354.472036,0.000000,0.827539,-0.859482,0.193824,
1625009354.476204,0.000000,0.827417,-0.859997,0.194017,
1625009354.480364,0.000000,0.827306,-0.860530,0.194050,
1625009354.484536,0.000000,0.827168,-0.861092,0.194070,
1625009354.488731,0.000000,0.827046,-0.861619,0.193954,
1625009354.492862,0.000000,0.826901,-0.862049,0.194190,
1625009354.555366,0.000000,0.825187,-0.870180,0.194051,
1625009354.559517,0.000000,0.825089,-0.870748,0.194008,
1625009354.563694,0.000000,0.824981,-0.871325,0.193959,
1625009354.567865,0.000000,0.824841,-0.871946,0.193875,
1625009354.572037,0.000000,0.824716,-0.872525,0.193825,
1625009354.576286,0.000000,0.824540,-0.873002,0.193777,
1625009354.580364,0.000000,0.824466,-0.873534,0.193880,
1625009354.584526,0.000000,0.824289,-0.874256,0.193851,
1625009354.588721,0.000000,0.824147,-0.874745,0.193910,
1625009354.592857,0.000000,0.823960,-0.875079,0.193814,
1625009354.655351,0.000000,0.821817,-0.882952,0.193901,
1625009354.659501,0.000000,0.821670,-0.883546,0.193879,
1625009354.663673,0.000000,0.821564,-0.884126,0.193811,
1625009354.667852,0.000000,0.821437,-0.884722,0.193760,
1625009354.672049,0.000000,0.821292,-0.885328,0.193705,
1625009354.676207,0.000000,0.821165,-0.885911,0.193676,
1625009354.680398,0.000000,0.821002,-0.886460,0.193696,
1625009354.684538,0.000000,0.820829,-0.887051,0.193721,
1625009354.688702,0.000000,0.820636,-0.887557,0.193791,
1625009354.692863,0.000000,0.820428,-0.888027,0.193891,
1625009354.755392,0.000000,0.817917,-0.895763,0.193871,
1625009354.759552,0.000000,0.817773,-0.896351,0.193798,
1625009354.763706,0.000000,0.817618,-0.896931,0.193737,
1625009354.767875,0.000000,0.817463,-0.897527,0.193668,
1625009354.772069,0.000000,0.817315,-0.898114,0.193609,
1625009354.776307,0.000000,0.817152,-0.898729,0.193567,
1625009354.780390,0.000000,0.816939,-0.899313,0.193562,
1625009354.784535,0.000000,0.816777,-0.899873,0.193440,
1625009354.788683,0.000000,0.816588,-0.900329,0.193609,
1625009354.792866,0.000000,0.816365,-0.900804,0.193653,
1625009354.855365,0.000000,0.813510,-0.908325,0.193778,
1625009354.859544,0.000000,0.813342,-0.908913,0.193704,
1625009354.863716,0.000000,0.813164,-0.909503,0.193668,
1625009354.867877,0.000000,0.812992,-0.910073,0.193608,
1625009354.872047,0.000000,0.812808,-0.910632,0.193556,
1625009354.876213,0.000000,0.812625,-0.911234,0.193510,
1625009354.880371,0.000000,0.812420,-0.911813,0.193512,
1625009354.884554,0.000000,0.812194,-0.912318,0.193533,
1625009354.888712,0.000000,0.811992,-0.912803,0.193578,
1625009354.892870,0.000000,0.811746,-0.913252,0.193661,
1625009354.955363,0.000000,0.808617,-0.920623,0.193704,
1625009354.959541,0.000000,0.808419,-0.921183,0.193631,
1625009354.963720,0.000000,0.808183,-0.921735,0.193619,
1625009354.967902,0.000000,0.807979,-0.922284,0.193550,
1625009354.972126,0.000000,0.807776,-0.922829,0.193514,
1625009354.976204,0.000000,0.807601,-0.923397,0.193441,
1625009354.980399,0.000000,0.807379,-0.923948,0.193428,
1625009354.984546,0.000000,0.807132,-0.924473,0.193424,
1625009354.988713,0.000000,0.806930,-0.924940,0.193430,
1625009354.992888,0.000000,0.806689,-0.925428,0.193475,
1625009355.055391,0.000000,0.802987,-0.932778,0.193603,
1625009355.059558,0.000000,0.802757,-0.933338,0.193576,
1625009355.063723,0.000000,0.802515,-0.933885,0.193519,
1625009355.067878,0.000000,0.802256,-0.934432,0.193495,
1625009355.072003,0.000000,0.802036,-0.934992,0.193423,
1625009355.076162,0.000000,0.801767,-0.935574,0.193399,
1625009355.080330,0.000000,0.801495,-0.936128,0.193390,
1625009355.084498,0.000000,0.801257,-0.936664,0.193368,
1625009355.088672,0.000000,0.801011,-0.937186,0.193364,
1625009355.092831,0.000000,0.800745,-0.937693,0.193414,
1625009355.155341,0.000000,0.796863,-0.944804,0.193685,
1625009355.159508,0.000000,0.796612,-0.945365,0.193647,
1625009355.163669,0.000000,0.796348,-0.945902,0.193586,
1625009355.167828,0.000000,0.796067,-0.946474,0.193514,
1625009355.172112,0.000000,0.795804,-0.946984,0.193448,
1625009355.176203,0.000000,0.795537,-0.947555,0.193388,
1625009355.180375,0.000000,0.795252,-0.948124,0.193341,
1625009355.184539,0.000000,0.794962,-0.948635,0.193334,
1625009355.188710,0.000000,0.794699,-0.949120,0.193330,
1625009355.192867,0.000000,0.794403,-0.949608,0.193368,
1625009355.255360,0.000000,0.790431,-0.956451,0.193481,
1625009355.259543,0.000000,0.790124,-0.957017,0.193391,
1625009355.263713,0.000000,0.789839,-0.957567,0.193378,
1625009355.267875,0.000000,0.789565,-0.958093,0.193336,
1625009355.272037,0.000000,0.789277,-0.958667,0.193273,
1625009355.276202,0.000000,0.788969,-0.959240,0.193234,
1625009355.280374,0.000000,0.788486,-0.959914,0.193292,
1625009355.284539,0.000000,0.788230,-0.960431,0.193202,
1625009355.288702,0.000000,0.787922,-0.960915,0.193191,
1625009355.292865,0.000000,0.787609,-0.961402,0.193197,
1625009355.355373,0.000000,0.783090,-0.968075,0.193494,
1625009355.359539,0.000000,0.782907,-0.968605,0.193314,
1625009355.363697,0.000000,0.782472,-0.969157,0.193346,
1625009355.367873,0.000000,0.782321,-0.969686,0.193137,
1625009355.372219,0.000000,0.781935,-0.970216,0.193138,
1625009355.376204,0.000000,0.781622,-0.970741,0.193066,
1625009355.380366,0.000000,0.781296,-0.971263,0.193033,
1625009355.384540,0.000000,0.780962,-0.971801,0.193009,
1625009355.388693,0.000000,0.780561,-0.972322,0.193018,
1625009355.392873,0.000000,0.780164,-0.972815,0.193023,
1625009355.455362,0.000000,0.775537,-0.979401,0.193251,
1625009355.459541,0.000000,0.775082,-0.979923,0.193179,
1625009355.463712,0.000000,0.774706,-0.980458,0.193180,
1625009355.467884,0.000000,0.774346,-0.981010,0.193146,
1625009355.472048,0.000000,0.774098,-0.981508,0.193026,
1625009355.476209,0.000000,0.773759,-0.982021,0.192994,
1625009355.480366,0.000000,0.773430,-0.982515,0.192941,
1625009355.484539,0.000000,0.773064,-0.983010,0.192911,
1625009355.488721,0.000000,0.772759,-0.983495,0.192858,
1625009355.492862,0.000000,0.772413,-0.983964,0.192870,
1625009355.555381,0.000000,0.767164,-0.990495,0.193140,
1625009355.559532,0.000000,0.766837,-0.991014,0.193039,
1625009355.563707,0.000000,0.766496,-0.991535,0.192959,
1625009355.567954,0.000000,0.766156,-0.992055,0.192880,
1625009355.572260,0.000000,0.765821,-0.992586,0.192672,
1625009355.576190,0.000000,0.765477,-0.993082,0.192586,
1625009355.580359,0.000000,0.765136,-0.993524,0.192604,
1625009355.584522,0.000000,0.764719,-0.994003,0.192626,
1625009355.588700,0.000000,0.764297,-0.994471,0.192656,
1625009355.592853,0.000000,0.763921,-0.994902,0.192697,
1625009355.597033,0.000000,0.763498,-0.995335,0.192747,
1625009355.601199,0.000000,0.763159,-0.995761,0.192778,
1625009355.605375,0.000000,0.762891,-0.996116,0.192768,
1625009355.609535,0.000000,0.762542,-0.996494,0.192869,
1625009355.613688,0.000000,0.762163,-0.996846,0.192873,
1625009355.617855,0.000000,0.761908,-0.997207,0.192882,
1625009355.622027,0.000000,0.761569,-0.997593,0.192863,
1625009355.626194,0.000000,0.761228,-0.997976,0.192878,
1625009355.630355,0.000000,0.760853,-0.998390,0.192903,
1625009355.755368,0.000000,0.749567,-1.011254,0.192537,
1625009355.759551,0.000000,0.749083,-1.011727,0.192559,
1625009355.763701,0.000000,0.748686,-1.012163,0.192512,
1625009355.767935,0.000000,0.748280,-1.012620,0.192477,
1625009355.772040,0.000000,0.747970,-1.013068,0.192368,
1625009355.776205,0.000000,0.747623,-1.013548,0.192303,
1625009355.780372,0.000000,0.747194,-1.014009,0.192303,
1625009355.784525,0.000000,0.746775,-1.014456,0.192240,
1625009355.788697,0.000000,0.746376,-1.014875,0.192234,
1625009355.792846,0.000000,0.746028,-1.015276,0.192232,
1625009355.855350,0.000000,0.739955,-1.020853,0.192597,
1625009355.859517,0.000000,0.739571,-1.021297,0.192530,
1625009355.863684,0.000000,0.739176,-1.021730,0.192469,
1625009355.867835,0.000000,0.738788,-1.022149,0.192437,
1625009355.872006,0.000000,0.738330,-1.022585,0.192414,
1625009355.876198,0.000000,0.737889,-1.023041,0.192337,
1625009355.880344,0.000000,0.737506,-1.023493,0.192235,
1625009355.884517,0.000000,0.737081,-1.023955,0.192140,
1625009355.888674,0.000000,0.736646,-1.024413,0.192085,
1625009355.892849,0.000000,0.736228,-1.024806,0.192084,
1625009355.955378,0.000000,0.730333,-1.030124,0.192278,
1625009355.959519,0.000000,0.729904,-1.030523,0.192267,
1625009355.963688,0.000000,0.729395,-1.030969,0.192265,
1625009355.967948,0.000000,0.728956,-1.031395,0.192208,
1625009355.972026,0.000000,0.728580,-1.031799,0.192154,
1625009355.976198,0.000000,0.728131,-1.032225,0.192099,
1625009355.980353,0.000000,0.727735,-1.032665,0.192008,
1625009355.984537,0.000000,0.727310,-1.033093,0.191948,
1625009355.988682,0.000000,0.726868,-1.033485,0.191940,
1625009355.992845,0.000000,0.726408,-1.033882,0.191945,
1625009356.055353,0.000000,0.720149,-1.038777,0.192185,
1625009356.059532,0.000000,0.719724,-1.039156,0.192158,
1625009356.063699,0.000000,0.719380,-1.039571,0.192052,
1625009356.067855,0.000000,0.718930,-1.039983,0.192018,
1625009356.072027,0.000000,0.718359,-1.040356,0.192070,
1625009356.076192,0.000000,0.717889,-1.040777,0.192002,
1625009356.080372,0.000000,0.717520,-1.041228,0.191859,
1625009356.084511,0.000000,0.717081,-1.041646,0.191756,
1625009356.088779,0.000000,0.716529,-1.042006,0.191772,
1625009356.092857,0.000000,0.716083,-1.042382,0.191741,
1625009356.155348,0.000000,0.709758,-1.046979,0.192034,
1625009356.159520,0.000000,0.709271,-1.047334,0.192022,
1625009356.163768,0.000000,0.708842,-1.047729,0.191961,
1625009356.167859,0.000000,0.708392,-1.048122,0.191895,
1625009356.172024,0.000000,0.707879,-1.048524,0.191851,
1625009356.176218,0.000000,0.707396,-1.048878,0.191831,
1625009356.180376,0.000000,0.706948,-1.049278,0.191762,
1625009356.184533,0.000000,0.706499,-1.049670,0.191725,
1625009356.188745,0.000000,0.706036,-1.050083,0.191639,
1625009356.192869,0.000000,0.705595,-1.050426,0.191614,
1625009356.255372,0.000000,0.698904,-1.054650,0.192043,
1625009356.259548,0.000000,0.698400,-1.055033,0.191991,
1625009356.263696,0.000000,0.697880,-1.055407,0.191953,
1625009356.267864,0.000000,0.697404,-1.055793,0.191879,
1625009356.272035,0.000000,0.696949,-1.056140,0.191866,
1625009356.276195,0.000000,0.696398,-1.056554,0.191804,
1625009356.280360,0.000000,0.695943,-1.056915,0.191757,
1625009356.284520,0.000000,0.695463,-1.057281,0.191687,
1625009356.288695,0.000000,0.694861,-1.057556,0.191696,
1625009356.292866,0.000000,0.694456,-1.057942,0.191613,
1625009356.355362,0.000000,0.687618,-1.061885,0.192103,
1625009356.359509,0.000000,0.687088,-1.062238,0.192068,
1625009356.363802,0.000000,0.686575,-1.062574,0.192042,
1625009356.367869,0.000000,0.686093,-1.062918,0.191990,
1625009356.372013,0.000000,0.685596,-1.063238,0.191998,
1625009356.376193,0.000000,0.685080,-1.063585,0.191968,
1625009356.380347,0.000000,0.684590,-1.063887,0.191957,
1625009356.384519,0.000000,0.684165,-1.064254,0.191848,
1625009356.388688,0.000000,0.683617,-1.064604,0.191861,
1625009356.392861,0.000000,0.683182,-1.064965,0.191751,
1625009356.455369,0.000000,0.676258,-1.068631,0.192144,
1625009356.459524,0.000000,0.675610,-1.068885,0.192205,
1625009356.463688,0.000000,0.675106,-1.069199,0.192141,
1625009356.467853,0.000000,0.674704,-1.069575,0.191981,
1625009356.472013,0.000000,0.674259,-1.069882,0.191907,
1625009356.476184,0.000000,0.673726,-1.070195,0.191890,
1625009356.480362,0.000000,0.673257,-1.070550,0.191821,
1625009356.484519,0.000000,0.672736,-1.070885,0.191746,
1625009356.488700,0.000000,0.672205,-1.071235,0.191675,
1625009356.492866,0.000000,0.671668,-1.071517,0.191685,
1625009356.555355,0.000000,0.664537,-1.074884,0.192134,
1625009356.559532,0.000000,0.664041,-1.075136,0.192121,
1625009356.563779,0.000000,0.663631,-1.075432,0.191979,
1625009356.567866,0.000000,0.662988,-1.075734,0.192030,
1625009356.572027,0.000000,0.662475,-1.076032,0.191980,
1625009356.576241,0.000000,0.661955,-1.076315,0.191945,
1625009356.580350,0.000000,0.661402,-1.076610,0.191895,
1625009356.584526,0.000000,0.660965,-1.076883,0.191804,
1625009356.588701,0.000000,0.660401,-1.077152,0.191840,
1625009356.592866,0.000000,0.659899,-1.077446,0.191771,
1625009356.655348,0.000000,0.652556,-1.080515,0.192210,
1625009356.659520,0.000000,0.652034,-1.080742,0.192228,
1625009356.663691,0.000000,0.651537,-1.081008,0.192148,
1625009356.667856,0.000000,0.650952,-1.081295,0.192122,
1625009356.672025,0.000000,0.650457,-1.081607,0.192015,
1625009356.676193,0.000000,0.649922,-1.081885,0.191968,
1625009356.680350,0.000000,0.649377,-1.082150,0.191936,
1625009356.684525,0.000000,0.648867,-1.082416,0.191864,
1625009356.688698,0.000000,0.648416,-1.082732,0.191688,
1625009356.692975,0.000000,0.647794,-1.082961,0.191753,
1625009356.755321,0.000000,0.640237,-1.085760,0.192311,
1625009356.759568,0.000000,0.639695,-1.085978,0.192308,
1625009356.763656,0.000000,0.639046,-1.086177,0.192381,
1625009356.767830,0.000000,0.638381,-1.086450,0.192292,
1625009356.771993,0.000000,0.637897,-1.086667,0.192329,
1625009356.776156,0.000000,0.637414,-1.086911,0.192226,
1625009356.780318,0.000000,0.636932,-1.087175,0.192156,
1625009356.784499,0.000000,0.636375,-1.087436,0.192097,
1625009356.788651,0.000000,0.635762,-1.087703,0.191996,
1625009356.792824,0.000000,0.635210,-1.087921,0.191981,
1625009356.855310,0.000000,0.627457,-1.090443,0.192331,
1625009356.859478,0.000000,0.626980,-1.090655,0.192267,
1625009356.863639,0.000000,0.626458,-1.090870,0.192237,
1625009356.867806,0.000000,0.625921,-1.091058,0.192225,
1625009356.871986,0.000000,0.625329,-1.091293,0.192198,
1625009356.876147,0.000000,0.624704,-1.091524,0.192174,
1625009356.880319,0.000000,0.624154,-1.091778,0.192118,
1625009356.884478,0.000000,0.623604,-1.092010,0.192058,
1625009356.888644,0.000000,0.623012,-1.092229,0.191989,
1625009356.892922,0.000000,0.622403,-1.092453,0.191946,
1625009356.955374,0.000000,0.614463,-1.094711,0.192372,
1625009356.959610,0.000000,0.613927,-1.094886,0.192340,
1625009356.963699,0.000000,0.613373,-1.095068,0.192285,
1625009356.967867,0.000000,0.612779,-1.095255,0.192240,
1625009356.972050,0.000000,0.612202,-1.095447,0.192197,
1625009356.976261,0.000000,0.611639,-1.095650,0.192161,
1625009356.980375,0.000000,0.611051,-1.095879,0.192123,
1625009356.984542,0.000000,0.610505,-1.096071,0.192079,
1625009356.988715,0.000000,0.609914,-1.096291,0.192002,
1625009356.992882,0.000000,0.609336,-1.096486,0.191961,
1625009357.055377,0.000000,0.601292,-1.098425,0.192225,
1625009357.059556,0.000000,0.600679,-1.098584,0.192223,
1625009357.063696,0.000000,0.600087,-1.098751,0.192207,
1625009357.067869,0.000000,0.599558,-1.098926,0.192172,
1625009357.072044,0.000000,0.598926,-1.099086,0.192187,
1625009357.076191,0.000000,0.598332,-1.099267,0.192150,
1625009357.080379,0.000000,0.597765,-1.099442,0.192095,
1625009357.084533,0.000000,0.597200,-1.099615,0.192039,
1625009357.088703,0.000000,0.596587,-1.099815,0.191936,
1625009357.092947,0.000000,0.596038,-1.100001,0.191840,
1625009357.155467,0.000000,0.587917,-1.101613,0.192081,
1625009357.159555,0.000000,0.587366,-1.101721,0.192089,
1625009357.163723,0.000000,0.586770,-1.101863,0.192074,
1625009357.167905,0.000000,0.586199,-1.102004,0.192044,
1625009357.172051,0.000000,0.585630,-1.102176,0.191961,
1625009357.176206,0.000000,0.584978,-1.102337,0.191918,
1625009357.180387,0.000000,0.584422,-1.102468,0.191904,
1625009357.184552,0.000000,0.583834,-1.102622,0.191862,
1625009357.188721,0.000000,0.583283,-1.102752,0.191815,
1625009357.192885,0.000000,0.582690,-1.102871,0.191791,
1625009357.255354,0.000000,0.574471,-1.104068,0.192065,
1625009357.259520,0.000000,0.573946,-1.104204,0.191971,
1625009357.263690,0.000000,0.573356,-1.104320,0.191925,
1625009357.267864,0.000000,0.572752,-1.104440,0.191867,
1625009357.272043,0.000000,0.572071,-1.104551,0.191851,
1625009357.276178,0.000000,0.571490,-1.104659,0.191830,
1625009357.280351,0.000000,0.570889,-1.104796,0.191805,
1625009357.284524,0.000000,0.570303,-1.104910,0.191763,
1625009357.288768,0.000000,0.569691,-1.105024,0.191699,
1625009357.292845,0.000000,0.569032,-1.105132,0.191688,
1625009357.355457,0.000000,0.561038,-1.105977,0.192033,
1625009357.359540,0.000000,0.560496,-1.106039,0.192035,
1625009357.363705,0.000000,0.559877,-1.106125,0.192015,
1625009357.367869,0.000000,0.559276,-1.106222,0.191997,
1625009357.372037,0.000000,0.558672,-1.106348,0.191905,
1625009357.376216,0.000000,0.558093,-1.106415,0.191897,
1625009357.380394,0.000000,0.557558,-1.106524,0.191804,
1625009357.384551,0.000000,0.556858,-1.106595,0.191852,
1625009357.388723,0.000000,0.556231,-1.106665,0.191802,
1625009357.392867,0.000000,0.555442,-1.106777,0.191712,
1625009357.455388,0.000000,0.547739,-1.107297,0.191904,
1625009357.459561,0.000000,0.547249,-1.107322,0.191976,
1625009357.463711,0.000000,0.546484,-1.107289,0.192102,
1625009357.467878,0.000000,0.545901,-1.107348,0.192077,
1625009357.472073,0.000000,0.545299,-1.107416,0.192054,
1625009357.476210,0.000000,0.544653,-1.107480,0.192025,
1625009357.480390,0.000000,0.544123,-1.107550,0.191903,
1625009357.484538,0.000000,0.543486,-1.107579,0.191993,
1625009357.488787,0.000000,0.542741,-1.107653,0.191919,
1625009357.492974,0.000000,0.542144,-1.107754,0.191830,
1625009357.555554,0.000000,0.534447,-1.107931,0.192024,
1625009357.559553,0.000000,0.533850,-1.107957,0.192064,
1625009357.563712,0.000000,0.533222,-1.107976,0.192093,
1625009357.567888,0.000000,0.532689,-1.108024,0.191993,
1625009357.572055,0.000000,0.532071,-1.108055,0.192009,
1625009357.576210,0.000000,0.531425,-1.108089,0.191993,
1625009357.580413,0.000000,0.530835,-1.108120,0.191926,
1625009357.584553,0.000000,0.530284,-1.108194,0.191833,
1625009357.588704,0.000000,0.529700,-1.108254,0.191761,
1625009357.592890,0.000000,0.529155,-1.108311,0.191668,
1625009357.655377,0.000000,0.521098,-1.108129,0.191987,
1625009357.659539,0.000000,0.520491,-1.108105,0.192020,
1625009357.663707,0.000000,0.519972,-1.108107,0.191995,
1625009357.667880,0.000000,0.519394,-1.108108,0.191954,
1625009357.672046,0.000000,0.518838,-1.108097,0.191962,
1625009357.676208,0.000000,0.518200,-1.108100,0.191927,
1625009357.680384,0.000000,0.517707,-1.108142,0.191834,
1625009357.684633,0.000000,0.517070,-1.108126,0.191819,
1625009357.688714,0.000000,0.516509,-1.108168,0.191690,
1625009357.692874,0.000000,0.515888,-1.108193,0.191663,
1625009357.755374,0.000000,0.507952,-1.107772,0.191825,
1625009357.759547,0.000000,0.507395,-1.107682,0.191857,
1625009357.763719,0.000000,0.506859,-1.107621,0.191878,
1625009357.767883,0.000000,0.506280,-1.107636,0.191837,
1625009357.772048,0.000000,0.505641,-1.107589,0.191827,
1625009357.776204,0.000000,0.505084,-1.107535,0.191858,
1625009357.780369,0.000000,0.504497,-1.107524,0.191825,
1625009357.784530,0.000000,0.503891,-1.107500,0.191778,
1625009357.788712,0.000000,0.503276,-1.107501,0.191712,
1625009357.792881,0.000000,0.502640,-1.107503,0.191643,
1625009357.855381,0.000000,0.494699,-1.106656,0.191832,
1625009357.859554,0.000000,0.494170,-1.106590,0.191896,
1625009357.863696,0.000000,0.493641,-1.106528,0.191924,
1625009357.867876,0.000000,0.493094,-1.106478,0.191911,
1625009357.872046,0.000000,0.492454,-1.106456,0.191898,
1625009357.876209,0.000000,0.491848,-1.106388,0.191903,
1625009357.880375,0.000000,0.491209,-1.106382,0.191807,
1625009357.884614,0.000000,0.490654,-1.106352,0.191725,
1625009357.888715,0.000000,0.490094,-1.106304,0.191709,
1625009357.892894,0.000000,0.489549,-1.106291,0.191622,
1625009357.955382,0.000000,0.481464,-1.105133,0.191721,
1625009357.959551,0.000000,0.480957,-1.105037,0.191751,
1625009357.963711,0.000000,0.480433,-1.104944,0.191765,
1625009357.967879,0.000000,0.479836,-1.104851,0.191809,
1625009357.972047,0.000000,0.479281,-1.104728,0.191881,
1625009357.976228,0.000000,0.478731,-1.104643,0.191877,
1625009357.980396,0.000000,0.478116,-1.104562,0.191787,
1625009357.984540,0.000000,0.477584,-1.104500,0.191812,
1625009357.988722,0.000000,0.476929,-1.104456,0.191766,
1625009357.992895,0.000000,0.476235,-1.104374,0.191736,
1625009358.055377,0.000000,0.468364,-1.102830,0.191953,
1625009358.059554,0.000000,0.467889,-1.102736,0.191961,
1625009358.063731,0.000000,0.467376,-1.102625,0.191967,
1625009358.067876,0.000000,0.466833,-1.102523,0.191938,
1625009358.072034,0.000000,0.466273,-1.102435,0.191913,
1625009358.076193,0.000000,0.465710,-1.102325,0.191893,
1625009358.080370,0.000000,0.465127,-1.102233,0.191849,
1625009358.084629,0.000000,0.464465,-1.102183,0.191798,
1625009358.088900,0.000000,0.463836,-1.102105,0.191759,
1625009358.092873,0.000000,0.463218,-1.101996,0.191729,
1625009358.155363,0.000000,0.455266,-1.100108,0.192062,
1625009358.159556,0.000000,0.454807,-1.099967,0.192067,
1625009358.163717,0.000000,0.454268,-1.099810,0.192130,
1625009358.167891,0.000000,0.453706,-1.099692,0.192145,
1625009358.172079,0.000000,0.453212,-1.099547,0.192155,
1625009358.176217,0.000000,0.452536,-1.099419,0.192161,
1625009358.180375,0.000000,0.452054,-1.099324,0.192096,
1625009358.184543,0.000000,0.451503,-1.099172,0.192105,
1625009358.188728,0.000000,0.450892,-1.099092,0.192049,
1625009358.192896,0.000000,0.450304,-1.098980,0.192001,
