1625007172.000000,357482433.000000,0.000211,0.000011,0.000381,0.001131,0.027509,-0.000268,0.999621,-0.001383,0.000400,0.010136,0.000201,0.006808,0.000534,
1625007172.000000,362485409.000000,0.000205,0.000013,0.000433,0.001135,0.027505,-0.000269,0.999621,-0.001662,0.000408,0.010699,0.006501,-0.004064,-0.005766,
1625007172.000000,367488384.000000,0.000195,0.000015,0.000482,0.001152,0.027516,-0.000290,0.999621,-0.002313,0.000410,0.010661,0.001315,0.018181,-0.005894,
1625007172.000000,372491598.000000,0.000185,0.000017,0.000538,0.001144,0.027547,-0.000289,0.999620,-0.002623,0.000416,0.011252,-0.002039,-0.013244,0.006958,
1625007172.000000,377494335.000000,0.000173,0.000019,0.000596,0.001152,0.027488,-0.000275,0.999621,-0.003123,0.000421,0.011759,0.007622,-0.009633,-0.001478,
1625007172.000000,382497311.000000,0.000192,-0.000093,0.000217,0.001150,0.027469,-0.000280,0.999622,-0.002095,-0.001099,0.006191,-0.001895,0.002640,-0.000579,
1625007172.000000,387499332.000000,0.000185,-0.000099,0.000253,0.001141,0.027458,-0.000274,0.999622,-0.002249,-0.001093,0.006940,0.003219,-0.003025,-0.001446,
1625007172.000000,392502546.000000,0.000178,-0.000104,0.000293,0.001156,0.027468,-0.000284,0.999622,-0.002386,-0.001087,0.007783,0.000275,0.009817,-0.000545,
1625007172.000000,397505283.000000,0.000177,-0.000110,0.000347,0.001141,0.027479,-0.000277,0.999622,-0.001488,-0.001075,0.010014,-0.007384,-0.009144,0.002772,
1625007172.000000,402508259.000000,0.000173,-0.000115,0.000400,0.001135,0.027451,-0.000277,0.999623,-0.001344,-0.001067,0.011206,0.003327,0.002176,-0.003662,
1625007172.000000,442532539.000000,0.000206,0.000071,0.000388,0.001133,0.027504,-0.000295,0.999621,-0.001164,0.001360,0.006928,-0.000858,0.007947,0.002732,
1625007172.000000,447535515.000000,0.000167,-0.000037,0.000245,0.001102,0.027279,-0.000270,0.999627,-0.000910,-0.001310,0.006235,-0.019098,-0.259407,-0.005654,
1625007172.000000,452538490.000000,0.000166,-0.000044,0.000277,0.001038,0.026106,-0.000331,0.999659,-0.000615,-0.001588,0.006693,-0.030781,-0.674464,-0.050375,
1625007172.000000,457541466.000000,0.000161,-0.000053,0.000310,0.000970,0.024377,-0.000584,0.999702,-0.000867,-0.001870,0.006867,-0.008548,-0.574724,-0.165295,
1625007172.000000,462543488.000000,0.000775,-0.000213,0.000397,0.000985,0.023400,-0.001139,0.999725,0.062443,-0.017429,0.015644,0.028901,-0.252255,-0.259501,
1625007172.000000,467546463.000000,0.001136,-0.000313,0.000463,0.001059,0.023181,-0.001835,0.999729,0.081365,-0.022182,0.018256,0.037466,0.122473,-0.291262,
1625007172.000000,472549677.000000,0.001595,-0.000438,0.000545,0.001103,0.023859,-0.002592,0.999711,0.100386,-0.026871,0.021609,0.003408,0.335076,-0.314627,
1625007172.000000,477552414.000000,0.002120,-0.000510,0.000643,0.001125,0.024694,-0.003411,0.999689,0.115226,-0.020366,0.024344,0.058238,0.333898,-0.340201,
1625007172.000000,482555389.000000,0.003555,-0.000611,0.000405,0.001298,0.025349,-0.004280,0.999669,0.155361,-0.017106,0.020680,0.078250,0.230303,-0.357253,
1625007172.000000,487558603.000000,0.004380,-0.000704,0.000468,0.001427,0.025778,-0.005172,0.999653,0.172621,-0.017051,0.022022,0.051055,0.120901,-0.348764,
1625007172.000000,537587404.000000,0.007882,-0.001737,-0.001150,0.001710,0.025846,-0.014929,0.999553,0.109521,-0.018940,-0.017102,0.017026,-0.010461,-0.391495,
1625007172.000000,542590380.000000,0.008421,-0.001847,-0.001263,0.001748,0.025789,-0.015928,0.999539,0.109899,-0.018434,-0.018339,0.019502,-0.038695,-0.412719,
1625007172.000000,547593355.000000,0.008883,-0.002460,-0.000830,0.001845,0.026092,-0.016968,0.999514,0.106681,-0.024050,-0.007479,-0.030694,-0.021077,-0.432347,
1625007172.000000,552596569.000000,0.009410,-0.002597,-0.000906,0.001719,0.026091,-0.018062,0.999495,0.107025,-0.023539,-0.008225,-0.027791,0.010958,-0.445079,
1625007172.000000,557599306.000000,0.010036,-0.002732,-0.001068,0.001632,0.026115,-0.019171,0.999474,0.117456,-0.022561,-0.016580,-0.033712,-0.001710,-0.437717,
1625007172.000000,562602282.000000,0.010626,-0.002866,-0.001182,0.001531,0.026235,-0.020266,0.999449,0.121210,-0.021885,-0.017983,-0.002302,0.152042,-0.451325,
1625007172.000000,567605495.000000,0.011238,-0.003000,-0.001299,0.001537,0.026713,-0.021395,0.999413,0.125339,-0.021185,-0.018895,-0.001616,0.146620,-0.435733,
1625007172.000000,572608471.000000,0.011831,-0.003146,-0.001283,0.001492,0.026984,-0.022452,0.999383,0.123010,-0.022632,-0.000470,0.005177,0.132845,-0.424648,
1625007172.000000,577611446.000000,0.013823,-0.003246,-0.000162,0.001493,0.027330,-0.023710,0.999344,0.131341,-0.022626,0.023640,0.041786,0.087668,-0.430440,
1625007172.000000,582614422.000000,0.014477,-0.003392,-0.000074,0.001627,0.027474,-0.024805,0.999313,0.130776,-0.022786,0.027636,0.090725,0.066503,-0.446330,
1625007172.000000,627640486.000000,0.021671,-0.004900,0.000628,0.002240,0.026144,-0.034464,0.999061,0.142528,-0.028459,0.019906,0.029768,-0.023831,-0.412470,
1625007172.000000,632643700.000000,0.022377,-0.005062,0.000637,0.002317,0.026075,-0.035513,0.999026,0.144583,-0.024473,0.013016,0.030424,0.005075,-0.427379,
1625007172.000000,637646437.000000,0.023099,-0.005234,0.000656,0.002321,0.026207,-0.036584,0.998984,0.147003,-0.023190,0.010334,0.002242,0.088340,-0.421138,
1625007172.000000,642649412.000000,0.023831,-0.005402,0.000662,0.002295,0.026440,-0.037626,0.998940,0.149301,-0.021908,0.007660,-0.012465,0.076800,-0.420913,
1625007172.000000,647652626.000000,0.025338,-0.005409,0.000146,0.002246,0.026786,-0.038805,0.998885,0.159652,-0.014281,0.006458,-0.022113,0.046664,-0.428743,
1625007172.000000,652655602.000000,0.026140,-0.005538,0.000135,0.002172,0.026934,-0.039894,0.998838,0.161439,-0.012093,0.005408,-0.013628,0.077428,-0.452028,
1625007172.000000,657658577.000000,0.026957,-0.005660,0.000122,0.002114,0.027153,-0.041041,0.998786,0.163453,-0.009875,0.004636,-0.021979,0.081981,-0.457603,
1625007172.000000,662661314.000000,0.027740,-0.005802,0.000141,0.002026,0.027310,-0.042163,0.998735,0.160371,-0.012399,0.008537,-0.020085,0.036294,-0.444633,
1625007172.000000,667664528.000000,0.028535,-0.005932,0.000145,0.001950,0.027331,-0.043265,0.998688,0.160010,-0.012095,0.009043,-0.025163,-0.024114,-0.439345,
1625007172.000000,672666550.000000,0.029328,-0.006062,0.000149,0.001843,0.027314,-0.044367,0.998640,0.159550,-0.011796,0.009414,-0.028581,0.045232,-0.448874,
1625007172.000000,717693567.000000,0.033815,-0.007599,0.000216,0.002489,0.026503,-0.054199,0.998175,0.117882,-0.023326,0.013022,0.001303,-0.132484,-0.422676,
1625007172.000000,722696304.000000,0.034389,-0.007780,0.000239,0.002485,0.026274,-0.055263,0.998123,0.117471,-0.023137,0.008782,0.032263,-0.061989,-0.432228,
1625007172.000000,727699280.000000,0.035085,-0.007960,0.000348,0.002558,0.026199,-0.056360,0.998063,0.130155,-0.021404,0.017030,0.044155,0.011880,-0.440855,
1625007172.000000,732702494.000000,0.035732,-0.008140,0.000395,0.002617,0.026283,-0.057452,0.997999,0.133775,-0.020683,0.016641,0.017473,0.035603,-0.429134,
1625007172.000000,737705469.000000,0.036394,-0.008320,0.000437,0.002615,0.026379,-0.058515,0.997934,0.137257,-0.019957,0.016049,0.006646,0.055222,-0.427947,
1625007172.000000,742708206.000000,0.037054,-0.008465,0.000407,0.002596,0.026598,-0.059593,0.997865,0.137863,-0.014726,0.005888,-0.019722,0.120014,-0.433380,
1625007172.000000,747711420.000000,0.038561,-0.008612,-0.000193,0.002602,0.027092,-0.060743,0.997782,0.155145,-0.008999,-0.002595,-0.018976,0.129830,-0.430329,
1625007172.000000,752713442.000000,0.039331,-0.008746,-0.000258,0.002562,0.027309,-0.061816,0.997711,0.158220,-0.006403,-0.006221,-0.009068,0.023824,-0.432415,
1625007172.000000,757716417.000000,0.040042,-0.008925,-0.000242,0.002508,0.027311,-0.062916,0.997642,0.152759,-0.011077,0.001139,-0.006052,0.012446,-0.453695,
1625007172.000000,762719154.000000,0.040790,-0.009076,-0.000285,0.002445,0.027403,-0.064076,0.997566,0.152827,-0.010862,0.000479,-0.036695,0.036586,-0.472975,
1625007172.000000,857775450.000000,0.053122,-0.012871,-0.000413,0.002886,0.027458,-0.085161,0.995985,0.145780,-0.010278,-0.000824,-0.000342,0.045484,-0.453162,
1625007172.000000,862778664.000000,0.053834,-0.013045,-0.000458,0.002828,0.027576,-0.086287,0.995885,0.146521,-0.009772,-0.001285,-0.030233,0.017656,-0.449996,
1625007172.000000,867781639.000000,0.054536,-0.013218,-0.000507,0.002691,0.027617,-0.087410,0.995786,0.145354,-0.009460,-0.002143,-0.053722,0.037998,-0.458435,
1625007172.000000,872784376.000000,0.055242,-0.013391,-0.000559,0.002525,0.027692,-0.088551,0.995683,0.145075,-0.009028,-0.002722,-0.053747,-0.046535,-0.454336,
1625007172.000000,877787590.000000,0.055937,-0.014293,-0.001072,0.002595,0.027184,-0.089727,0.995592,0.145643,-0.018113,-0.004715,-0.003786,-0.069203,-0.457456,
1625007172.000000,882790565.000000,0.056625,-0.014610,-0.000833,0.002661,0.027185,-0.090892,0.995486,0.144615,-0.029093,0.029849,0.083672,0.090208,-0.476717,
1625007172.000000,887793541.000000,0.057310,-0.014894,-0.000714,0.002923,0.027515,-0.092085,0.995367,0.143876,-0.032447,0.039755,0.109532,0.157640,-0.469369,
1625007172.000000,892796755.000000,0.057996,-0.015197,-0.000524,0.003147,0.027846,-0.093225,0.995251,0.143470,-0.035809,0.050899,0.063551,0.120087,-0.442627,
1625007172.000000,897798538.000000,0.058597,-0.015434,-0.000462,0.003255,0.028048,-0.094310,0.995142,0.130587,-0.029494,0.035217,0.044111,0.034431,-0.430849,
1625007172.000000,902801514.000000,0.059207,-0.015700,-0.000323,0.003354,0.028012,-0.095382,0.995041,0.125159,-0.029042,0.035324,0.062389,-0.045328,-0.425609,
1625007172.000000,942825556.000000,0.064066,-0.017122,0.000200,0.003407,0.026954,-0.104163,0.994189,0.146925,-0.017599,0.028331,-0.049380,0.111481,-0.429097,
1625007172.000000,947828293.000000,0.064770,-0.017312,0.000180,0.003279,0.027193,-0.105208,0.994073,0.148787,-0.011856,0.015872,-0.030466,0.034744,-0.420438,
1625007172.000000,952831268.000000,0.065499,-0.017524,0.000207,0.003259,0.027269,-0.106281,0.993957,0.152189,-0.009611,0.012549,0.027393,0.091576,-0.449203,
1625007172.000000,957834482.000000,0.066247,-0.017730,0.000227,0.003338,0.027597,-0.107433,0.993824,0.155667,-0.007323,0.010182,0.017974,0.120838,-0.470685,
1625007172.000000,962837458.000000,0.066957,-0.017942,0.000272,0.003293,0.027793,-0.108593,0.993692,0.151690,-0.008402,0.013492,-0.050343,0.044647,-0.458934,
1625007172.000000,967840433.000000,0.067692,-0.018146,0.000296,0.003094,0.027862,-0.109719,0.993567,0.152265,-0.007473,0.013489,-0.070895,-0.011246,-0.456659,
1625007172.000000,972843409.000000,0.068432,-0.018348,0.000320,0.002903,0.027769,-0.110857,0.993444,0.152847,-0.006536,0.013207,-0.048270,-0.080141,-0.458920,
1625007172.000000,977845430.000000,0.068767,-0.018993,-0.001039,0.002919,0.026984,-0.111988,0.993339,0.141631,-0.022682,0.008686,0.016558,-0.078407,-0.473802,
1625007172.000000,982848406.000000,0.069428,-0.019268,-0.001025,0.002990,0.026861,-0.113186,0.993206,0.141412,-0.025273,0.015245,0.063717,-0.022730,-0.480377,
1625007172.000000,987851381.000000,0.070089,-0.019558,-0.000964,0.003145,0.027000,-0.114379,0.993065,0.141326,-0.027853,0.022556,0.071035,0.199840,-0.480231,
1625007173.000000,37881374.000000,0.076270,-0.022403,-0.001040,0.003781,0.026639,-0.125303,0.991754,0.140538,-0.020433,-0.000380,0.007146,0.046086,-0.440998,
1625007173.000000,42884588.000000,0.076915,-0.022650,-0.001117,0.003786,0.026792,-0.126399,0.991610,0.141425,-0.016556,-0.006299,0.005019,0.088154,-0.443128,
1625007173.000000,47886610.000000,0.078518,-0.023040,-0.000746,0.003832,0.027171,-0.127588,0.991448,0.162529,-0.011779,0.002399,-0.015130,0.088415,-0.440022,
1625007173.000000,52889347.000000,0.079297,-0.023300,-0.000790,0.003785,0.027395,-0.128679,0.991301,0.165789,-0.009663,-0.000295,-0.010009,0.097554,-0.444231,
1625007173.000000,57892561.000000,0.080009,-0.023576,-0.000819,0.003769,0.027648,-0.129792,0.991149,0.160791,-0.011923,-0.000222,-0.013980,0.086312,-0.453863,
1625007173.000000,62895536.000000,0.080771,-0.023840,-0.000867,0.003707,0.027829,-0.130926,0.990995,0.161564,-0.011147,-0.001556,-0.021674,0.057397,-0.463440,
1625007173.000000,67898512.000000,0.081539,-0.024103,-0.000921,0.003615,0.027886,-0.132075,0.990841,0.162482,-0.010361,-0.002795,-0.039572,-0.048041,-0.461364,
1625007173.000000,72901726.000000,0.082283,-0.024376,-0.000923,0.003435,0.027709,-0.133207,0.990695,0.159374,-0.012149,0.003812,-0.050445,-0.064959,-0.455961,
1625007173.000000,77904463.000000,0.082301,-0.024900,-0.001771,0.003257,0.027171,-0.134344,0.990557,0.145424,-0.019955,-0.003619,-0.014257,-0.059696,-0.462425,
1625007173.000000,82907438.000000,0.082971,-0.025191,-0.001826,0.003241,0.027017,-0.135501,0.990403,0.144244,-0.020267,-0.002555,0.041292,-0.044380,-0.468880,
1625007173.000000,127933741.000000,0.088228,-0.027942,-0.001136,0.004064,0.026170,-0.145623,0.988986,0.139001,-0.025011,0.013167,0.038416,0.098247,-0.477571,
1625007173.000000,132936239.000000,0.088872,-0.028267,-0.001103,0.004112,0.026460,-0.146785,0.988806,0.142599,-0.024817,0.012737,0.000678,0.109864,-0.466709,
1625007173.000000,137939215.000000,0.089577,-0.028555,-0.001156,0.004114,0.026692,-0.147935,0.988628,0.150465,-0.018354,0.003576,0.002881,0.083939,-0.462523,
1625007173.000000,142942429.000000,0.090381,-0.028583,-0.000782,0.004118,0.027123,-0.149123,0.988438,0.155194,-0.009859,-0.000613,-0.016005,0.111407,-0.467842,
1625007173.000000,147945404.000000,0.091120,-0.028857,-0.000844,0.004086,0.027446,-0.150278,0.988254,0.159724,-0.007500,-0.005391,-0.005789,0.135915,-0.463691,
1625007173.000000,152948380.000000,0.091752,-0.029116,-0.000840,0.004108,0.027747,-0.151400,0.988075,0.150872,-0.007832,-0.001636,-0.004246,0.086309,-0.444455,
1625007173.000000,157951355.000000,0.092467,-0.029378,-0.000892,0.004060,0.027958,-0.152509,0.987898,0.151973,-0.006274,-0.003382,-0.030093,0.106779,-0.466646,
1625007173.000000,162954330.000000,0.093190,-0.029636,-0.000957,0.003975,0.028231,-0.153684,0.987709,0.153259,-0.004685,-0.005282,-0.042820,0.049662,-0.473402,
1625007173.000000,167850971.000000,0.093875,-0.029905,-0.001007,0.003822,0.028215,-0.154840,0.987529,0.148911,-0.007130,-0.004149,-0.047100,-0.060394,-0.473089,
1625007173.000000,172853708.000000,0.094568,-0.030167,-0.001072,0.003644,0.028000,-0.156010,0.987352,0.147364,-0.007173,-0.004914,-0.037523,-0.137331,-0.467994,
1625007173.000000,217880011.000000,0.100076,-0.033854,-0.001948,0.004261,0.026822,-0.166052,0.985743,0.119304,-0.019815,0.005562,0.018871,-0.206332,-0.443422,
1625007173.000000,222882986.000000,0.100603,-0.034140,-0.001954,0.004253,0.026448,-0.167162,0.985566,0.116762,-0.018745,0.003853,0.045678,-0.080234,-0.453072,
1625007173.000000,227885962.000000,0.101256,-0.034462,-0.001987,0.004329,0.026402,-0.168294,0.985374,0.134835,-0.017312,0.001355,0.037216,0.048151,-0.463713,
1625007173.000000,232888937.000000,0.101878,-0.034770,-0.002021,0.004383,0.026637,-0.169437,0.985171,0.140355,-0.016045,-0.000647,-0.005432,0.139227,-0.459515,
1625007173.000000,237891912.000000,0.102525,-0.035083,-0.002069,0.004365,0.026988,-0.170543,0.984971,0.145969,-0.014763,-0.002861,-0.021617,0.102533,-0.438172,
1625007173.000000,242895126.000000,0.103487,-0.035304,-0.001472,0.004379,0.027278,-0.171647,0.984771,0.154394,-0.010734,0.001072,-0.018209,0.061409,-0.427428,
1625007173.000000,247897863.000000,0.104201,-0.035614,-0.001510,0.004350,0.027447,-0.172712,0.984580,0.155783,-0.009165,-0.000728,0.001901,0.064947,-0.440272,
1625007173.000000,252900839.000000,0.104922,-0.035921,-0.001553,0.004365,0.027596,-0.173816,0.984382,0.157100,-0.007583,-0.002269,0.003205,0.053265,-0.456286,
1625007173.000000,257904053.000000,0.105647,-0.036222,-0.001614,0.004323,0.027706,-0.174949,0.984178,0.158270,-0.005987,-0.004371,-0.026747,0.024698,-0.462702,
1625007173.000000,262907028.000000,0.106364,-0.036532,-0.001665,0.004209,0.027794,-0.176091,0.983972,0.158056,-0.006344,-0.003745,-0.044926,0.047699,-0.469036,
1625007173.000000,357961893.000000,0.118401,-0.043311,-0.002059,0.004618,0.027955,-0.197036,0.979987,0.147498,-0.009926,-0.002902,-0.023385,-0.005988,-0.456362,
1625007173.000000,362964869.000000,0.119059,-0.043641,-0.002119,0.004478,0.027917,-0.198161,0.979762,0.146625,-0.009658,-0.003503,-0.050130,-0.023382,-0.462767,
1625007173.000000,367967844.000000,0.119711,-0.043969,-0.002174,0.004326,0.027961,-0.199293,0.979532,0.145653,-0.009395,-0.003620,-0.043775,0.042472,-0.461713,
1625007173.000000,372971058.000000,0.120577,-0.044422,-0.002814,0.004194,0.027589,-0.200395,0.979318,0.148731,-0.011424,0.004628,-0.026592,0.020806,-0.443637,
1625007173.000000,377973795.000000,0.121240,-0.044767,-0.002822,0.004140,0.027567,-0.201466,0.979099,0.148483,-0.011249,0.006670,0.019119,-0.033788,-0.436075,
1625007173.000000,382976770.000000,0.121900,-0.045112,-0.002829,0.004228,0.027514,-0.202556,0.978875,0.147950,-0.011076,0.008422,0.083121,0.034864,-0.455262,
1625007173.000000,387979984.000000,0.122495,-0.045531,-0.002546,0.004463,0.027697,-0.203700,0.978631,0.143250,-0.020375,0.038795,0.078076,0.138100,-0.470288,
1625007173.000000,392982960.000000,0.123111,-0.045918,-0.002360,0.004639,0.027970,-0.204831,0.978387,0.141147,-0.023023,0.049649,0.049985,0.060216,-0.442663,
1625007173.000000,397985935.000000,0.123713,-0.046315,-0.002125,0.004743,0.027973,-0.205886,0.978165,0.138935,-0.025700,0.059965,0.058567,-0.002383,-0.426413,
1625007173.000000,402989149.000000,0.124258,-0.046649,-0.002060,0.004865,0.027941,-0.206937,0.977943,0.128456,-0.021271,0.038442,0.062931,-0.019625,-0.426594,
1625007173.000000,453018188.000000,0.130012,-0.051037,-0.003040,0.004791,0.027813,-0.217530,0.975646,0.160764,-0.010187,-0.008398,0.005418,0.057069,-0.437175,
1625007173.000000,458020926.000000,0.130722,-0.051422,-0.003127,0.004815,0.027949,-0.218619,0.975398,0.162261,-0.008222,-0.010923,0.001380,0.049990,-0.450146,
1625007173.000000,463023901.000000,0.131389,-0.051809,-0.003184,0.004760,0.028043,-0.219715,0.975149,0.157201,-0.010301,-0.007164,-0.033971,0.009775,-0.450063,
1625007173.000000,468027115.000000,0.132071,-0.052191,-0.003265,0.004603,0.028056,-0.220802,0.974904,0.155892,-0.009964,-0.007541,-0.064848,-0.017974,-0.441589,
1625007173.000000,473030090.000000,0.132747,-0.052569,-0.003348,0.004404,0.028055,-0.221872,0.974662,0.154463,-0.009638,-0.008267,-0.053294,-0.013657,-0.444667,
1625007173.000000,478033066.000000,0.134167,-0.052417,-0.004077,0.004354,0.027577,-0.222922,0.974436,0.148403,-0.012021,0.012965,0.036175,-0.006265,-0.444833,
1625007173.000000,483036280.000000,0.134812,-0.052804,-0.004066,0.004489,0.027539,-0.224008,0.974188,0.148329,-0.014540,0.020073,0.077124,-0.000878,-0.446846,
1625007173.000000,488039017.000000,0.135444,-0.053201,-0.003982,0.004646,0.027603,-0.225119,0.973929,0.147921,-0.017051,0.028747,0.058700,0.111940,-0.461803,
1625007173.000000,493041992.000000,0.136061,-0.053606,-0.003853,0.004818,0.027948,-0.226241,0.973658,0.147063,-0.019561,0.037469,0.038474,0.136423,-0.450212,
1625007173.000000,498045206.000000,0.136633,-0.053944,-0.003835,0.004948,0.028147,-0.227304,0.973404,0.138215,-0.015811,0.029677,0.063833,0.049825,-0.422377,
1625007173.000000,538067818.000000,0.141773,-0.056962,-0.003272,0.004965,0.026772,-0.235594,0.971470,0.152032,-0.005668,0.028286,0.004509,0.072076,-0.438382,
1625007173.000000,543070793.000000,0.142449,-0.057332,-0.003216,0.004975,0.027033,-0.236652,0.971206,0.155018,-0.003348,0.020946,-0.012747,0.132446,-0.435157,
1625007173.000000,548073769.000000,0.143431,-0.057953,-0.004514,0.005061,0.027390,-0.237719,0.970935,0.165200,-0.000722,-0.008594,-0.010332,0.104982,-0.430961,
1625007173.000000,553076982.000000,0.144168,-0.058337,-0.004614,0.005040,0.027593,-0.238775,0.970670,0.168436,0.001103,-0.012740,-0.021039,0.061129,-0.447854,
1625007173.000000,558079958.000000,0.144823,-0.058708,-0.004628,0.004983,0.027724,-0.239884,0.970393,0.160433,-0.000923,-0.005344,-0.018968,0.026396,-0.460848,
1625007173.000000,563082695.000000,0.145527,-0.059084,-0.004705,0.004911,0.027787,-0.240993,0.970117,0.159966,-0.000351,-0.006105,-0.029473,0.024018,-0.454362,
1625007173.000000,568085909.000000,0.146230,-0.059458,-0.004787,0.004810,0.027862,-0.242086,0.969843,0.159482,0.000214,-0.006971,-0.030737,0.000073,-0.449024,
1625007173.000000,573088884.000000,0.146934,-0.059849,-0.004841,0.004702,0.027864,-0.243173,0.969571,0.160495,-0.001505,-0.003369,-0.034795,0.003794,-0.450078,
1625007173.000000,578091860.000000,0.147180,-0.060510,-0.005185,0.004686,0.027533,-0.244257,0.969308,0.156165,-0.009155,0.000510,-0.013711,0.056971,-0.443764,
1625007173.000000,583094120.000000,0.147844,-0.060923,-0.005220,0.004732,0.027724,-0.245331,0.969031,0.156527,-0.009554,0.002225,0.036506,0.095244,-0.448973,
1625007173.000000,628120899.000000,0.151570,-0.064435,-0.005066,0.005166,0.026492,-0.254722,0.966637,0.127438,-0.014233,-0.001191,0.007740,-0.055348,-0.421438,
1625007173.000000,633124113.000000,0.152093,-0.064811,-0.005116,0.005155,0.026433,-0.255750,0.966368,0.129919,-0.013159,-0.003849,0.025780,0.009335,-0.430928,
1625007173.000000,638127089.000000,0.152661,-0.065199,-0.005169,0.005208,0.026481,-0.256799,0.966088,0.137057,-0.010899,-0.004404,0.015408,0.026487,-0.429997,
1625007173.000000,643129826.000000,0.152939,-0.066441,-0.004589,0.005305,0.026735,-0.257853,0.965800,0.149846,-0.017268,0.008594,0.011900,0.062990,-0.436206,
1625007173.000000,648133039.000000,0.153559,-0.066893,-0.004586,0.005353,0.026966,-0.258922,0.965507,0.154582,-0.015629,0.008318,-0.012228,0.122557,-0.448002,
1625007173.000000,653136015.000000,0.154138,-0.067313,-0.004628,0.005363,0.027346,-0.260004,0.965205,0.151344,-0.013782,0.003015,-0.017984,0.176498,-0.449072,
1625007173.000000,658138990.000000,0.154763,-0.067751,-0.004666,0.005396,0.027734,-0.261075,0.964905,0.153439,-0.012065,0.000387,-0.025034,0.091302,-0.438422,
1625007173.000000,663141012.000000,0.155398,-0.068188,-0.004721,0.005323,0.027843,-0.262125,0.964617,0.155379,-0.010347,-0.002542,-0.014766,0.012943,-0.439391,
1625007173.000000,668227196.000000,0.155970,-0.068611,-0.004750,0.005277,0.027880,-0.263193,0.964326,0.147142,-0.012430,-0.000060,-0.018606,0.002891,-0.443754,
1625007173.000000,673229933.000000,0.156567,-0.069036,-0.004792,0.005184,0.027935,-0.264260,0.964033,0.145178,-0.012245,-0.000137,-0.030667,0.039639,-0.443713,
1625007173.000000,718256950.000000,0.160651,-0.072679,-0.004890,0.005573,0.026858,-0.273643,0.961440,0.111148,-0.021019,0.014362,0.027849,-0.180725,-0.419138,
1625007173.000000,723259687.000000,0.161073,-0.073063,-0.004837,0.005554,0.026611,-0.274677,0.961152,0.109395,-0.020264,0.011326,0.016655,-0.085166,-0.431074,
1625007173.000000,728262663.000000,0.161481,-0.073436,-0.004798,0.005505,0.026436,-0.275702,0.960864,0.107212,-0.019530,0.008381,0.025723,-0.011658,-0.419280,
1625007173.000000,733265877.000000,0.162038,-0.073886,-0.004728,0.005565,0.026455,-0.276707,0.960574,0.125647,-0.017561,0.011967,0.019869,-0.021774,-0.420258,
1625007173.000000,738267899.000000,0.162539,-0.074301,-0.004682,0.005545,0.026352,-0.277738,0.960279,0.130487,-0.016366,0.011780,0.028924,-0.008547,-0.437351,
1625007173.000000,743270874.000000,0.163304,-0.075421,-0.004488,0.005665,0.026657,-0.278843,0.959950,0.145926,-0.020239,0.021049,-0.009851,0.092708,-0.439598,
1625007173.000000,748273611.000000,0.163884,-0.075875,-0.004468,0.005647,0.026933,-0.279882,0.959640,0.149015,-0.016256,0.015723,-0.017964,0.088881,-0.428880,
1625007173.000000,753276825.000000,0.164482,-0.076348,-0.004440,0.005663,0.027138,-0.280904,0.959335,0.152903,-0.014149,0.013451,-0.004651,0.100799,-0.426713,
1625007173.000000,758279800.000000,0.165098,-0.076821,-0.004423,0.005701,0.027420,-0.281947,0.959021,0.156484,-0.012020,0.011293,0.001452,0.103616,-0.449046,
1625007173.000000,763282776.000000,0.165667,-0.077281,-0.004405,0.005735,0.027642,-0.283048,0.958690,0.150899,-0.013244,0.010682,-0.011063,0.089350,-0.464111,
1625007173.000000,853335857.000000,0.174701,-0.085415,-0.004557,0.005990,0.026997,-0.301690,0.953005,0.159692,-0.009523,0.016462,0.003806,0.086365,-0.430063,
1625007173.000000,858338833.000000,0.175233,-0.085872,-0.004496,0.006015,0.027195,-0.302728,0.952670,0.152183,-0.009816,0.016595,-0.018354,0.078773,-0.437665,
1625007173.000000,863342047.000000,0.175836,-0.086354,-0.004451,0.005984,0.027407,-0.303782,0.952329,0.153444,-0.008241,0.015844,-0.017633,0.073604,-0.455634,
1625007173.000000,868345022.000000,0.176448,-0.086836,-0.004410,0.005964,0.027570,-0.304883,0.951972,0.154829,-0.006642,0.015152,-0.023643,0.043961,-0.463280,
1625007173.000000,873347998.000000,0.177032,-0.087317,-0.004350,0.005878,0.027675,-0.305971,0.951620,0.151995,-0.008344,0.017653,-0.033527,0.023690,-0.453576,
1625007173.000000,878351212.000000,0.177136,-0.087488,-0.006003,0.005750,0.027361,-0.307040,0.951286,0.137864,-0.012139,-0.006356,-0.013205,0.001638,-0.448272,
1625007173.000000,883353949.000000,0.177656,-0.087938,-0.006071,0.005704,0.027390,-0.308098,0.950943,0.136751,-0.011945,-0.006804,-0.016151,0.029908,-0.438767,
1625007173.000000,888356924.000000,0.178147,-0.088448,-0.005866,0.005684,0.027507,-0.309130,0.950605,0.135855,-0.019086,0.022809,0.013268,0.038904,-0.433347,
1625007173.000000,893358946.000000,0.178640,-0.088932,-0.005766,0.005807,0.027562,-0.310172,0.950263,0.134845,-0.021232,0.031832,0.092304,0.051130,-0.441900,
1625007173.000000,898362160.000000,0.179126,-0.089425,-0.005611,0.006085,0.027663,-0.311235,0.949911,0.133901,-0.023361,0.041832,0.096895,0.094808,-0.445150,
1625007173.000000,943388700.000000,0.183529,-0.094129,-0.005813,0.006250,0.026343,-0.320329,0.946920,0.153259,-0.015217,0.004522,0.017745,0.006124,-0.425987,
1625007173.000000,948391914.000000,0.184105,-0.094661,-0.005832,0.006273,0.026325,-0.321348,0.946575,0.158835,-0.013868,0.003065,0.020121,0.031572,-0.440736,
1625007173.000000,953394890.000000,0.184649,-0.095126,-0.005868,0.006327,0.026524,-0.322414,0.946206,0.155320,-0.009717,0.000601,-0.009762,0.115113,-0.453730,
1625007173.000000,958397627.000000,0.185242,-0.095640,-0.005906,0.006367,0.026873,-0.323480,0.945832,0.158398,-0.007538,-0.000686,-0.016330,0.166674,-0.450434,
1625007173.000000,963400841.000000,0.185855,-0.096157,-0.005950,0.006414,0.027245,-0.324530,0.945461,0.161601,-0.005349,-0.001880,-0.028856,0.086837,-0.437700,
1625007173.000000,968403816.000000,0.186431,-0.096658,-0.005982,0.006342,0.027383,-0.325571,0.945100,0.156543,-0.006014,-0.000810,-0.025940,0.042234,-0.455605,
1625007173.000000,973406792.000000,0.187030,-0.097163,-0.006030,0.006296,0.027470,-0.326663,0.944721,0.155928,-0.004957,-0.001619,-0.010805,-0.024425,-0.455959,
1625007173.000000,978410006.000000,0.187064,-0.097696,-0.006179,0.006252,0.027258,-0.327721,0.944361,0.141718,-0.010202,-0.005658,-0.033079,-0.006412,-0.456730,
1625007173.000000,983411789.000000,0.187546,-0.098219,-0.006099,0.006148,0.027340,-0.328792,0.943986,0.140382,-0.015909,0.008047,-0.025954,0.012590,-0.442077,
1625007173.000000,988414764.000000,0.188046,-0.098721,-0.006088,0.006126,0.027378,-0.329826,0.943625,0.140014,-0.016990,0.011419,0.025351,0.035132,-0.446006,
1625007174.000000,33442020.000000,0.192416,-0.102793,-0.005441,0.006451,0.025862,-0.339038,0.940395,0.123465,-0.014396,0.022224,0.007222,-0.086702,-0.436596,
1625007174.000000,38444757.000000,0.192858,-0.103250,-0.005365,0.006437,0.025800,-0.340079,0.940021,0.126918,-0.013326,0.021351,0.021173,0.020948,-0.445213,
1625007174.000000,43447971.000000,0.193107,-0.103875,-0.005693,0.006486,0.025908,-0.341177,0.939620,0.139603,-0.012274,0.007358,0.049924,0.102140,-0.447319,
1625007174.000000,48450947.000000,0.193612,-0.104372,-0.005715,0.006661,0.026166,-0.342214,0.939234,0.144052,-0.010675,0.004400,0.014094,0.121592,-0.429289,
1625007174.000000,53452969.000000,0.194134,-0.104877,-0.005751,0.006698,0.026440,-0.343206,0.938864,0.148295,-0.009079,0.001552,-0.020542,0.103195,-0.426954,
1625007174.000000,58457136.000000,0.194622,-0.105339,-0.005784,0.006705,0.026705,-0.344214,0.938488,0.141674,-0.006840,-0.000095,-0.028742,0.100099,-0.429280,
1625007174.000000,63458920.000000,0.195140,-0.105819,-0.005829,0.006691,0.026927,-0.345227,0.938109,0.142050,-0.004980,-0.001676,-0.005576,0.051562,-0.445079,
1625007174.000000,68462849.000000,0.195667,-0.106295,-0.005882,0.006683,0.026982,-0.346296,0.937713,0.142498,-0.003098,-0.002989,-0.007276,-0.000647,-0.460186,
1625007174.000000,73464870.000000,0.196200,-0.106766,-0.005939,0.006613,0.027022,-0.347380,0.937312,0.142898,-0.001208,-0.004347,-0.020438,0.032063,-0.467523,
1625007174.000000,78468084.000000,0.197102,-0.107546,-0.006290,0.006507,0.027139,-0.348440,0.936915,0.147378,-0.000245,-0.004746,-0.064829,0.059057,-0.463417,
1625007174.000000,123494864.000000,0.200329,-0.112774,-0.005599,0.007243,0.026663,-0.357645,0.933449,0.117367,-0.021991,0.019878,0.015667,-0.190338,-0.411197,
1625007174.000000,128497839.000000,0.200696,-0.113246,-0.005549,0.007086,0.026266,-0.358614,0.933089,0.115825,-0.020391,0.015165,-0.013602,-0.152858,-0.420675,
1625007174.000000,133500814.000000,0.201061,-0.113708,-0.005532,0.006914,0.025991,-0.359608,0.932716,0.114339,-0.018790,0.009712,0.016608,-0.088455,-0.424020,
1625007174.000000,138504028.000000,0.201495,-0.114262,-0.005457,0.006935,0.025781,-0.360598,0.932339,0.129662,-0.021407,0.016717,0.064157,-0.087931,-0.424965,
1625007174.000000,143505812.000000,0.201694,-0.114823,-0.005466,0.006887,0.025627,-0.361640,0.931940,0.139255,-0.024428,0.027657,0.066114,0.049654,-0.446266,
1625007174.000000,148508787.000000,0.202138,-0.115395,-0.005359,0.007062,0.025894,-0.362689,0.931524,0.143837,-0.024421,0.031059,-0.010256,0.148726,-0.442243,
1625007174.000000,153511763.000000,0.202629,-0.115894,-0.005407,0.007067,0.026247,-0.363692,0.931123,0.145082,-0.014402,0.014549,-0.032335,0.127691,-0.429213,
1625007174.000000,158514977.000000,0.203127,-0.116441,-0.005390,0.007094,0.026507,-0.364693,0.930723,0.148646,-0.011069,0.010863,-0.012517,0.056080,-0.433555,
1625007174.000000,163517952.000000,0.203646,-0.116986,-0.005389,0.007068,0.026596,-0.365721,0.930318,0.151963,-0.007717,0.007304,-0.002152,0.036286,-0.454799,
1625007174.000000,168520689.000000,0.204102,-0.117518,-0.005350,0.007088,0.026732,-0.366794,0.929891,0.145262,-0.011313,0.011457,-0.007232,0.065450,-0.461360,
1625007174.000000,218451023.000000,0.209167,-0.123065,-0.006582,0.007899,0.027028,-0.377035,0.925771,0.116036,-0.019174,0.010395,0.091969,-0.088530,-0.409114,
1625007174.000000,223453999.000000,0.209506,-0.123529,-0.006577,0.007901,0.026711,-0.377973,0.925398,0.110123,-0.018539,0.005446,0.011064,-0.183943,-0.396246,
1625007174.000000,228456736.000000,0.209822,-0.123968,-0.006603,0.007634,0.026216,-0.378896,0.925036,0.103946,-0.017935,-0.000359,-0.006638,-0.211683,-0.403632,
1625007174.000000,233458757.000000,0.210234,-0.124479,-0.006615,0.007462,0.025830,-0.379856,0.924655,0.118778,-0.015330,0.000822,0.004655,-0.133563,-0.422903,
1625007174.000000,238461971.000000,0.210608,-0.124952,-0.006647,0.007385,0.025607,-0.380845,0.924255,0.120975,-0.013895,-0.000796,0.049939,-0.043761,-0.426128,
1625007174.000000,243464947.000000,0.211484,-0.126067,-0.006339,0.007494,0.025549,-0.381859,0.923837,0.145336,-0.011010,0.019191,0.064425,-0.040100,-0.428161,
1625007174.000000,248467922.000000,0.212015,-0.126653,-0.006378,0.007524,0.025467,-0.382862,0.923424,0.154729,-0.008081,0.009489,-0.001782,0.026833,-0.438818,
1625007174.000000,253470898.000000,0.212546,-0.127235,-0.006368,0.007546,0.025726,-0.383880,0.922994,0.159846,-0.006062,0.008150,-0.017087,0.167246,-0.443135,
1625007174.000000,258473873.000000,0.213102,-0.127832,-0.006370,0.007649,0.026126,-0.384890,0.922561,0.165144,-0.004020,0.006661,-0.017706,0.112798,-0.433536,
1625007174.000000,263476849.000000,0.213625,-0.128398,-0.006341,0.007678,0.026312,-0.385881,0.922141,0.160084,-0.003698,0.009768,0.026565,0.081780,-0.430263,
1625007174.000000,313505888.000000,0.216819,-0.134023,-0.005571,0.008474,0.027165,-0.396134,0.917752,0.123028,-0.025246,0.044161,0.049556,0.035550,-0.410123,
1625007174.000000,318508625.000000,0.217150,-0.134558,-0.005381,0.008467,0.027010,-0.397057,0.917357,0.119122,-0.025432,0.046374,0.044624,-0.128574,-0.398238,
1625007174.000000,323511839.000000,0.217467,-0.135081,-0.005176,0.008402,0.026604,-0.397993,0.916964,0.114980,-0.025627,0.048670,0.035773,-0.167711,-0.414294,
1625007174.000000,328514576.000000,0.217810,-0.135590,-0.005037,0.008250,0.026227,-0.398959,0.916556,0.115480,-0.021294,0.039649,0.008644,-0.155800,-0.419719,
1625007174.000000,333517551.000000,0.218131,-0.136085,-0.004874,0.008108,0.025847,-0.399913,0.916153,0.113183,-0.019695,0.037199,0.037486,-0.174730,-0.406890,
1625007174.000000,338520765.000000,0.218447,-0.136564,-0.004719,0.008037,0.025458,-0.400857,0.915752,0.110612,-0.018107,0.034984,0.046249,-0.096972,-0.420592,
1625007174.000000,343523741.000000,0.219144,-0.137546,-0.006191,0.007884,0.025266,-0.401881,0.915309,0.146176,-0.015820,0.003870,0.023798,-0.011414,-0.441044,
1625007174.000000,348526716.000000,0.219591,-0.138146,-0.006213,0.007903,0.025265,-0.402893,0.914864,0.151562,-0.014742,0.002840,0.020486,0.014911,-0.437861,
1625007174.000000,353529930.000000,0.220059,-0.138764,-0.006241,0.007935,0.025334,-0.403896,0.914420,0.156919,-0.013643,0.001891,-0.009068,0.056040,-0.445173,
1625007174.000000,358532667.000000,0.220519,-0.139335,-0.006308,0.007955,0.025569,-0.404914,0.913962,0.155237,-0.010026,-0.003087,-0.012672,0.128131,-0.440045,
1625007174.000000,458591938.000000,0.227876,-0.151384,-0.005396,0.008454,0.025274,-0.424978,0.904811,0.146733,-0.008438,0.003737,-0.001430,0.063177,-0.447421,
1625007174.000000,463594913.000000,0.228322,-0.151982,-0.005429,0.008520,0.025542,-0.425995,0.904325,0.150917,-0.006693,0.000564,-0.006035,0.127704,-0.449640,
1625007174.000000,468597889.000000,0.228750,-0.152564,-0.005457,0.008642,0.025861,-0.426997,0.903842,0.148779,-0.006415,0.000070,0.004847,0.159979,-0.438936,
1625007174.000000,473600864.000000,0.228447,-0.153266,-0.004955,0.008998,0.026362,-0.428009,0.903345,0.142398,-0.012654,0.009626,-0.024820,0.066354,-0.442046,
1625007174.000000,478604078.000000,0.228853,-0.153860,-0.004951,0.008911,0.026418,-0.429014,0.902867,0.143535,-0.011540,0.008537,-0.013559,-0.031848,-0.446421,
1625007174.000000,483607054.000000,0.229230,-0.154414,-0.004957,0.008806,0.026347,-0.430027,0.902388,0.138472,-0.010637,0.006859,-0.040591,-0.044349,-0.454844,
1625007174.000000,488608837.000000,0.229624,-0.154982,-0.004951,0.008599,0.026296,-0.431056,0.901901,0.137304,-0.009599,0.007024,-0.039228,-0.069529,-0.453909,
1625007174.000000,493611813.000000,0.230018,-0.155543,-0.004948,0.008444,0.026151,-0.432073,0.901420,0.136171,-0.008564,0.006781,-0.012011,-0.071973,-0.450587,
1625007174.000000,498615026.000000,0.230389,-0.156174,-0.004745,0.008439,0.026129,-0.433106,0.900925,0.139722,-0.016996,0.034437,0.065199,0.097137,-0.468697,
1625007174.000000,503617764.000000,0.230761,-0.156787,-0.004582,0.008807,0.026456,-0.434170,0.900399,0.140256,-0.019708,0.043933,0.073531,0.228533,-0.465671,
1625007174.000000,553647757.000000,0.234490,-0.162430,-0.004659,0.008811,0.024785,-0.443907,0.895687,0.138457,-0.000606,0.013834,-0.033708,0.061746,-0.449545,
1625007174.000000,558649778.000000,0.234919,-0.162992,-0.004629,0.008867,0.025004,-0.444910,0.895183,0.142796,0.001298,0.013143,0.019885,0.093976,-0.445350,
1625007174.000000,563652754.000000,0.235326,-0.163569,-0.004607,0.009022,0.025183,-0.445902,0.894682,0.143933,-0.001824,0.012097,0.041309,0.105098,-0.444200,
1625007174.000000,568655729.000000,0.235758,-0.164158,-0.004588,0.009200,0.025463,-0.446914,0.894167,0.147039,-0.001902,0.011050,-0.001256,0.166641,-0.466552,
1625007174.000000,573658705.000000,0.235873,-0.165481,-0.004720,0.009443,0.026062,-0.447931,0.893638,0.154990,-0.012205,0.011301,-0.035527,0.115380,-0.467834,
1625007174.000000,578661919.000000,0.236262,-0.166018,-0.004794,0.009394,0.026251,-0.448953,0.893120,0.145237,-0.006492,0.001476,-0.039720,0.019318,-0.452739,
1625007174.000000,583664894.000000,0.236670,-0.166615,-0.004832,0.009256,0.026253,-0.449953,0.892618,0.144071,-0.004761,-0.001316,-0.034361,-0.075637,-0.444264,
1625007174.000000,588667870.000000,0.237077,-0.167200,-0.004885,0.009060,0.026097,-0.450950,0.892121,0.142645,-0.003040,-0.004226,-0.023719,-0.065744,-0.454830,
1625007174.000000,593670607.000000,0.237456,-0.167817,-0.004787,0.008914,0.026006,-0.451972,0.891609,0.142511,-0.008405,0.016267,-0.026820,-0.085853,-0.452893,
1625007174.000000,598673820.000000,0.237843,-0.168421,-0.004727,0.008794,0.025838,-0.452979,0.891103,0.142033,-0.009521,0.023517,0.053643,-0.022520,-0.456931,
1625007174.000000,643699884.000000,0.239561,-0.174110,-0.004216,0.009425,0.024764,-0.461804,0.886586,0.135990,-0.016808,0.015296,0.026613,0.035906,-0.450598,
1625007174.000000,648702860.000000,0.239892,-0.174728,-0.004180,0.009461,0.024828,-0.462791,0.886069,0.139855,-0.015847,0.015487,0.012379,0.001114,-0.432586,
1625007174.000000,653705835.000000,0.240236,-0.175358,-0.004141,0.009442,0.024785,-0.463742,0.885573,0.143571,-0.014884,0.015632,0.003131,-0.009154,-0.436585,
1625007174.000000,658708811.000000,0.240599,-0.175920,-0.004184,0.009426,0.024844,-0.464729,0.885054,0.141593,-0.008834,0.007123,-0.005626,0.047365,-0.449616,
1625007174.000000,663712025.000000,0.240973,-0.176531,-0.004195,0.009464,0.025007,-0.465722,0.884527,0.143817,-0.006352,0.004473,-0.008661,0.078165,-0.450580,
1625007174.000000,668714762.000000,0.241361,-0.177144,-0.004219,0.009509,0.025217,-0.466717,0.883996,0.146043,-0.003858,0.001838,-0.010893,0.089726,-0.450612,
1625007174.000000,673722982.000000,0.241345,-0.178124,-0.004148,0.009775,0.025542,-0.467711,0.883458,0.145542,-0.012312,0.004219,-0.000204,0.119403,-0.465495,
1625007174.000000,678726196.000000,0.241705,-0.178762,-0.004176,0.009864,0.025811,-0.468746,0.882901,0.147175,-0.011626,0.003078,-0.024469,0.090021,-0.468808,
1625007174.000000,683728933.000000,0.242072,-0.179408,-0.004208,0.009803,0.025962,-0.469762,0.882357,0.148979,-0.010934,0.001902,-0.037596,-0.010748,-0.453836,
1625007174.000000,688731909.000000,0.242388,-0.179982,-0.004220,0.009624,0.025908,-0.470756,0.881831,0.140279,-0.010789,0.002896,-0.053258,-0.075673,-0.452684,
1625007174.000000,733757734.000000,0.244498,-0.186347,-0.003479,0.010037,0.025064,-0.479668,0.877035,0.125879,-0.023956,0.031742,0.021009,-0.185691,-0.441132,
1625007174.000000,738761902.000000,0.244989,-0.186856,-0.003875,0.009707,0.024741,-0.480600,0.876537,0.124184,-0.017497,0.022644,0.017941,-0.072144,-0.433551,
1625007174.000000,743763924.000000,0.245254,-0.187429,-0.003795,0.009707,0.024671,-0.481559,0.876013,0.124313,-0.016389,0.021827,0.042252,0.010759,-0.443122,
1625007174.000000,748766899.000000,0.245582,-0.188057,-0.003785,0.009815,0.024683,-0.482538,0.875472,0.134009,-0.012937,0.014102,0.037298,0.038178,-0.444305,
1625007174.000000,753769875.000000,0.245895,-0.188667,-0.003758,0.009849,0.024742,-0.483509,0.874934,0.137484,-0.011019,0.010827,-0.014035,0.005454,-0.446306,
1625007174.000000,758773088.000000,0.246223,-0.189285,-0.003757,0.009773,0.024778,-0.484493,0.874390,0.140873,-0.009083,0.006809,-0.014270,0.014488,-0.452781,
1625007174.000000,763775826.000000,0.246566,-0.189910,-0.003776,0.009792,0.024913,-0.485479,0.873838,0.144124,-0.007131,0.002971,-0.011764,0.094187,-0.449579,
1625007174.000000,768778801.000000,0.246904,-0.190531,-0.003747,0.009870,0.025167,-0.486459,0.873285,0.144479,-0.006356,0.007126,0.002823,0.091432,-0.452714,
1625007174.000000,773782015.000000,0.247387,-0.191548,-0.003971,0.010148,0.025606,-0.487452,0.872715,0.150334,-0.005454,0.003457,-0.005386,0.085588,-0.450622,
1625007174.000000,778784990.000000,0.247760,-0.192198,-0.004004,0.010194,0.025852,-0.488443,0.872153,0.151935,-0.003876,0.002262,-0.028030,0.100763,-0.468554,
1625007174.000000,823811054.000000,0.249812,-0.199266,-0.002826,0.010882,0.025991,-0.497386,0.867072,0.132165,-0.031012,0.059871,0.037143,-0.177119,-0.414265,
1625007174.000000,828814030.000000,0.250049,-0.199898,-0.002648,0.010644,0.025502,-0.498306,0.866561,0.128932,-0.025739,0.048855,0.027232,-0.242593,-0.428227,
1625007174.000000,833817005.000000,0.250268,-0.200521,-0.002447,0.010391,0.024990,-0.499257,0.866031,0.125618,-0.024045,0.045562,0.015809,-0.183498,-0.442089,
1625007174.000000,838819981.000000,0.250276,-0.200972,-0.004224,0.010012,0.024667,-0.500217,0.865491,0.122311,-0.018965,0.000394,0.030356,-0.101266,-0.447449,
1625007174.000000,843822956.000000,0.250588,-0.201721,-0.004211,0.010004,0.024503,-0.501197,0.864928,0.142354,-0.018634,0.003963,0.044498,0.005281,-0.455927,
1625007174.000000,848825932.000000,0.250869,-0.202394,-0.004238,0.010107,0.024579,-0.502192,0.864348,0.147214,-0.017322,0.002375,0.014627,0.067317,-0.461308,
1625007174.000000,853829145.000000,0.251168,-0.203088,-0.004274,0.010180,0.024759,-0.503175,0.863770,0.152369,-0.015985,0.000699,-0.004726,0.102797,-0.445362,
1625007174.000000,858832121.000000,0.251472,-0.203743,-0.004346,0.010265,0.024998,-0.504122,0.863210,0.149502,-0.011853,-0.005296,-0.010989,0.072644,-0.440939,
1625007174.000000,863835096.000000,0.251794,-0.204423,-0.004423,0.010295,0.025152,-0.505073,0.862649,0.151152,-0.009397,-0.008369,-0.001509,0.082379,-0.436851,
1625007174.000000,868837833.000000,0.252127,-0.205103,-0.004513,0.010373,0.025356,-0.506010,0.862092,0.152684,-0.006940,-0.011187,-0.014056,0.060022,-0.440948,
1625007174.000000,913863897.000000,0.254396,-0.212441,-0.004227,0.011014,0.026122,-0.514806,0.856838,0.140951,-0.028944,0.053465,0.094364,0.097790,-0.435662,
1625007174.000000,918866634.000000,0.254600,-0.213144,-0.003971,0.011225,0.026151,-0.515738,0.856274,0.139351,-0.031800,0.063471,0.051933,-0.001710,-0.433496,
1625007174.000000,923869848.000000,0.254821,-0.213740,-0.003908,0.011162,0.025960,-0.516661,0.855724,0.128506,-0.022846,0.037963,0.020695,-0.157560,-0.418696,
1625007174.000000,928872824.000000,0.255022,-0.214356,-0.003762,0.010921,0.025488,-0.517554,0.855201,0.123557,-0.021039,0.033472,0.035747,-0.237417,-0.416382,
1625007174.000000,933875799.000000,0.255218,-0.214946,-0.003638,0.010686,0.024996,-0.518470,0.854664,0.118495,-0.019248,0.029253,0.018916,-0.169602,-0.432475,
1625007174.000000,938879013.000000,0.255522,-0.215439,-0.004470,0.010316,0.024740,-0.519447,0.854082,0.136471,-0.012956,0.011973,0.020695,-0.104314,-0.438971,
1625007174.000000,943881750.000000,0.255786,-0.216082,-0.004449,0.010232,0.024543,-0.520383,0.853519,0.139405,-0.011449,0.011256,0.015712,-0.045554,-0.434661,
1625007174.000000,948884726.000000,0.256062,-0.216735,-0.004431,0.010250,0.024539,-0.521321,0.852946,0.142335,-0.009928,0.010616,0.037684,0.053177,-0.448430,
1625007174.000000,953887939.000000,0.256373,-0.217412,-0.004511,0.010424,0.024680,-0.522289,0.852347,0.148479,-0.006694,-0.000523,0.022264,0.107363,-0.451801,
1625007174.000000,958890915.000000,0.256689,-0.218096,-0.004559,0.010529,0.024933,-0.523239,0.851756,0.152555,-0.004581,-0.004104,-0.023977,0.106220,-0.444213,
1625007175.000000,58949947.000000,0.260672,-0.232397,-0.005141,0.010675,0.024791,-0.541938,0.839985,0.154117,-0.010548,-0.000970,-0.028643,0.197266,-0.452840,
1625007175.000000,63953161.000000,0.260936,-0.233064,-0.005244,0.010848,0.025235,-0.542857,0.839376,0.150478,-0.006871,-0.009885,-0.024152,0.139518,-0.429322,
1625007175.000000,68956137.000000,0.261217,-0.233763,-0.005344,0.010911,0.025449,-0.543747,0.838792,0.152348,-0.004731,-0.013595,0.002396,0.060218,-0.427112,
1625007175.000000,73959112.000000,0.262402,-0.234878,-0.006329,0.011089,0.025662,-0.544691,0.838171,0.154197,0.004866,-0.011280,-0.008006,0.027623,-0.449548,
1625007175.000000,78961611.000000,0.262673,-0.235535,-0.006360,0.011041,0.025751,-0.545644,0.837549,0.147602,0.001547,-0.005488,-0.031709,0.025313,-0.455021,
1625007175.000000,83964825.000000,0.262975,-0.236201,-0.006424,0.010940,0.025813,-0.546581,0.836937,0.145947,0.001870,-0.005048,-0.038018,-0.055658,-0.443196,
1625007175.000000,88966846.000000,0.263271,-0.236854,-0.006484,0.010738,0.025748,-0.547512,0.836333,0.143940,0.002178,-0.004657,-0.044398,-0.016659,-0.452708,
1625007175.000000,93969822.000000,0.263554,-0.237532,-0.006450,0.010675,0.025905,-0.548463,0.835705,0.145036,-0.000726,0.008615,-0.038061,0.067209,-0.453951,
1625007175.000000,98973036.000000,0.263837,-0.238201,-0.006441,0.010716,0.026040,-0.549392,0.835090,0.144515,-0.001705,0.014545,0.052209,0.037244,-0.435751,
1625007175.000000,103975773.000000,0.264115,-0.238873,-0.006399,0.010911,0.025991,-0.550303,0.834489,0.143844,-0.002688,0.021042,0.091292,0.035842,-0.438851,
1625007175.000000,154006004.000000,0.267818,-0.245329,-0.010625,0.010468,0.024619,-0.559221,0.828587,0.110715,0.015590,-0.053102,0.019068,0.029032,-0.430360,
1625007175.000000,159008741.000000,0.268327,-0.246270,-0.010835,0.010546,0.024633,-0.560130,0.827971,0.143001,0.019272,-0.049244,0.032372,0.060639,-0.441207,
1625007175.000000,164011955.000000,0.268681,-0.246894,-0.011128,0.010706,0.024856,-0.561043,0.827344,0.146418,0.020605,-0.051969,-0.004074,0.146213,-0.443259,
1625007175.000000,169014931.000000,0.269047,-0.247536,-0.011436,0.010842,0.025210,-0.561948,0.826717,0.150059,0.021966,-0.054635,-0.040307,0.140866,-0.433743,
1625007175.000000,173977137.000000,0.269408,-0.248141,-0.011723,0.010864,0.025478,-0.562833,0.826106,0.145854,0.023789,-0.054387,-0.029828,0.029754,-0.433601,
1625007175.000000,178980112.000000,0.270099,-0.249281,-0.011490,0.010847,0.025615,-0.563776,0.825460,0.157735,0.029579,-0.038211,-0.011509,0.010692,-0.457097,
1625007175.000000,183982849.000000,0.270521,-0.249952,-0.011729,0.010821,0.025683,-0.564734,0.824802,0.157604,0.031149,-0.039523,-0.011581,0.004087,-0.465764,
1625007175.000000,188986063.000000,0.270917,-0.250642,-0.011926,0.010732,0.025700,-0.565676,0.824157,0.158392,0.028482,-0.035338,-0.035996,-0.014434,-0.445473,
1625007175.000000,193989038.000000,0.271330,-0.251326,-0.012139,0.010626,0.025769,-0.566583,0.823533,0.158983,0.028658,-0.034112,-0.026708,0.022753,-0.445314,
1625007175.000000,198992014.000000,0.271744,-0.252012,-0.012350,0.010666,0.025918,-0.567506,0.822892,0.159514,0.028836,-0.033192,0.005512,0.107431,-0.448697,
1625007175.000000,244019032.000000,0.276304,-0.258537,-0.012745,0.010329,0.024308,-0.575598,0.817306,0.150317,0.036683,-0.018216,0.017059,-0.096478,-0.421289,
1625007175.000000,249022007.000000,0.276729,-0.259177,-0.012883,0.010277,0.024215,-0.576469,0.816695,0.150953,0.037789,-0.020776,0.013875,0.007829,-0.438167,
1625007175.000000,254024267.000000,0.277220,-0.259928,-0.013002,0.010333,0.024276,-0.577372,0.816055,0.164404,0.041100,-0.019354,0.020232,0.052314,-0.432103,
1625007175.000000,259028196.000000,0.277693,-0.260645,-0.013152,0.010428,0.024384,-0.578241,0.815435,0.169656,0.042918,-0.021023,0.006531,0.064912,-0.430678,
1625007175.000000,264029980.000000,0.278182,-0.261383,-0.013311,0.010505,0.024556,-0.579129,0.814799,0.174814,0.044768,-0.022661,-0.007503,0.094455,-0.435206,
1625007175.000000,269032955.000000,0.278673,-0.262106,-0.013496,0.010651,0.024829,-0.580014,0.814159,0.174582,0.046580,-0.027193,0.001066,0.162241,-0.443531,
1625007175.000000,274036169.000000,0.278720,-0.263669,-0.013666,0.011066,0.025271,-0.581033,0.813413,0.180609,0.041052,-0.029496,-0.020083,0.150823,-0.444905,
1625007175.000000,279039145.000000,0.279208,-0.264453,-0.013877,0.011151,0.025550,-0.581929,0.812762,0.183214,0.042915,-0.032079,-0.015142,0.077330,-0.441669,
1625007175.000000,284041882.000000,0.279645,-0.265133,-0.014051,0.011172,0.025670,-0.582825,0.812115,0.171405,0.042373,-0.030108,-0.016854,0.018018,-0.442727,
1625007175.000000,289044857.000000,0.280115,-0.265865,-0.014250,0.011108,0.025739,-0.583729,0.811464,0.169467,0.043451,-0.030672,-0.023566,0.016781,-0.451245,
1625007175.000000,349079847.000000,0.282391,-0.273432,-0.015340,0.010376,0.023808,-0.594284,0.803836,0.137600,0.022964,-0.014152,0.018863,-0.051365,-0.420690,
1625007175.000000,354083061.000000,0.282705,-0.274063,-0.015450,0.010365,0.023735,-0.595133,0.803210,0.142176,0.024156,-0.014411,0.021306,-0.001333,-0.423888,
1625007175.000000,359086037.000000,0.283031,-0.274714,-0.015560,0.010407,0.023776,-0.595994,0.802570,0.146672,0.025374,-0.014472,0.010492,0.059938,-0.433482,
1625007175.000000,364089012.000000,0.283379,-0.275368,-0.015711,0.010524,0.023941,-0.596867,0.801914,0.149565,0.028941,-0.020118,0.008395,0.094109,-0.435663,
1625007175.000000,369091988.000000,0.283736,-0.276046,-0.015858,0.010643,0.024126,-0.597736,0.801259,0.153485,0.031129,-0.022385,-0.001147,0.083379,-0.434544,
1625007175.000000,374094963.000000,0.283104,-0.277357,-0.015705,0.010856,0.024269,-0.598680,0.800547,0.172246,0.025968,-0.026282,-0.017182,0.105127,-0.447478,
1625007175.000000,379097939.000000,0.283445,-0.278074,-0.015845,0.010964,0.024542,-0.599585,0.799860,0.167776,0.027201,-0.024532,-0.018266,0.115007,-0.458210,
1625007175.000000,384101152.000000,0.283812,-0.278837,-0.016016,0.011065,0.024781,-0.600499,0.799165,0.169202,0.029153,-0.025619,-0.005468,0.091531,-0.459248,
1625007175.000000,389104128.000000,0.284188,-0.279606,-0.016190,0.011131,0.024956,-0.601408,0.798475,0.170735,0.031110,-0.026360,-0.022346,0.053458,-0.450747,
1625007175.000000,394106865.000000,0.284535,-0.280330,-0.016344,0.011099,0.025115,-0.602292,0.797803,0.163655,0.029506,-0.024097,-0.044930,0.052148,-0.440045,
1625007175.000000,434131145.000000,0.285738,-0.284974,-0.016752,0.011252,0.024370,-0.609264,0.792513,0.114218,0.016085,0.003356,0.020229,-0.255603,-0.399850,
1625007175.000000,439134121.000000,0.285633,-0.284811,-0.017152,0.010671,0.023778,-0.610119,0.791881,0.117827,0.019342,-0.011465,0.023107,-0.268160,-0.397854,
1625007175.000000,444137096.000000,0.285879,-0.285363,-0.017253,0.010372,0.023301,-0.610932,0.791272,0.118937,0.020200,-0.012999,0.032975,-0.153755,-0.424381,
1625007175.000000,449139118.000000,0.286130,-0.285921,-0.017354,0.010278,0.023099,-0.611799,0.790610,0.120182,0.021081,-0.014148,0.029647,-0.024098,-0.438475,
1625007175.000000,454142094.000000,0.286423,-0.286565,-0.017483,0.010313,0.023082,-0.612660,0.789943,0.134577,0.024378,-0.017632,0.018012,0.018350,-0.432997,
1625007175.000000,459145069.000000,0.286714,-0.287195,-0.017612,0.010338,0.023112,-0.613519,0.789274,0.140766,0.026272,-0.019495,0.007265,0.019162,-0.439370,
1625007175.000000,464148283.000000,0.287020,-0.287853,-0.017751,0.010404,0.023202,-0.614393,0.788590,0.146984,0.028200,-0.021434,0.015784,0.097246,-0.444762,
1625007175.000000,469151020.000000,0.287341,-0.288540,-0.017902,0.010595,0.023446,-0.615260,0.787905,0.153104,0.030153,-0.023524,-0.004256,0.126579,-0.434121,
1625007175.000000,474153757.000000,0.287028,-0.289298,-0.018165,0.010965,0.023818,-0.616231,0.787129,0.150097,0.028448,-0.030414,-0.006651,0.132060,-0.433150,
1625007175.000000,479156733.000000,0.287348,-0.289988,-0.018372,0.011110,0.024082,-0.617088,0.786447,0.152120,0.030649,-0.033566,-0.020197,0.093249,-0.441727,
1625007175.000000,524183750.000000,0.289360,-0.295736,-0.019052,0.011641,0.024326,-0.625041,0.780126,0.123136,0.015240,0.024515,0.059435,0.034165,-0.427118,
1625007175.000000,529186964.000000,0.289566,-0.296318,-0.018938,0.011623,0.024143,-0.625848,0.779485,0.119650,0.014116,0.032265,0.030955,-0.137256,-0.399314,
1625007175.000000,534189939.000000,0.289803,-0.296847,-0.018990,0.011347,0.023762,-0.626632,0.778870,0.113090,0.020118,0.010532,0.024183,-0.219857,-0.405656,
1625007175.000000,539192915.000000,0.289849,-0.297087,-0.019474,0.010940,0.023351,-0.627557,0.778143,0.109581,0.023868,-0.020440,0.022468,-0.213722,-0.415696,
1625007175.000000,544194937.000000,0.290080,-0.297581,-0.019618,0.010621,0.022942,-0.628368,0.777506,0.105378,0.025561,-0.026095,0.013656,-0.204952,-0.410312,
1625007175.000000,549197912.000000,0.290336,-0.298302,-0.019642,0.010375,0.022586,-0.629178,0.776864,0.129081,0.023592,-0.013406,0.035030,-0.105974,-0.423009,
1625007175.000000,554200888.000000,0.290587,-0.298917,-0.019747,0.010370,0.022477,-0.630024,0.776181,0.134004,0.024133,-0.013514,0.026694,0.026038,-0.442290,
1625007175.000000,559203863.000000,0.290845,-0.299559,-0.019855,0.010464,0.022548,-0.630886,0.775478,0.139206,0.024707,-0.013649,0.027461,0.052565,-0.442313,
1625007175.000000,564207077.000000,0.291133,-0.300201,-0.020046,0.010559,0.022621,-0.631736,0.774782,0.142363,0.029525,-0.025034,-0.000917,0.054319,-0.435852,
1625007175.000000,569210052.000000,0.291425,-0.300871,-0.020220,0.010617,0.022787,-0.632585,0.774083,0.146746,0.031828,-0.028749,-0.006734,0.086148,-0.447524,
1625007175.000000,659263134.000000,0.293983,-0.311169,-0.021808,0.010496,0.021665,-0.648175,0.761111,0.110329,0.025800,-0.013918,0.017122,0.047409,-0.446400,
1625007175.000000,664265871.000000,0.294202,-0.311702,-0.021911,0.010590,0.021774,-0.649022,0.760385,0.115364,0.027542,-0.016027,0.003263,0.045599,-0.440043,
1625007175.000000,669268847.000000,0.294284,-0.313658,-0.022139,0.010799,0.021797,-0.649995,0.759549,0.148587,0.026372,-0.015135,0.018062,0.043459,-0.438064,
1625007175.000000,674272060.000000,0.294530,-0.314306,-0.022276,0.010928,0.021933,-0.650834,0.758824,0.145490,0.029229,-0.020772,-0.014478,0.109549,-0.445616,
1625007175.000000,679275036.000000,0.294789,-0.315006,-0.022388,0.011090,0.022253,-0.651681,0.758086,0.148208,0.031415,-0.021683,-0.007723,0.176231,-0.453042,
1625007175.000000,684277773.000000,0.295059,-0.315720,-0.022511,0.011334,0.022560,-0.652539,0.757335,0.151037,0.033617,-0.022848,-0.005953,0.096362,-0.454155,
1625007175.000000,689280987.000000,0.295312,-0.316387,-0.022593,0.011361,0.022687,-0.653397,0.756590,0.144777,0.032942,-0.016940,-0.007554,0.036959,-0.457277,
1625007175.000000,694283962.000000,0.295580,-0.317073,-0.022705,0.011413,0.022818,-0.654268,0.755832,0.143843,0.033995,-0.016646,-0.023083,0.073536,-0.464784,
1625007175.000000,699286938.000000,0.295850,-0.317753,-0.022822,0.011410,0.023005,-0.655136,0.755075,0.143008,0.035046,-0.016531,-0.042633,0.019844,-0.453123,
1625007175.000000,704289913.000000,0.295437,-0.318230,-0.023993,0.011016,0.022547,-0.656072,0.754281,0.133500,0.028157,-0.033675,-0.008556,-0.035056,-0.432029,
1625007175.000000,749315977.000000,0.296442,-0.322919,-0.024260,0.010722,0.021000,-0.663527,0.747781,0.082844,0.020536,-0.018156,0.017515,-0.152161,-0.420614,
1625007175.000000,754318953.000000,0.296616,-0.323582,-0.024230,0.010497,0.020745,-0.664326,0.747082,0.107967,0.020805,-0.004389,0.026490,-0.099745,-0.423931,
1625007175.000000,759322166.000000,0.296786,-0.324119,-0.024286,0.010427,0.020573,-0.665128,0.746373,0.112696,0.022040,-0.003984,0.020740,-0.047442,-0.438658,
1625007175.000000,764324903.000000,0.296964,-0.324678,-0.024340,0.010428,0.020572,-0.665968,0.745623,0.117358,0.023309,-0.003553,0.018054,0.084325,-0.456940,
1625007175.000000,769327879.000000,0.297167,-0.325248,-0.024489,0.010666,0.020801,-0.666810,0.744861,0.121657,0.027410,-0.016769,0.006802,0.140507,-0.443105,
1625007175.000000,774331093.000000,0.297375,-0.325843,-0.024614,0.010825,0.021041,-0.667613,0.744132,0.126218,0.029833,-0.020918,-0.010594,0.099507,-0.426996,
1625007175.000000,779334068.000000,0.297197,-0.326849,-0.024503,0.011105,0.021305,-0.668586,0.743246,0.139127,0.028783,-0.019202,-0.000868,0.089656,-0.443237,
1625007175.000000,784337044.000000,0.297375,-0.327430,-0.024566,0.011232,0.021488,-0.669427,0.742482,0.130685,0.027405,-0.014688,-0.011295,0.088762,-0.462511,
1625007175.000000,789340019.000000,0.297578,-0.328058,-0.024668,0.011307,0.021680,-0.670284,0.741702,0.130306,0.028593,-0.015060,-0.016891,0.068626,-0.459345,
1625007175.000000,794342995.000000,0.297786,-0.328684,-0.024773,0.011328,0.021798,-0.671131,0.740931,0.129852,0.029775,-0.015564,-0.017750,0.008348,-0.462401,
1625007175.000000,839369059.000000,0.298445,-0.334934,-0.024671,0.011658,0.021055,-0.678630,0.734086,0.098529,0.011927,0.018939,-0.001978,-0.147297,-0.420239,
1625007175.000000,844372034.000000,0.297530,-0.335862,-0.024804,0.011339,0.020582,-0.679467,0.733330,0.090983,0.005062,0.015105,0.011949,-0.218099,-0.395777,
1625007175.000000,849374771.000000,0.297608,-0.336483,-0.024776,0.011019,0.020164,-0.680204,0.732663,0.104200,0.006325,0.012030,0.040954,-0.184114,-0.409537,
1625007175.000000,854377985.000000,0.297681,-0.337000,-0.024747,0.010844,0.019859,-0.680984,0.731948,0.103897,0.007310,0.009686,0.034580,-0.073917,-0.432087,
1625007175.000000,859380960.000000,0.297758,-0.337520,-0.024726,0.010781,0.019744,-0.681776,0.731215,0.103959,0.008301,0.007619,0.010004,-0.058432,-0.424650,
1625007175.000000,864383936.000000,0.297858,-0.338140,-0.024700,0.010679,0.019633,-0.682553,0.730495,0.118338,0.011226,0.008199,0.019440,-0.025490,-0.430857,
1625007175.000000,869386911.000000,0.297960,-0.338741,-0.024689,0.010742,0.019640,-0.683357,0.729741,0.123812,0.013038,0.006860,0.022909,0.059824,-0.445923,
1625007175.000000,874389887.000000,0.298070,-0.339370,-0.024687,0.010916,0.019804,-0.684172,0.728970,0.129355,0.014879,0.005625,0.012084,0.142221,-0.449086,
1625007175.000000,879392862.000000,0.298939,-0.341145,-0.023757,0.011386,0.020215,-0.685103,0.728076,0.143637,0.025881,0.013345,-0.007977,0.158276,-0.440775,
1625007175.000000,884396076.000000,0.299118,-0.341864,-0.023731,0.011545,0.020496,-0.685891,0.727324,0.146205,0.028304,0.010321,-0.030462,0.088194,-0.432168,
1625007175.000000,929421902.000000,0.299630,-0.349232,-0.022345,0.011998,0.020604,-0.693284,0.720270,0.122958,0.009125,0.060308,0.069824,0.002545,-0.447304,
1625007175.000000,934425116.000000,0.299700,-0.349845,-0.022060,0.011985,0.020419,-0.694069,0.719519,0.118478,0.008356,0.065072,0.044154,-0.123604,-0.417477,
1625007175.000000,939428091.000000,0.299765,-0.350428,-0.021754,0.011772,0.020084,-0.694820,0.718806,0.113568,0.007552,0.069390,0.047206,-0.145499,-0.421532,
1625007175.000000,944430828.000000,0.299735,-0.351859,-0.021767,0.011612,0.019879,-0.695608,0.718052,0.123905,0.016131,0.039876,0.019805,-0.137378,-0.419768,
1625007175.000000,949434042.000000,0.299841,-0.352479,-0.021603,0.011381,0.019622,-0.696355,0.717339,0.121638,0.017821,0.036367,0.026846,-0.127023,-0.410040,
1625007175.000000,954437017.000000,0.299954,-0.353085,-0.021454,0.011186,0.019346,-0.697092,0.716633,0.119314,0.019500,0.032948,0.014579,-0.150011,-0.405830,
1625007175.000000,959439993.000000,0.300053,-0.353858,-0.021160,0.010953,0.019067,-0.697839,0.715917,0.134872,0.018388,0.047051,0.053325,-0.106159,-0.430203,
1625007175.000000,964443207.000000,0.300167,-0.354543,-0.020971,0.010958,0.018892,-0.698639,0.715141,0.137631,0.019274,0.046755,0.026595,0.011853,-0.452786,
1625007175.000000,969446182.000000,0.300283,-0.355248,-0.020783,0.011007,0.018972,-0.699443,0.714351,0.140782,0.020168,0.046469,0.007469,0.042883,-0.444222,
1625007175.000000,974448919.000000,0.300429,-0.355999,-0.020696,0.011106,0.019063,-0.700230,0.713576,0.148912,0.024865,0.032097,-0.005602,0.094110,-0.443035,
1625007176.000000,19475222.000000,0.299268,-0.366002,-0.021824,0.011991,0.020149,-0.707559,0.706265,0.155788,0.003642,0.047691,0.080313,0.102279,-0.459189,
1625007176.000000,24477959.000000,0.299282,-0.366786,-0.021607,0.012220,0.020100,-0.708361,0.705458,0.153193,0.001645,0.055638,0.080526,-0.003936,-0.448455,
1625007176.000000,29480934.000000,0.299285,-0.367556,-0.021343,0.012277,0.019951,-0.709159,0.704659,0.150375,-0.000370,0.063816,0.064205,-0.007748,-0.454830,
1625007176.000000,34484148.000000,0.299326,-0.368252,-0.021223,0.012365,0.019844,-0.709969,0.703845,0.140063,0.004953,0.045438,0.066443,-0.032185,-0.457056,
1625007176.000000,39487123.000000,0.299348,-0.368948,-0.021033,0.012282,0.019592,-0.710757,0.703057,0.134219,0.005810,0.042989,0.043122,-0.155478,-0.425152,
1625007176.000000,44489861.000000,0.298190,-0.370847,-0.021790,0.012106,0.019267,-0.711453,0.702365,0.138661,0.000867,0.037813,0.030134,-0.179225,-0.417384,
1625007176.000000,49492836.000000,0.298189,-0.371536,-0.021635,0.011862,0.018954,-0.712206,0.701614,0.133476,0.001680,0.036645,0.029149,-0.136322,-0.429327,
1625007176.000000,54495811.000000,0.298200,-0.372401,-0.021519,0.011676,0.018693,-0.712966,0.700852,0.148669,0.003894,0.032765,0.037618,-0.115187,-0.431410,
1625007176.000000,59498787.000000,0.298211,-0.373152,-0.021395,0.011553,0.018470,-0.713725,0.700087,0.149323,0.005138,0.030520,0.032426,-0.066627,-0.429288,
1625007176.000000,64502001.000000,0.298225,-0.373905,-0.021280,0.011502,0.018371,-0.714484,0.699316,0.149813,0.006381,0.028479,0.015278,-0.020838,-0.438805,
1625007176.000000,154554844.000000,0.296771,-0.389222,-0.022342,0.011856,0.018190,-0.728517,0.684683,0.138898,0.005061,0.026154,0.021305,-0.065117,-0.440911,
1625007176.000000,159558058.000000,0.296756,-0.389917,-0.022253,0.011782,0.018096,-0.729270,0.683885,0.136275,0.005984,0.023442,0.004567,-0.029335,-0.437610,
1625007176.000000,164561033.000000,0.296760,-0.390759,-0.022161,0.011710,0.018062,-0.730014,0.683093,0.151951,0.009844,0.023472,0.005387,-0.036679,-0.429152,
1625007176.000000,169564009.000000,0.296762,-0.391543,-0.022077,0.011676,0.017985,-0.730753,0.682305,0.155927,0.011787,0.022110,0.040649,-0.002125,-0.442838,
1625007176.000000,174567223.000000,0.296772,-0.392350,-0.021986,0.011786,0.017977,-0.731521,0.681480,0.159959,0.013763,0.021612,0.027054,0.059669,-0.447349,
1625007176.000000,179570198.000000,0.296362,-0.393483,-0.022002,0.012136,0.018382,-0.732279,0.680648,0.174682,0.017073,0.016259,-0.016984,0.093609,-0.451335,
1625007176.000000,184572935.000000,0.296388,-0.394370,-0.021961,0.012245,0.018601,-0.733046,0.679814,0.177631,0.019071,0.015392,-0.026556,0.089323,-0.449356,
1625007176.000000,189574957.000000,0.296421,-0.395271,-0.021925,0.012352,0.018817,-0.733809,0.678983,0.180402,0.021081,0.014370,-0.022223,0.105013,-0.460880,
1625007176.000000,194578171.000000,0.296447,-0.396119,-0.021888,0.012475,0.019012,-0.734599,0.678121,0.173922,0.020462,0.013815,0.000070,0.050451,-0.465367,
1625007176.000000,199581146.000000,0.296481,-0.396994,-0.021861,0.012476,0.019051,-0.735382,0.677270,0.173355,0.021418,0.012431,-0.016684,-0.004241,-0.464129,
1625007176.000000,249610901.000000,0.294962,-0.403812,-0.023639,0.012227,0.018047,-0.742965,0.668975,0.122251,0.013037,0.005434,0.040566,-0.254033,-0.437374,
1625007176.000000,254613876.000000,0.294933,-0.404680,-0.023611,0.011918,0.017653,-0.743711,0.668162,0.146671,0.013568,0.007428,0.050079,-0.109092,-0.449051,
1625007176.000000,259617090.000000,0.294923,-0.405424,-0.023622,0.011885,0.017526,-0.744472,0.667318,0.150036,0.014641,0.004720,0.009890,-0.006519,-0.453429,
1625007176.000000,264619827.000000,0.294914,-0.406187,-0.023652,0.011881,0.017564,-0.745222,0.666479,0.153573,0.015729,0.001588,0.008252,0.039461,-0.446963,
1625007176.000000,269622803.000000,0.294930,-0.406959,-0.023710,0.011987,0.017623,-0.745967,0.665642,0.155570,0.019880,-0.003421,0.016260,0.038836,-0.450131,
1625007176.000000,274626017.000000,0.294944,-0.407750,-0.023770,0.012064,0.017687,-0.746714,0.664801,0.158364,0.022215,-0.006319,0.013791,0.072072,-0.443839,
1625007176.000000,279628992.000000,0.294254,-0.408092,-0.022578,0.012263,0.018012,-0.747392,0.664026,0.164804,0.022806,0.011096,-0.004132,0.085427,-0.439342,
1625007176.000000,284630775.000000,0.294274,-0.408934,-0.022568,0.012355,0.018172,-0.748125,0.663194,0.167815,0.025178,0.009368,-0.016051,0.063920,-0.447914,
1625007176.000000,289633751.000000,0.294277,-0.409703,-0.022579,0.012421,0.018317,-0.748879,0.662337,0.162351,0.023910,0.005784,-0.019105,0.058662,-0.467058,
1625007176.000000,294636965.000000,0.294299,-0.410525,-0.022593,0.012480,0.018485,-0.749660,0.661448,0.162624,0.025233,0.003662,-0.030855,0.076611,-0.474628,
1625007176.000000,344666958.000000,0.292565,-0.417143,-0.023337,0.012995,0.018302,-0.757080,0.652936,0.116063,0.013075,0.024180,0.038514,-0.261286,-0.427358,
1625007176.000000,349669933.000000,0.292543,-0.417815,-0.023276,0.012509,0.017817,-0.757806,0.652116,0.120975,0.014699,0.020203,0.028628,-0.264464,-0.446667,
1625007176.000000,354673147.000000,0.292528,-0.418420,-0.023209,0.012087,0.017397,-0.758545,0.651276,0.118080,0.015501,0.018162,0.018193,-0.200727,-0.446663,
1625007176.000000,359676123.000000,0.292519,-0.419010,-0.023156,0.011833,0.017137,-0.759276,0.650435,0.115161,0.016288,0.015764,0.039200,-0.068481,-0.447649,
1625007176.000000,364679098.000000,0.292510,-0.419732,-0.023151,0.011884,0.017079,-0.760011,0.649578,0.132774,0.019802,0.009443,0.017357,0.061139,-0.451970,
1625007176.000000,369682074.000000,0.292506,-0.420418,-0.023142,0.012010,0.017218,-0.760740,0.648717,0.138050,0.021722,0.006615,0.000791,0.066622,-0.448763,
1625007176.000000,374684095.000000,0.292506,-0.421131,-0.023146,0.012111,0.017302,-0.761462,0.647865,0.143330,0.023662,0.003714,0.011801,0.059671,-0.443424,
1625007176.000000,379688025.000000,0.290942,-0.420481,-0.022574,0.012354,0.017606,-0.762160,0.647031,0.144124,0.019732,0.004557,-0.003203,0.104372,-0.458126,
1625007176.000000,384691238.000000,0.290930,-0.421198,-0.022580,0.012537,0.017828,-0.762901,0.646148,0.144628,0.021860,0.002705,-0.012925,0.118255,-0.451957,
1625007176.000000,389693260.000000,0.290925,-0.421923,-0.022599,0.012662,0.018021,-0.763618,0.645293,0.145222,0.023980,0.000813,-0.025569,0.045313,-0.448497,
1625007176.000000,434720039.000000,0.288718,-0.427917,-0.023355,0.013370,0.018323,-0.770314,0.637262,0.125639,0.004437,0.040782,0.054030,0.057114,-0.446381,
1625007176.000000,439723015.000000,0.288620,-0.428538,-0.023156,0.013348,0.018166,-0.771007,0.636427,0.121311,0.003074,0.048748,0.034245,-0.172668,-0.418678,
1625007176.000000,444725752.000000,0.286880,-0.428258,-0.024150,0.012983,0.017709,-0.771584,0.635749,0.106864,-0.000054,0.013434,0.030534,-0.290164,-0.423701,
1625007176.000000,449728966.000000,0.286782,-0.428770,-0.024116,0.012494,0.017220,-0.772288,0.634916,0.101056,0.000891,0.009801,0.029861,-0.244130,-0.448350,
1625007176.000000,454731941.000000,0.286693,-0.429257,-0.024096,0.012082,0.016851,-0.773013,0.634051,0.095516,0.001825,0.006429,0.011542,-0.202516,-0.450537,
1625007176.000000,459734917.000000,0.286574,-0.429914,-0.024053,0.011779,0.016585,-0.773730,0.633189,0.118290,0.002883,0.009598,0.023229,-0.090779,-0.450425,
1625007176.000000,464737892.000000,0.286470,-0.430512,-0.024030,0.011795,0.016538,-0.774455,0.632303,0.123943,0.003915,0.008742,0.024476,0.077032,-0.466400,
1625007176.000000,469741106.000000,0.286364,-0.431141,-0.024014,0.012037,0.016716,-0.775191,0.631391,0.129791,0.004980,0.008083,0.006269,0.142988,-0.461228,
1625007176.000000,474743843.000000,0.286293,-0.431746,-0.024041,0.012297,0.016941,-0.775897,0.630512,0.127482,0.009787,0.001483,0.009374,0.135240,-0.439783,
1625007176.000000,479746819.000000,0.284825,-0.432313,-0.022780,0.012819,0.017458,-0.776555,0.629677,0.136087,0.010344,0.004513,-0.007480,0.112069,-0.442760,
1625007176.000000,529775858.000000,0.283213,-0.439821,-0.023711,0.013231,0.017858,-0.783648,0.620808,0.124118,0.000327,0.037887,0.073054,0.084831,-0.453283,
1625007176.000000,534779072.000000,0.283068,-0.440427,-0.023510,0.013521,0.017883,-0.784345,0.619919,0.121854,-0.002033,0.048316,0.059674,0.067148,-0.444818,
1625007176.000000,539782047.000000,0.282992,-0.440948,-0.023489,0.013537,0.017797,-0.785024,0.619062,0.108203,0.004576,0.026594,0.027411,-0.104959,-0.426722,
1625007176.000000,544785023.000000,0.282004,-0.441796,-0.023921,0.013388,0.017592,-0.785601,0.618338,0.102477,0.006821,0.008023,0.019903,-0.261036,-0.414789,
1625007176.000000,549787998.000000,0.281923,-0.442286,-0.023910,0.012866,0.017144,-0.786261,0.617523,0.095610,0.007937,0.004248,0.017935,-0.253759,-0.430728,
1625007176.000000,554790974.000000,0.281792,-0.442940,-0.023836,0.012456,0.016776,-0.786945,0.616669,0.110708,0.007364,0.009979,0.037986,-0.189684,-0.439423,
1625007176.000000,559793949.000000,0.281695,-0.443489,-0.023819,0.012181,0.016469,-0.787626,0.615813,0.110914,0.007971,0.008316,0.020258,-0.124188,-0.438234,
1625007176.000000,564797163.000000,0.281601,-0.444037,-0.023810,0.012053,0.016372,-0.788313,0.614938,0.110874,0.008577,0.006599,0.011265,0.018622,-0.455257,
1625007176.000000,569800138.000000,0.281506,-0.444678,-0.023845,0.012237,0.016479,-0.789022,0.614022,0.124091,0.012097,0.000182,0.024347,0.134626,-0.462847,
1625007176.000000,574803114.000000,0.280306,-0.445285,-0.023103,0.012730,0.016942,-0.789687,0.613143,0.147144,0.011785,0.007457,0.010483,0.155678,-0.444558,
1625007176.000000,619828939.000000,0.277612,-0.452042,-0.024936,0.013116,0.017670,-0.795764,0.605207,0.135982,0.003122,0.016293,0.026437,0.024375,-0.453968,
1625007176.000000,624831915.000000,0.277438,-0.452697,-0.024885,0.013247,0.017707,-0.796455,0.604293,0.133815,0.001053,0.022583,0.050577,0.111864,-0.464528,
1625007176.000000,629834890.000000,0.277256,-0.453338,-0.024806,0.013558,0.017755,-0.797151,0.603366,0.131323,-0.001017,0.029039,0.076554,0.056998,-0.447703,
1625007176.000000,634837866.000000,0.277114,-0.453899,-0.024739,0.013639,0.017601,-0.797809,0.602499,0.120415,0.000029,0.028680,0.083775,-0.038644,-0.427201,
1625007176.000000,639840841.000000,0.276949,-0.454471,-0.024627,0.013633,0.017394,-0.798458,0.601645,0.115519,-0.001037,0.032199,0.048904,-0.066634,-0.428365,
1625007176.000000,644844055.000000,0.275709,-0.455228,-0.024445,0.013632,0.017348,-0.799045,0.600866,0.102001,-0.005145,0.036802,0.003798,-0.180681,-0.426134,
1625007176.000000,649847031.000000,0.275610,-0.455815,-0.024576,0.013168,0.017023,-0.799683,0.600036,0.106427,0.003950,0.009710,0.006986,-0.230311,-0.413310,
1625007176.000000,654849768.000000,0.275486,-0.456329,-0.024563,0.012768,0.016695,-0.800312,0.599215,0.103722,0.005883,0.004358,0.026297,-0.177881,-0.421732,
1625007176.000000,659852982.000000,0.275374,-0.456831,-0.024575,0.012520,0.016429,-0.800962,0.598359,0.100947,0.007811,-0.000919,0.042244,-0.095378,-0.434658,
1625007176.000000,664855957.000000,0.275226,-0.457439,-0.024528,0.012412,0.016257,-0.801616,0.597489,0.115807,0.007897,0.006988,0.024290,-0.079016,-0.433567,
1625007176.000000,759912252.000000,0.267616,-0.470157,-0.024401,0.013006,0.016333,-0.813676,0.580944,0.133445,-0.003645,0.040560,0.030387,-0.126365,-0.429764,
1625007176.000000,764914989.000000,0.267386,-0.470783,-0.024240,0.012880,0.016199,-0.814314,0.580056,0.134255,-0.002581,0.038903,0.008119,-0.039578,-0.438464,
1625007176.000000,769917965.000000,0.267155,-0.471422,-0.024098,0.012817,0.016167,-0.814946,0.579169,0.135438,-0.001512,0.036818,0.014208,-0.007190,-0.434100,
1625007176.000000,774921179.000000,0.266610,-0.471188,-0.024089,0.013003,0.016379,-0.815519,0.578353,0.137809,0.007549,0.011009,0.007027,0.001451,-0.431794,
1625007176.000000,779924154.000000,0.266418,-0.471865,-0.024061,0.013087,0.016461,-0.816151,0.577455,0.142180,0.009233,0.009899,0.003596,0.129137,-0.449867,
1625007176.000000,784925938.000000,0.266223,-0.472567,-0.024041,0.013447,0.016733,-0.816796,0.576527,0.146686,0.010950,0.008874,-0.003657,0.194802,-0.440494,
1625007176.000000,789929867.000000,0.266047,-0.473220,-0.024039,0.013761,0.017005,-0.817415,0.575633,0.143082,0.011966,0.006328,-0.003851,0.137068,-0.437005,
1625007176.000000,794932842.000000,0.265864,-0.473918,-0.024047,0.013943,0.017179,-0.818048,0.574724,0.144635,0.013462,0.004223,-0.017467,0.066067,-0.442540,
1625007176.000000,799935102.000000,0.265685,-0.474624,-0.024065,0.013983,0.017323,-0.818687,0.573809,0.146067,0.014966,0.002100,-0.032599,0.046767,-0.457294,
1625007176.000000,804937840.000000,0.265519,-0.475265,-0.024058,0.014010,0.017449,-0.819345,0.572863,0.137145,0.014317,0.004276,-0.012343,0.021758,-0.455385,
1625007176.000000,849964857.000000,0.261488,-0.479427,-0.024685,0.014109,0.017011,-0.824840,0.564935,0.098003,0.001441,0.019771,-0.015708,-0.222876,-0.415325,
1625007176.000000,854968071.000000,0.261327,-0.479873,-0.024606,0.013703,0.016701,-0.825447,0.564066,0.093394,0.002792,0.016039,0.069464,-0.240126,-0.419956,
1625007176.000000,859971046.000000,0.261178,-0.480302,-0.024516,0.013247,0.016200,-0.826043,0.563218,0.088973,0.004118,0.014163,0.025620,-0.230079,-0.417514,
1625007176.000000,864974022.000000,0.261041,-0.480717,-0.024434,0.012921,0.016003,-0.826646,0.562346,0.084805,0.005430,0.012514,0.024249,-0.065207,-0.429381,
1625007176.000000,869976997.000000,0.260827,-0.481357,-0.024386,0.012949,0.015932,-0.827254,0.561453,0.110389,0.007493,0.009436,0.012726,0.033658,-0.432560,
1625007176.000000,874979973.000000,0.259812,-0.481170,-0.024229,0.013187,0.016315,-0.827823,0.560597,0.129532,0.008038,0.017179,-0.023181,0.047053,-0.421733,
1625007176.000000,879982948.000000,0.259609,-0.481801,-0.024181,0.013237,0.016426,-0.828416,0.559715,0.135369,0.009754,0.016056,-0.002920,0.028262,-0.434426,
1625007176.000000,884984970.000000,0.259417,-0.482394,-0.024173,0.013346,0.016474,-0.829040,0.558787,0.133916,0.010355,0.010840,0.036610,0.113310,-0.456914,
1625007176.000000,889988184.000000,0.259212,-0.483045,-0.024156,0.013751,0.016685,-0.829680,0.557820,0.137578,0.011768,0.007966,0.004931,0.238048,-0.463322,
1625007176.000000,894990921.000000,0.259005,-0.483716,-0.024154,0.014193,0.017074,-0.830307,0.556865,0.141534,0.013199,0.005206,-0.033873,0.201174,-0.443113,
1625007176.000000,945020914.000000,0.255526,-0.488346,-0.025874,0.015203,0.017417,-0.836298,0.547787,0.065522,-0.002308,0.012174,0.047450,-0.130595,-0.419457,
1625007176.000000,950024128.000000,0.255397,-0.488626,-0.025831,0.014753,0.017063,-0.836868,0.546940,0.055885,-0.000721,0.007425,0.023546,-0.328607,-0.401225,
1625007176.000000,955027103.000000,0.255295,-0.488858,-0.025824,0.014027,0.016519,-0.837434,0.546109,0.045795,0.000806,0.001922,0.041818,-0.325380,-0.411835,
1625007176.000000,960030079.000000,0.255126,-0.489250,-0.025826,0.013538,0.016117,-0.838020,0.545233,0.067305,0.002002,0.000438,0.018603,-0.186654,-0.430076,
1625007176.000000,965033054.000000,0.254999,-0.489570,-0.025848,0.013253,0.015969,-0.838609,0.544339,0.069815,0.003429,-0.003067,-0.021070,-0.059743,-0.422639,
1625007176.000000,970036268.000000,0.254873,-0.489902,-0.025887,0.013131,0.015951,-0.839176,0.543467,0.072286,0.004864,-0.007058,0.013909,-0.064409,-0.414003,
1625007176.000000,975039005.000000,0.254748,-0.490248,-0.025949,0.013035,0.015820,-0.839751,0.542585,0.074943,0.006309,-0.011245,0.030389,-0.002145,-0.432085,
1625007176.000000,980041027.000000,0.253660,-0.489724,-0.026655,0.012925,0.015950,-0.840305,0.541726,0.090499,0.003842,-0.014734,0.038512,0.093125,-0.437488,
1625007176.000000,985044241.000000,0.253487,-0.490155,-0.026753,0.013152,0.016044,-0.840890,0.540808,0.096631,0.004721,-0.016233,-0.010050,0.086789,-0.432054,
1625007176.000000,990046978.000000,0.253306,-0.490615,-0.026860,0.013310,0.016270,-0.841472,0.539892,0.102673,0.005630,-0.017848,-0.035176,0.154928,-0.437374,
1625007177.000000,30070782.000000,0.250056,-0.495605,-0.026745,0.014712,0.017563,-0.846224,0.532335,0.088943,-0.005149,0.025699,0.107207,0.192566,-0.474699,
1625007177.000000,35073996.000000,0.249831,-0.495999,-0.026605,0.015267,0.017661,-0.846844,0.531329,0.088264,-0.008535,0.037399,0.083359,0.195199,-0.454521,
1625007177.000000,40076971.000000,0.249688,-0.496295,-0.026545,0.015630,0.017685,-0.847422,0.530395,0.070970,-0.004612,0.028953,0.080086,0.049786,-0.422377,
1625007177.000000,45079947.000000,0.247698,-0.499376,-0.026629,0.015732,0.017430,-0.847933,0.529584,0.068072,-0.006533,0.025365,0.061197,-0.093508,-0.423333,
1625007177.000000,50082922.000000,0.247526,-0.499652,-0.026509,0.015410,0.017147,-0.848497,0.528698,0.059208,-0.007122,0.028204,0.017275,-0.255124,-0.408634,
1625007177.000000,55085897.000000,0.247374,-0.499991,-0.026559,0.014746,0.016705,-0.849036,0.527865,0.061663,-0.001830,0.010538,0.034158,-0.345844,-0.394560,
1625007177.000000,60088873.000000,0.247237,-0.500256,-0.026539,0.014073,0.016191,-0.849576,0.527031,0.056618,-0.000519,0.005733,0.031413,-0.312699,-0.404222,
1625007177.000000,65092087.000000,0.247117,-0.500498,-0.026540,0.013525,0.015806,-0.850128,0.526165,0.051457,0.000772,0.001009,0.028860,-0.203647,-0.420214,
1625007177.000000,70095062.000000,0.246912,-0.500915,-0.026550,0.013252,0.015602,-0.850691,0.525268,0.077511,0.001678,-0.000055,-0.007952,-0.066788,-0.422430,
1625007177.000000,75098038.000000,0.246741,-0.501281,-0.026576,0.013182,0.015643,-0.851247,0.524366,0.084963,0.002872,-0.002124,-0.007532,0.032865,-0.431852,
1625007177.000000,120124102.000000,0.240326,-0.509960,-0.026532,0.014862,0.017208,-0.856293,0.515990,0.126865,0.003467,-0.003809,-0.029769,0.063158,-0.443383,
1625007177.000000,125127077.000000,0.240046,-0.510521,-0.026568,0.015015,0.017300,-0.856862,0.515036,0.125064,0.003075,-0.001454,0.047155,0.051412,-0.442369,
1625007177.000000,130130053.000000,0.239768,-0.511071,-0.026585,0.015165,0.017238,-0.857438,0.514075,0.123097,0.002668,0.001659,0.060153,0.064237,-0.455075,
1625007177.000000,135133028.000000,0.239468,-0.511559,-0.026420,0.015444,0.017259,-0.858032,0.513075,0.114751,-0.004654,0.028449,0.072523,0.133668,-0.466907,
1625007177.000000,140136003.000000,0.239171,-0.512048,-0.026273,0.015829,0.017252,-0.858624,0.512071,0.110267,-0.007829,0.040488,0.108933,0.115801,-0.455198,
1625007177.000000,145139217.000000,0.237307,-0.513642,-0.026057,0.016114,0.017194,-0.859130,0.511214,0.111333,-0.020391,0.054049,0.081525,-0.037720,-0.423124,
1625007177.000000,150142193.000000,0.237123,-0.514006,-0.026131,0.015901,0.016928,-0.859666,0.510328,0.092243,-0.009975,0.025146,0.043839,-0.204380,-0.412324,
1625007177.000000,155145168.000000,0.236870,-0.514372,-0.026032,0.015368,0.016539,-0.860205,0.509448,0.083383,-0.008883,0.022352,0.019567,-0.302928,-0.411419,
1625007177.000000,160148144.000000,0.236643,-0.514702,-0.025950,0.014673,0.016105,-0.860736,0.508584,0.074619,-0.007830,0.019157,0.025719,-0.338883,-0.402847,
1625007177.000000,165150881.000000,0.236344,-0.515180,-0.025902,0.014006,0.015643,-0.861264,0.507724,0.095116,-0.005937,0.014359,0.027106,-0.288184,-0.411320,
1625007177.000000,255147457.000000,0.226080,-0.525567,-0.025823,0.015962,0.016276,-0.870959,0.490827,0.084915,-0.018160,0.050242,0.026003,-0.268603,-0.405534,
1625007177.000000,260150433.000000,0.225830,-0.525955,-0.025844,0.015311,0.015881,-0.871469,0.489954,0.083560,-0.010218,0.025542,0.020561,-0.306106,-0.406675,
1625007177.000000,265153408.000000,0.225579,-0.526279,-0.025748,0.014693,0.015495,-0.871978,0.489079,0.077896,-0.008298,0.020162,0.016527,-0.272822,-0.404568,
1625007177.000000,270156622.000000,0.225352,-0.526582,-0.025676,0.014173,0.015206,-0.872482,0.488203,0.072122,-0.006406,0.014994,-0.000626,-0.178857,-0.408773,
1625007177.000000,275159359.000000,0.225017,-0.527042,-0.025557,0.013915,0.015086,-0.872991,0.487304,0.096704,-0.007018,0.020739,0.005706,-0.050364,-0.418420,
1625007177.000000,280162334.000000,0.222128,-0.527331,-0.025477,0.013896,0.015169,-0.873437,0.486502,0.130210,-0.015689,0.013459,0.034565,0.025066,-0.431004,
1625007177.000000,285165548.000000,0.221711,-0.527862,-0.025436,0.014035,0.015169,-0.873963,0.485554,0.136998,-0.014621,0.012837,0.023050,0.083057,-0.428965,
1625007177.000000,290168524.000000,0.221333,-0.528405,-0.025453,0.014278,0.015300,-0.874479,0.484612,0.139037,-0.009339,0.006129,0.003596,0.138274,-0.433071,
1625007177.000000,295170546.000000,0.220924,-0.528982,-0.025462,0.014583,0.015521,-0.875001,0.483653,0.143976,-0.006850,0.003054,-0.033423,0.161587,-0.433230,
1625007177.000000,300174475.000000,0.220512,-0.529584,-0.025500,0.014856,0.015785,-0.875518,0.482699,0.148849,-0.004340,-0.000938,-0.000956,0.124623,-0.439460,
1625007177.000000,350203753.000000,0.214397,-0.535728,-0.025410,0.016577,0.016079,-0.880717,0.473080,0.102959,-0.026924,0.059071,0.077541,-0.096648,-0.430698,
1625007177.000000,355206251.000000,0.214172,-0.536055,-0.025506,0.016189,0.015728,-0.881227,0.472154,0.087254,-0.015661,0.025913,0.045275,-0.327432,-0.410440,
1625007177.000000,360209227.000000,0.213876,-0.536365,-0.025406,0.015392,0.015265,-0.881719,0.471277,0.079149,-0.014416,0.021049,-0.013098,-0.322566,-0.403897,
1625007177.000000,365212202.000000,0.213609,-0.536640,-0.025338,0.014820,0.015057,-0.882211,0.470381,0.070748,-0.013209,0.015499,-0.013590,-0.178068,-0.417832,
1625007177.000000,370215416.000000,0.213247,-0.537050,-0.025254,0.014479,0.014873,-0.882708,0.469464,0.091664,-0.013286,0.016748,0.024140,-0.143252,-0.411553,
1625007177.000000,375218391.000000,0.212131,-0.537929,-0.025225,0.014458,0.014922,-0.883157,0.468618,0.116662,-0.009006,0.020197,0.056058,-0.061376,-0.411207,
1625007177.000000,380221128.000000,0.211760,-0.538400,-0.025144,0.014507,0.014821,-0.883654,0.467681,0.120487,-0.008201,0.020752,0.037069,0.037060,-0.435795,
1625007177.000000,385224342.000000,0.211397,-0.538950,-0.025138,0.014659,0.014890,-0.884162,0.466713,0.129594,-0.002102,0.013232,-0.008958,0.119066,-0.426378,
1625007177.000000,390227318.000000,0.211017,-0.539500,-0.025101,0.014938,0.015104,-0.884643,0.465785,0.135491,0.000447,0.011671,-0.011197,0.132446,-0.415465,
1625007177.000000,395230293.000000,0.210632,-0.540077,-0.025073,0.015150,0.015254,-0.885129,0.464849,0.141075,0.003015,0.009983,-0.004584,0.086358,-0.427282,
1625007177.000000,435253382.000000,0.206581,-0.544321,-0.024804,0.016206,0.016027,-0.889238,0.456877,0.122562,-0.009695,0.041775,0.093567,0.115838,-0.463297,
1625007177.000000,440256357.000000,0.206174,-0.544794,-0.024597,0.016648,0.015969,-0.889770,0.455826,0.121096,-0.012835,0.053804,0.130653,0.139072,-0.461369,
1625007177.000000,445259333.000000,0.203999,-0.545256,-0.024805,0.016896,0.015669,-0.890168,0.455050,0.121518,-0.023589,0.072720,0.097897,0.034821,-0.428041,
1625007177.000000,450262547.000000,0.203758,-0.545596,-0.024804,0.016860,0.015488,-0.890649,0.454116,0.100672,-0.013804,0.047391,0.044274,-0.135615,-0.416241,
1625007177.000000,455265522.000000,0.203414,-0.545960,-0.024591,0.016466,0.015269,-0.891133,0.453186,0.093199,-0.013286,0.047957,-0.023624,-0.169335,-0.424833,
1625007177.000000,460268259.000000,0.203092,-0.546296,-0.024385,0.015997,0.015134,-0.891613,0.452262,0.086114,-0.012804,0.047388,0.002364,-0.262137,-0.401556,
1625007177.000000,465271473.000000,0.202736,-0.546684,-0.024270,0.015329,0.014712,-0.892070,0.451398,0.093083,-0.011732,0.034211,0.054238,-0.309217,-0.393794,
1625007177.000000,470274448.000000,0.202415,-0.547027,-0.024128,0.014849,0.014327,-0.892537,0.450501,0.091248,-0.011023,0.029559,0.065655,-0.149827,-0.415269,
1625007177.000000,475277424.000000,0.202101,-0.547365,-0.024005,0.014759,0.014163,-0.893015,0.449562,0.089498,-0.010315,0.025540,0.015910,0.021097,-0.422771,
1625007177.000000,480280638.000000,0.199987,-0.547208,-0.025345,0.014742,0.014336,-0.893421,0.448749,0.113860,-0.008820,0.010164,-0.041913,0.056269,-0.410852,
1625007177.000000,525306463.000000,0.195205,-0.551758,-0.026128,0.015957,0.015290,-0.897753,0.439944,0.123065,-0.006661,0.003095,-0.017199,0.027652,-0.457546,
1625007177.000000,530309677.000000,0.194801,-0.552220,-0.026121,0.016056,0.015378,-0.898250,0.438923,0.122018,-0.007951,0.007295,0.019825,0.082464,-0.446919,
1625007177.000000,535312414.000000,0.194394,-0.552671,-0.026094,0.016297,0.015401,-0.898735,0.437919,0.120836,-0.009253,0.011476,0.057400,0.089064,-0.446792,
1625007177.000000,540315390.000000,0.194014,-0.553057,-0.025966,0.016526,0.015333,-0.899226,0.436903,0.110293,-0.012447,0.026550,0.098699,0.058119,-0.447987,
1625007177.000000,545318604.000000,0.191546,-0.552913,-0.025664,0.016797,0.015001,-0.899642,0.436047,0.111102,-0.025886,0.042219,0.090546,0.054854,-0.444544,
1625007177.000000,550321341.000000,0.191096,-0.553268,-0.025459,0.016883,0.014894,-0.900117,0.435066,0.106766,-0.027998,0.050011,0.032834,-0.066167,-0.414903,
1625007177.000000,555324316.000000,0.190650,-0.553598,-0.025213,0.016578,0.014698,-0.900562,0.434162,0.102340,-0.030158,0.057302,0.039980,-0.181646,-0.404990,
1625007177.000000,560327530.000000,0.190349,-0.553919,-0.025403,0.016160,0.014409,-0.901020,0.433237,0.092654,-0.020097,0.017730,0.018221,-0.219242,-0.416945,
1625007177.000000,565330267.000000,0.189990,-0.554212,-0.025330,0.015693,0.014184,-0.901483,0.432297,0.086944,-0.018777,0.013168,0.026052,-0.159355,-0.425390,
1625007177.000000,570333242.000000,0.189652,-0.554487,-0.025281,0.015433,0.013971,-0.901952,0.431335,0.081311,-0.017474,0.008564,0.036271,-0.127760,-0.426529,
1625007177.000000,655383348.000000,0.178356,-0.562544,-0.025044,0.016857,0.014028,-0.909711,0.414662,0.100547,-0.017078,0.037222,0.048292,-0.140465,-0.429393,
1625007177.000000,660386562.000000,0.177973,-0.562859,-0.024890,0.016437,0.013801,-0.910151,0.413721,0.094264,-0.016609,0.036656,0.013514,-0.217288,-0.409911,
1625007177.000000,665389538.000000,0.177546,-0.563239,-0.024784,0.016000,0.013562,-0.910589,0.412781,0.102891,-0.014665,0.029022,0.035050,-0.149630,-0.424892,
1625007177.000000,670392275.000000,0.177151,-0.563585,-0.024664,0.015763,0.013375,-0.911038,0.411803,0.102553,-0.013597,0.025932,0.032008,-0.107535,-0.430338,
1625007177.000000,675395489.000000,0.175482,-0.565504,-0.025035,0.015595,0.013342,-0.911447,0.410906,0.123185,-0.008195,0.019280,0.023270,-0.091156,-0.422666,
1625007177.000000,680398464.000000,0.175045,-0.565942,-0.024960,0.015446,0.013226,-0.911889,0.409932,0.123608,-0.007063,0.018253,0.024554,-0.056950,-0.436495,
1625007177.000000,685401440.000000,0.174539,-0.566472,-0.024893,0.015404,0.013163,-0.912343,0.408925,0.135333,-0.005322,0.017641,0.029741,0.033750,-0.439835,
1625007177.000000,690404654.000000,0.174062,-0.566972,-0.024836,0.015562,0.013203,-0.912786,0.407928,0.139278,-0.003974,0.016031,-0.004063,0.070498,-0.432270,
1625007177.000000,695407391.000000,0.173576,-0.567489,-0.024791,0.015690,0.013327,-0.913221,0.406944,0.143183,-0.002616,0.014044,-0.006685,0.086753,-0.428033,
1625007177.000000,700410366.000000,0.173103,-0.568005,-0.024789,0.015929,0.013444,-0.913656,0.405955,0.143241,-0.000810,0.007386,0.005468,0.124179,-0.438618,
1625007177.000000,750439167.000000,0.166146,-0.571186,-0.024318,0.017470,0.013871,-0.918091,0.395741,0.119788,-0.019548,0.049015,0.057523,0.008834,-0.427819,
1625007177.000000,755443335.000000,0.165666,-0.571549,-0.024080,0.017397,0.013719,-0.918514,0.394767,0.115202,-0.020827,0.055215,0.045880,-0.105579,-0.429724,
1625007177.000000,760445356.000000,0.165250,-0.571882,-0.023968,0.017048,0.013483,-0.918945,0.393786,0.105579,-0.017158,0.038785,0.039387,-0.222077,-0.415140,
1625007177.000000,765448332.000000,0.164832,-0.572201,-0.023802,0.016497,0.013167,-0.919358,0.392854,0.099726,-0.016507,0.035723,0.033106,-0.253156,-0.414767,
1625007177.000000,770451546.000000,0.164435,-0.572500,-0.023649,0.016028,0.012909,-0.919783,0.391887,0.093897,-0.015873,0.032642,0.029816,-0.147173,-0.423593,
1625007177.000000,775454283.000000,0.162415,-0.574638,-0.024710,0.015822,0.012866,-0.920165,0.391000,0.125876,-0.008541,0.011451,0.027757,-0.088134,-0.436127,
1625007177.000000,780457258.000000,0.161946,-0.575065,-0.024677,0.015646,0.012737,-0.920598,0.389991,0.129379,-0.007325,0.010235,0.030924,-0.067494,-0.436273,
1625007177.000000,785460472.000000,0.161470,-0.575508,-0.024644,0.015558,0.012652,-0.921026,0.388986,0.132812,-0.006092,0.009420,0.012946,-0.018631,-0.444602,
1625007177.000000,790463448.000000,0.160985,-0.575967,-0.024614,0.015605,0.012679,-0.921461,0.387950,0.136243,-0.004837,0.008761,0.007390,0.079678,-0.446935,
1625007177.000000,795466423.000000,0.160494,-0.576479,-0.024647,0.015861,0.012794,-0.921884,0.386930,0.142450,-0.000195,0.001424,-0.005138,0.121560,-0.436159,
1625007177.000000,845496416.000000,0.152764,-0.580453,-0.024175,0.017441,0.013363,-0.926153,0.376508,0.144010,-0.018994,0.051496,0.080004,0.211700,-0.461585,
1625007177.000000,850499630.000000,0.152171,-0.580894,-0.023924,0.017843,0.013347,-0.926565,0.375474,0.144149,-0.021223,0.061315,0.070382,0.057051,-0.424186,
1625007177.000000,855502367.000000,0.151798,-0.581226,-0.023944,0.017818,0.013202,-0.926961,0.374502,0.119344,-0.013309,0.034233,0.043790,-0.089885,-0.422997,
1625007177.000000,860505342.000000,0.151336,-0.581583,-0.023801,0.017489,0.013014,-0.927367,0.373517,0.111065,-0.012345,0.032110,0.018140,-0.219617,-0.422175,
1625007177.000000,865507603.000000,0.150908,-0.581914,-0.023676,0.016871,0.012721,-0.927769,0.372556,0.102864,-0.011420,0.029200,0.045687,-0.295380,-0.417746,
1625007177.000000,870510578.000000,0.150381,-0.582326,-0.023568,0.016285,0.012366,-0.928175,0.371581,0.118184,-0.012307,0.026860,0.040818,-0.220146,-0.427399,
1625007177.000000,875513554.000000,0.147854,-0.581689,-0.024459,0.015786,0.012204,-0.928541,0.370693,0.130524,-0.021603,0.011161,0.021264,-0.074530,-0.448610,
1625007177.000000,880516291.000000,0.147302,-0.582062,-0.024433,0.015725,0.012153,-0.928961,0.369643,0.131996,-0.021341,0.009928,0.010840,0.007145,-0.449767,
1625007177.000000,885519505.000000,0.146712,-0.582529,-0.024442,0.015769,0.012171,-0.929371,0.368609,0.143470,-0.016211,0.005660,0.014906,0.028224,-0.441135,
1625007177.000000,890522480.000000,0.146127,-0.582974,-0.024449,0.015877,0.012182,-0.929776,0.367581,0.148431,-0.014286,0.003247,0.020432,0.071394,-0.442203,
1625007177.000000,930546522.000000,0.141914,-0.585987,-0.023780,0.017201,0.013067,-0.933020,0.359176,0.132021,-0.007037,0.007832,-0.007100,-0.019897,-0.458085,
1625007177.000000,935549259.000000,0.141363,-0.586380,-0.023606,0.017170,0.013073,-0.933436,0.358094,0.132115,-0.012828,0.029683,0.033969,-0.021326,-0.465614,
1625007177.000000,940552235.000000,0.140823,-0.586772,-0.023458,0.017224,0.012956,-0.933858,0.356995,0.131508,-0.014911,0.038045,0.072820,0.082477,-0.476186,
1625007177.000000,945555449.000000,0.138999,-0.587327,-0.024827,0.017477,0.012804,-0.934229,0.356016,0.139837,-0.023328,0.036054,0.073708,0.182145,-0.470852,
1625007177.000000,950558424.000000,0.138506,-0.587660,-0.024777,0.017915,0.012803,-0.934631,0.354936,0.127735,-0.020868,0.030013,0.069459,0.130095,-0.444148,
1625007177.000000,955561399.000000,0.137960,-0.588004,-0.024647,0.018069,0.012726,-0.935014,0.353922,0.124017,-0.021573,0.032949,0.046080,-0.055216,-0.421733,
1625007177.000000,960564375.000000,0.137428,-0.588329,-0.024503,0.017765,0.012529,-0.935393,0.352940,0.119995,-0.022305,0.035524,0.041628,-0.192611,-0.425938,
1625007177.000000,965567350.000000,0.136941,-0.588651,-0.024453,0.017320,0.012275,-0.935784,0.351934,0.114038,-0.018295,0.022881,0.033339,-0.191341,-0.434591,
1625007177.000000,970570326.000000,0.136460,-0.588955,-0.024369,0.016906,0.012065,-0.936171,0.350931,0.109283,-0.017164,0.019872,0.033122,-0.183552,-0.421814,
1625007177.000000,975573540.000000,0.133990,-0.588926,-0.024953,0.016444,0.011884,-0.936499,0.350082,0.111705,-0.019735,0.004869,0.028000,-0.121518,-0.427930,
1625007178.000000,25602579.000000,0.128170,-0.593774,-0.024519,0.017708,0.012782,-0.940380,0.339423,0.146921,-0.001668,-0.007114,-0.012676,0.002717,-0.447122,
1625007178.000000,30605555.000000,0.127598,-0.594166,-0.024449,0.017623,0.012813,-0.940762,0.338366,0.141328,-0.007226,0.006200,-0.022076,-0.052328,-0.452548,
1625007178.000000,35608530.000000,0.127022,-0.594589,-0.024406,0.017518,0.012828,-0.941152,0.337286,0.139783,-0.008260,0.011050,0.023295,0.020240,-0.469532,
1625007178.000000,40611267.000000,0.125174,-0.596096,-0.025337,0.017501,0.012506,-0.941535,0.336228,0.145978,-0.014845,0.016843,0.085505,0.051901,-0.478157,
1625007178.000000,45614481.000000,0.124526,-0.596457,-0.025100,0.017703,0.012348,-0.941933,0.335107,0.143756,-0.021792,0.038750,0.099350,0.093389,-0.465349,
1625007178.000000,50617456.000000,0.123892,-0.596825,-0.024914,0.018054,0.012287,-0.942314,0.334018,0.142164,-0.024616,0.047436,0.048293,0.140668,-0.454622,
1625007178.000000,55620432.000000,0.123253,-0.597176,-0.024685,0.018284,0.012305,-0.942681,0.332966,0.140759,-0.027462,0.055610,0.040355,0.003236,-0.428120,
1625007178.000000,60623646.000000,0.122726,-0.597505,-0.024651,0.018092,0.012138,-0.943033,0.331984,0.126921,-0.020375,0.030174,0.038725,-0.170205,-0.412994,
1625007178.000000,65626383.000000,0.122178,-0.597819,-0.024534,0.017611,0.011896,-0.943391,0.331001,0.120459,-0.019310,0.025686,0.046867,-0.234795,-0.425877,
1625007178.000000,70629358.000000,0.121658,-0.598115,-0.024436,0.017104,0.011608,-0.943759,0.329987,0.114022,-0.018265,0.021427,0.039800,-0.206149,-0.435514,
1625007178.000000,155679464.000000,0.108710,-0.609092,-0.025847,0.018550,0.011813,-0.949881,0.311838,0.139140,-0.005249,0.026315,0.043745,-0.009797,-0.430152,
1625007178.000000,160682440.000000,0.108144,-0.609479,-0.025751,0.018297,0.011672,-0.950215,0.310838,0.132945,-0.004537,0.024927,0.007811,-0.231176,-0.412021,
1625007178.000000,165685415.000000,0.107606,-0.609847,-0.025669,0.017603,0.011453,-0.950547,0.309871,0.126495,-0.003866,0.022706,0.027557,-0.283179,-0.415121,
1625007178.000000,170688391.000000,0.107024,-0.610250,-0.025625,0.017076,0.011184,-0.950889,0.308859,0.132562,-0.003111,0.016860,0.045200,-0.185831,-0.441820,
1625007178.000000,175691366.000000,0.106077,-0.609665,-0.026862,0.016611,0.011145,-0.951240,0.307803,0.136167,-0.005957,0.005913,0.036377,-0.111605,-0.443029,
1625007178.000000,180694342.000000,0.105510,-0.610039,-0.026854,0.016454,0.011055,-0.951580,0.306762,0.135632,-0.005220,0.005774,0.003468,-0.010308,-0.436459,
1625007178.000000,185748100.000000,0.104821,-0.610534,-0.026906,0.016525,0.011115,-0.951916,0.305712,0.153848,-0.001731,0.000007,-0.001082,0.064331,-0.446087,
1625007178.000000,190750122.000000,0.104182,-0.610984,-0.026941,0.016708,0.011168,-0.952255,0.304640,0.159129,-0.000069,-0.002095,0.020446,0.094744,-0.449338,
1625007178.000000,195754290.000000,0.103525,-0.611456,-0.026985,0.016971,0.011226,-0.952591,0.303572,0.164515,0.001618,-0.003755,0.008798,0.122344,-0.443980,
1625007178.000000,200757027.000000,0.102913,-0.611906,-0.027030,0.017257,0.011336,-0.952922,0.302513,0.159151,0.003477,-0.004630,0.001142,0.120287,-0.442882,
1625007178.000000,245783329.000000,0.098067,-0.610852,-0.026971,0.018329,0.011568,-0.955946,0.292741,0.114851,-0.023846,0.031478,0.069379,0.064535,-0.458018,
1625007178.000000,250786066.000000,0.097523,-0.611073,-0.026812,0.018439,0.011443,-0.956271,0.291675,0.110012,-0.025431,0.037964,0.076692,0.017038,-0.437437,
1625007178.000000,255789042.000000,0.096996,-0.611273,-0.026612,0.018490,0.011304,-0.956588,0.290635,0.104981,-0.027044,0.045068,0.041876,-0.020569,-0.424836,
1625007178.000000,260792255.000000,0.096483,-0.611453,-0.026377,0.018337,0.011226,-0.956895,0.289637,0.099959,-0.028696,0.052047,0.014799,-0.114961,-0.414071,
1625007178.000000,265795231.000000,0.096044,-0.611662,-0.026417,0.017923,0.011068,-0.957201,0.288655,0.094200,-0.021169,0.023944,0.027787,-0.239952,-0.407755,
1625007178.000000,270798206.000000,0.095598,-0.611836,-0.026331,0.017322,0.010830,-0.957509,0.287679,0.089220,-0.019803,0.018509,0.027849,-0.228970,-0.418299,
1625007178.000000,275801182.000000,0.094683,-0.610031,-0.027246,0.016722,0.010668,-0.957821,0.286681,0.082150,-0.024968,-0.006186,0.032958,-0.110862,-0.434385,
1625007178.000000,280803919.000000,0.094034,-0.610294,-0.027211,0.016577,0.010565,-0.958133,0.285647,0.106830,-0.025064,0.000400,0.018328,-0.032268,-0.421689,
1625007178.000000,285806894.000000,0.093507,-0.610489,-0.027228,0.016541,0.010559,-0.958433,0.284641,0.111226,-0.024126,-0.000154,0.003129,0.005705,-0.429940,
1625007178.000000,290810108.000000,0.092965,-0.610700,-0.027251,0.016604,0.010581,-0.958745,0.283585,0.115576,-0.023152,-0.000953,0.010708,0.057503,-0.442992,
1625007178.000000,335835934.000000,0.087414,-0.611200,-0.026867,0.018054,0.011443,-0.961504,0.273958,0.118379,-0.026292,0.008470,0.035065,0.056390,-0.439685,
1625007178.000000,340839148.000000,0.085877,-0.611282,-0.028381,0.017983,0.011189,-0.961815,0.272882,0.116849,-0.039617,0.019286,0.075731,0.072378,-0.444973,
1625007178.000000,345842123.000000,0.085275,-0.611415,-0.028291,0.018232,0.011079,-0.962119,0.271794,0.114707,-0.042142,0.028650,0.073619,0.109270,-0.451454,
1625007178.000000,350845098.000000,0.084666,-0.611536,-0.028150,0.018490,0.011009,-0.962419,0.270716,0.112987,-0.044675,0.038325,0.056453,0.045290,-0.434442,
1625007178.000000,355848074.000000,0.084152,-0.611639,-0.028152,0.018432,0.010885,-0.962707,0.269698,0.101272,-0.040131,0.019987,0.044737,-0.113030,-0.413032,
1625007178.000000,360851049.000000,0.083628,-0.611724,-0.028073,0.018109,0.010698,-0.962993,0.268705,0.095514,-0.039894,0.018574,0.050029,-0.132656,-0.418317,
1625007178.000000,365854025.000000,0.083127,-0.611795,-0.028002,0.017838,0.010536,-0.963284,0.267686,0.089813,-0.039675,0.017446,0.021505,-0.130695,-0.424843,
1625007178.000000,370857239.000000,0.082651,-0.611852,-0.027933,0.017489,0.010427,-0.963570,0.266679,0.083978,-0.039489,0.016565,0.022138,-0.142887,-0.409920,
1625007178.000000,375860214.000000,0.081835,-0.612264,-0.028640,0.017182,0.010355,-0.963845,0.265706,0.097901,-0.034339,0.002993,0.019363,-0.147930,-0.412978,
1625007178.000000,380862951.000000,0.081330,-0.612368,-0.028640,0.016881,0.010251,-0.964130,0.264693,0.097418,-0.033247,0.001502,0.020173,-0.079492,-0.427992,
1625007178.000000,425890207.000000,0.075410,-0.614792,-0.028707,0.018324,0.010862,-0.966698,0.255031,0.120206,-0.022670,-0.006138,-0.032852,0.036283,-0.440714,
1625007178.000000,430893183.000000,0.074837,-0.614988,-0.028766,0.018337,0.010999,-0.966972,0.253984,0.118664,-0.022084,-0.006785,-0.042727,0.017021,-0.425815,
1625007178.000000,435895205.000000,0.074246,-0.615154,-0.028692,0.018398,0.011092,-0.967243,0.252943,0.117305,-0.026669,0.011187,0.011571,0.066775,-0.444854,
1625007178.000000,440898180.000000,0.073263,-0.615124,-0.029699,0.018280,0.010930,-0.967518,0.251903,0.117986,-0.032603,0.021537,0.071483,0.083000,-0.445140,
1625007178.000000,445901155.000000,0.072664,-0.615268,-0.029595,0.018489,0.010808,-0.967795,0.250826,0.116883,-0.034101,0.029348,0.075702,0.058449,-0.449108,
1625007178.000000,450904369.000000,0.072182,-0.615346,-0.029502,0.018646,0.010696,-0.968077,0.249729,0.101326,-0.034728,0.030725,0.061735,0.049890,-0.444053,
1625007178.000000,455907345.000000,0.071658,-0.615435,-0.029352,0.018740,0.010597,-0.968349,0.248670,0.095734,-0.035989,0.036458,0.052153,-0.010144,-0.433185,
1625007178.000000,460910082.000000,0.071152,-0.615505,-0.029173,0.018557,0.010450,-0.968619,0.247636,0.090268,-0.037276,0.042143,0.042583,-0.171192,-0.414184,
1625007178.000000,465912819.000000,0.070647,-0.615608,-0.029142,0.018034,0.010244,-0.968883,0.246650,0.091453,-0.033284,0.022988,0.030854,-0.230228,-0.412886,
1625007178.000000,470916033.000000,0.070170,-0.615681,-0.029054,0.017581,0.010081,-0.969149,0.245640,0.088211,-0.032489,0.018781,0.023395,-0.135578,-0.417369,
1625007178.000000,515943050.000000,0.062436,-0.619027,-0.029446,0.018146,0.010279,-0.971478,0.236209,0.133517,-0.018286,-0.004003,-0.010622,0.098485,-0.452397,
1625007178.000000,520946026.000000,0.061802,-0.619253,-0.029495,0.018354,0.010407,-0.971739,0.235114,0.134030,-0.017450,-0.005258,-0.029916,0.099545,-0.448105,
1625007178.000000,525949001.000000,0.061167,-0.619482,-0.029550,0.018559,0.010557,-0.971995,0.234030,0.134565,-0.016617,-0.006779,-0.023588,0.081787,-0.441737,
1625007178.000000,530952215.000000,0.060577,-0.619671,-0.029577,0.018636,0.010665,-0.972248,0.232967,0.126162,-0.018388,-0.003215,-0.038260,-0.008213,-0.432133,
1625007178.000000,535955191.000000,0.059977,-0.619869,-0.029612,0.018499,0.010745,-0.972499,0.231922,0.123206,-0.018630,-0.001987,-0.011008,-0.056359,-0.432098,
1625007178.000000,540957928.000000,0.057503,-0.621692,-0.030584,0.018260,0.010572,-0.972743,0.230922,0.123438,-0.020134,0.001007,0.043695,0.034688,-0.456530,
1625007178.000000,545961142.000000,0.056863,-0.621828,-0.030344,0.018508,0.010494,-0.973007,0.229792,0.121944,-0.027954,0.030591,0.080881,0.133739,-0.457805,
1625007178.000000,550964117.000000,0.056251,-0.621971,-0.030196,0.018809,0.010380,-0.973259,0.228702,0.119320,-0.030654,0.040439,0.068293,0.044090,-0.432097,
1625007178.000000,555966139.000000,0.055646,-0.622095,-0.029999,0.018829,0.010254,-0.973504,0.227662,0.116470,-0.033378,0.050124,0.063654,-0.001622,-0.425627,
1625007178.000000,560970306.000000,0.055143,-0.622218,-0.029988,0.018814,0.010112,-0.973749,0.226622,0.103591,-0.027330,0.026049,0.050149,-0.072435,-0.423611,
