1625009350.000000,659163475.000000,-0.000119,0.000127,0.000185,0.001942,0.027687,-0.000048,0.999615,0.000757,0.000023,0.005838,-0.001696,0.002627,0.000668,
1625009350.000000,664166451.000000,-0.000117,0.000126,0.000221,0.001929,0.027679,-0.000048,0.999615,0.000237,-0.000053,0.007047,-0.004987,-0.011157,0.001650,
1625009350.000000,669169664.000000,-0.000115,0.000126,0.000258,0.001928,0.027659,-0.000042,0.999616,0.000096,-0.000123,0.007832,0.004627,0.005603,0.000655,
1625009350.000000,674172640.000000,-0.000157,0.000070,0.000130,0.001944,0.027704,-0.000040,0.999614,-0.000486,-0.000863,0.006072,-0.003785,-0.000361,-0.001516,
1625009350.000000,679175615.000000,-0.000157,0.000068,0.000178,0.001930,0.027690,-0.000043,0.999615,-0.000483,-0.000639,0.008413,0.002373,0.006586,-0.000451,
1625009350.000000,684178591.000000,-0.000157,0.000065,0.000218,0.001944,0.027718,-0.000042,0.999614,-0.000475,-0.000610,0.009005,-0.000551,-0.000367,0.001688,
1625009350.000000,689181566.000000,-0.000157,0.000061,0.000260,0.001932,0.027687,-0.000037,0.999615,-0.000510,-0.000582,0.009589,-0.000805,-0.013458,0.000633,
1625009350.000000,694184542.000000,-0.000159,0.000059,0.000293,0.001934,0.027675,-0.000040,0.999615,-0.000651,-0.000553,0.008431,-0.003786,0.004686,-0.002575,
1625009350.000000,699187756.000000,-0.000160,0.000056,0.000336,0.001915,0.027679,-0.000044,0.999615,-0.000754,-0.000525,0.008719,-0.006092,-0.012098,0.000596,
1625009350.000000,704190731.000000,-0.000162,0.000053,0.000380,0.001918,0.027650,-0.000037,0.999616,-0.000872,-0.000498,0.008913,0.008885,0.006558,0.003836,
1625009350.000000,749217749.000000,-0.000321,0.000099,0.000336,0.001920,0.027664,0.000004,0.999615,-0.003845,0.000890,0.008217,-0.002866,-0.016474,0.000723,
1625009350.000000,754220724.000000,-0.000336,0.000104,0.000380,0.001923,0.027640,0.000001,0.999616,-0.003976,0.000918,0.008719,0.004641,0.006739,0.001646,
1625009350.000000,759223700.000000,-0.000334,0.000096,0.000439,0.001914,0.027472,0.000008,0.999621,-0.001672,-0.000725,0.011511,-0.020798,-0.219727,-0.000354,
1625009350.000000,764226675.000000,-0.000337,0.000091,0.000502,0.001852,0.026382,-0.000038,0.999650,-0.000686,-0.001367,0.013472,-0.011581,-0.650881,-0.045030,
1625009350.000000,769229650.000000,-0.000338,0.000082,0.000575,0.001853,0.024608,-0.000292,0.999695,-0.000337,-0.002013,0.015431,0.007968,-0.644152,-0.172741,
1625009350.000000,774232626.000000,0.000458,-0.000047,0.000173,0.001827,0.023384,-0.000863,0.999725,0.064367,-0.014139,0.012246,-0.008110,-0.384705,-0.263838,
1625009350.000000,779235840.000000,0.000832,-0.000129,0.000222,0.001765,0.022794,-0.001563,0.999738,0.084226,-0.018110,0.014225,-0.026288,-0.047695,-0.296530,
1625009350.000000,784237862.000000,0.001304,-0.000231,0.000268,0.001712,0.023107,-0.002354,0.999729,0.103926,-0.022008,0.015586,0.012932,0.260544,-0.340174,
1625009350.000000,789240599.000000,0.001859,-0.000308,0.000254,0.001786,0.023971,-0.003254,0.999706,0.122066,-0.019192,0.008212,0.048460,0.416979,-0.373305,
1625009350.000000,794243574.000000,0.002518,-0.000411,0.000259,0.001888,0.025018,-0.004201,0.999676,0.141159,-0.020269,0.006709,0.047242,0.375045,-0.379680,
1625009350.000000,854279518.000000,0.009309,-0.002319,-0.000778,0.001801,0.027938,-0.016305,0.999475,0.104777,-0.033832,0.017872,0.105381,-0.060563,-0.434543,
1625009350.000000,859282732.000000,0.009822,-0.002508,-0.000694,0.001933,0.027711,-0.017393,0.999463,0.100210,-0.034829,0.026876,0.032267,-0.073524,-0.434431,
1625009350.000000,864285707.000000,0.010317,-0.002703,-0.000575,0.001952,0.027565,-0.018468,0.999447,0.095873,-0.035848,0.035027,0.023605,-0.076625,-0.417513,
1625009350.000000,869288445.000000,0.010842,-0.002889,-0.000618,0.002013,0.027310,-0.019495,0.999435,0.100065,-0.034492,0.014190,0.050442,-0.112267,-0.408798,
1625009350.000000,874291658.000000,0.012184,-0.002925,0.000310,0.002164,0.026978,-0.020444,0.999425,0.110010,-0.030945,0.032897,0.058030,-0.061482,-0.403914,
1625009350.000000,879294634.000000,0.012729,-0.003103,0.000446,0.002255,0.026873,-0.021457,0.999406,0.108064,-0.031025,0.032343,0.032489,-0.054310,-0.408082,
1625009350.000000,884297609.000000,0.013370,-0.003310,0.000574,0.002283,0.026770,-0.022489,0.999386,0.117703,-0.033556,0.031806,0.021635,0.008239,-0.413512,
1625009350.000000,889300823.000000,0.013965,-0.003508,0.000698,0.002328,0.026902,-0.023538,0.999358,0.119693,-0.034379,0.031198,0.034532,0.064316,-0.429373,
1625009350.000000,894303799.000000,0.014572,-0.003712,0.000822,0.002385,0.027024,-0.024615,0.999329,0.122008,-0.035182,0.030867,0.026105,0.032115,-0.420019,
1625009350.000000,899306536.000000,0.015198,-0.003880,0.000937,0.002405,0.027001,-0.025657,0.999303,0.125103,-0.030009,0.029569,0.017429,-0.071428,-0.425009,
1625009350.000000,939329863.000000,0.021907,-0.004408,-0.000402,0.001911,0.028140,-0.034609,0.999003,0.137981,-0.018246,-0.002528,-0.022465,-0.057546,-0.443669,
1625009350.000000,944332838.000000,0.022620,-0.004565,-0.000304,0.001765,0.028101,-0.035729,0.998965,0.140324,-0.020294,0.014835,-0.044615,0.012137,-0.449158,
1625009350.000000,949335575.000000,0.023318,-0.004720,-0.000251,0.001701,0.028171,-0.036842,0.998923,0.140635,-0.021278,0.020764,0.023784,0.035368,-0.443723,
1625009350.000000,954338551.000000,0.024021,-0.004882,-0.000157,0.001777,0.028218,-0.037944,0.998880,0.141003,-0.022257,0.027448,0.040157,-0.011087,-0.434191,
1625009350.000000,959341764.000000,0.024732,-0.005051,-0.000030,0.001865,0.028285,-0.039043,0.998835,0.141721,-0.023229,0.034204,0.073654,0.133905,-0.452130,
1625009350.000000,964344740.000000,0.025374,-0.005236,0.000161,0.002066,0.028746,-0.040188,0.998776,0.133538,-0.025876,0.043918,0.073240,0.153032,-0.447136,
1625009350.000000,969347715.000000,0.026422,-0.005563,-0.000261,0.002144,0.028995,-0.041322,0.998723,0.138253,-0.030157,0.049759,0.055740,0.024581,-0.414059,
1625009350.000000,974335432.000000,0.027102,-0.005776,-0.000030,0.002248,0.028914,-0.042348,0.998682,0.136460,-0.031703,0.057954,0.051627,-0.088594,-0.411800,
1625009350.000000,979338408.000000,0.027649,-0.005922,-0.000141,0.002299,0.028592,-0.043404,0.998646,0.123052,-0.026726,0.026368,0.016541,-0.151341,-0.430042,
1625009350.000000,984341383.000000,0.028243,-0.006108,-0.000051,0.002285,0.028173,-0.044484,0.998610,0.117792,-0.026355,0.023309,0.028970,-0.190231,-0.427977,
1625009351.000000,29368162.000000,0.034792,-0.007330,-0.001113,0.002144,0.028283,-0.054239,0.998125,0.156690,-0.011960,-0.012512,-0.011218,0.009865,-0.452533,
1625009351.000000,34371376.000000,0.035562,-0.007471,-0.001225,0.002099,0.028320,-0.055383,0.998061,0.157529,-0.010578,-0.014702,-0.003699,0.034001,-0.463207,
1625009351.000000,39374352.000000,0.035767,-0.007874,-0.000851,0.002086,0.028408,-0.056596,0.997991,0.144900,-0.016917,0.003491,-0.018540,-0.011834,-0.449587,
1625009351.000000,44377089.000000,0.036482,-0.008041,-0.000875,0.001965,0.028381,-0.057701,0.997929,0.145181,-0.016883,0.003141,-0.053716,0.035628,-0.445122,
1625009351.000000,49379110.000000,0.037198,-0.008209,-0.000915,0.001818,0.028557,-0.058807,0.997859,0.145480,-0.016843,0.001936,-0.026338,0.046643,-0.436809,
1625009351.000000,54382324.000000,0.037922,-0.008437,-0.000753,0.001829,0.028667,-0.059899,0.997791,0.145922,-0.024862,0.028866,0.053827,0.088668,-0.448272,
1625009351.000000,59385300.000000,0.038642,-0.008658,-0.000623,0.002018,0.028955,-0.061044,0.997713,0.145763,-0.028026,0.039168,0.100803,0.105846,-0.456017,
1625009351.000000,64388275.000000,0.039359,-0.008896,-0.000444,0.002257,0.029168,-0.062184,0.997636,0.145575,-0.031179,0.049739,0.098650,0.102727,-0.456875,
1625009351.000000,69391251.000000,0.039990,-0.009005,-0.000486,0.002467,0.029591,-0.063379,0.997548,0.144212,-0.035614,0.072948,0.044395,0.103134,-0.449698,
1625009351.000000,74394226.000000,0.040499,-0.009132,-0.000565,0.002488,0.029671,-0.064474,0.997475,0.125310,-0.026624,0.041795,0.006762,-0.084696,-0.425190,
1625009351.000000,119421482.000000,0.046476,-0.010863,-0.001435,0.002476,0.027817,-0.074061,0.996863,0.156967,-0.013378,-0.005250,-0.000496,0.129471,-0.441206,
1625009351.000000,124424219.000000,0.047247,-0.011042,-0.001516,0.002459,0.028199,-0.075166,0.996769,0.160239,-0.011671,-0.008068,-0.017403,0.155310,-0.441324,
1625009351.000000,129427433.000000,0.048034,-0.011217,-0.001613,0.002391,0.028547,-0.076257,0.996677,0.163544,-0.009951,-0.010999,-0.025065,0.112747,-0.439098,
1625009351.000000,134430408.000000,0.048757,-0.011403,-0.001678,0.002334,0.028746,-0.077357,0.996586,0.155413,-0.012074,-0.008226,-0.005807,0.037551,-0.444451,
1625009351.000000,139433384.000000,0.049152,-0.011586,-0.001529,0.002381,0.028987,-0.078537,0.996487,0.143322,-0.014274,-0.000595,-0.020534,0.047647,-0.449861,
1625009351.000000,144436598.000000,0.049844,-0.011769,-0.001573,0.002265,0.029134,-0.079653,0.996394,0.142205,-0.014152,-0.000255,-0.050592,0.037759,-0.446659,
1625009351.000000,159445286.000000,0.051914,-0.012442,-0.001335,0.002250,0.029244,-0.082982,0.996119,0.140692,-0.022696,0.027498,0.086048,0.081629,-0.458492,
1625009351.000000,164448500.000000,0.052563,-0.012674,-0.001192,0.002430,0.029403,-0.084114,0.996019,0.135154,-0.024774,0.037695,0.070923,0.087804,-0.447688,
1625009351.000000,169451475.000000,0.052868,-0.013430,-0.001222,0.002670,0.029703,-0.085247,0.995913,0.123173,-0.035245,0.036072,0.055988,0.062188,-0.428657,
1625009351.000000,174454451.000000,0.053448,-0.013714,-0.001064,0.002782,0.029743,-0.086302,0.995821,0.119792,-0.037140,0.041530,0.058115,-0.020817,-0.417929,
1625009351.000000,254501104.000000,0.064376,-0.016816,-0.002027,0.002441,0.029411,-0.103540,0.994187,0.145683,-0.011773,-0.001723,0.010277,-0.032261,-0.434190,
1625009351.000000,259504318.000000,0.065096,-0.017091,-0.001891,0.002504,0.029379,-0.104627,0.994074,0.148026,-0.020237,0.025030,0.067892,0.063270,-0.448868,
1625009351.000000,264507294.000000,0.065806,-0.017354,-0.001783,0.002724,0.029728,-0.105776,0.993942,0.148128,-0.023416,0.035530,0.096750,0.210462,-0.461919,
1625009351.000000,269510269.000000,0.066098,-0.017803,-0.001315,0.002994,0.030125,-0.106901,0.993809,0.140984,-0.033448,0.062519,0.070125,0.134620,-0.433246,
1625009351.000000,274513483.000000,0.066602,-0.017992,-0.001319,0.003127,0.030248,-0.107944,0.993692,0.121142,-0.025460,0.038161,0.062351,-0.010370,-0.408558,
1625009351.000000,279516459.000000,0.067162,-0.018245,-0.001176,0.003201,0.030058,-0.108966,0.993586,0.114821,-0.025059,0.036717,0.015973,-0.144490,-0.413925,
1625009351.000000,284519196.000000,0.067692,-0.018492,-0.001047,0.003124,0.029526,-0.109992,0.993489,0.108730,-0.024688,0.034495,0.024810,-0.277146,-0.403428,
1625009351.000000,289522409.000000,0.068314,-0.018766,-0.000969,0.003110,0.028755,-0.110991,0.993400,0.120738,-0.025447,0.027396,0.029876,-0.320729,-0.405334,
1625009351.000000,294525385.000000,0.068883,-0.019026,-0.000876,0.003064,0.028073,-0.112034,0.993303,0.121593,-0.025514,0.024714,0.037758,-0.191731,-0.431016,
1625009351.000000,299528360.000000,0.069455,-0.019288,-0.000792,0.003107,0.027853,-0.113130,0.993185,0.122520,-0.025561,0.022535,0.018132,0.017466,-0.444920,
1625009351.000000,349557400.000000,0.076219,-0.021876,-0.002237,0.002873,0.029448,-0.124040,0.991836,0.153464,-0.006080,-0.011193,-0.035462,0.035184,-0.443839,
1625009351.000000,354560614.000000,0.076709,-0.022290,-0.001839,0.002796,0.029578,-0.125138,0.991694,0.140076,-0.021705,0.021042,-0.006701,0.028539,-0.438633,
1625009351.000000,359563351.000000,0.077370,-0.022576,-0.001750,0.002831,0.029619,-0.126221,0.991556,0.139190,-0.023385,0.026887,0.064614,0.038239,-0.437441,
1625009351.000000,364566088.000000,0.078016,-0.022869,-0.001617,0.003040,0.029773,-0.127332,0.991409,0.137830,-0.025057,0.033480,0.093744,0.098093,-0.456645,
1625009351.000000,369569063.000000,0.078661,-0.023168,-0.002052,0.003299,0.030050,-0.128470,0.991252,0.128019,-0.029128,0.033078,0.090274,0.145694,-0.447304,
1625009351.000000,374572277.000000,0.079242,-0.023477,-0.001909,0.003489,0.030337,-0.129547,0.991103,0.124474,-0.031022,0.038995,0.044674,0.071945,-0.421528,
1625009351.000000,379575253.000000,0.079805,-0.023793,-0.001733,0.003518,0.030249,-0.130568,0.990972,0.120974,-0.032951,0.044863,0.032507,-0.160157,-0.397115,
1625009351.000000,384578228.000000,0.080314,-0.024029,-0.001814,0.003522,0.029649,-0.131557,0.990859,0.113153,-0.026482,0.018012,0.053081,-0.263945,-0.408626,
1625009351.000000,389581203.000000,0.080812,-0.024300,-0.001777,0.003506,0.028973,-0.132605,0.990739,0.107829,-0.025695,0.012318,0.018043,-0.292591,-0.424888,
1625009351.000000,394584179.000000,0.081288,-0.024561,-0.001772,0.003403,0.028284,-0.133658,0.990618,0.102778,-0.024928,0.006189,0.016535,-0.222491,-0.422636,
1625009351.000000,434608459.000000,0.087333,-0.026493,-0.001599,0.003387,0.029302,-0.142309,0.989383,0.156475,-0.007145,0.010563,-0.013883,0.041972,-0.439819,
1625009351.000000,439611197.000000,0.087639,-0.026949,-0.001996,0.003450,0.029437,-0.143443,0.989215,0.148112,-0.011461,0.005853,-0.011971,0.057414,-0.467286,
1625009351.000000,444614172.000000,0.088342,-0.027215,-0.002008,0.003403,0.029580,-0.144610,0.989041,0.149005,-0.010526,0.006018,-0.023408,0.013874,-0.458141,
1625009351.000000,449617386.000000,0.089025,-0.027516,-0.002000,0.003276,0.029550,-0.145709,0.988881,0.148540,-0.013913,0.008144,-0.040684,-0.018882,-0.447022,
1625009351.000000,454620361.000000,0.089714,-0.027798,-0.001999,0.003164,0.029553,-0.146816,0.988717,0.148235,-0.014306,0.009045,-0.014082,0.000754,-0.440954,
1625009351.000000,459623337.000000,0.090397,-0.028083,-0.001999,0.003184,0.029602,-0.147907,0.988553,0.147711,-0.014704,0.009388,0.057287,0.059688,-0.452376,
1625009351.000000,464625120.000000,0.091045,-0.028412,-0.001830,0.003366,0.029747,-0.149046,0.988377,0.143298,-0.022231,0.034006,0.075789,0.043492,-0.453775,
1625009351.000000,469628334.000000,0.091150,-0.028880,-0.001883,0.003617,0.029821,-0.150169,0.988204,0.134154,-0.033502,0.055966,0.086011,0.105935,-0.461015,
1625009351.000000,474632263.000000,0.091755,-0.029253,-0.001613,0.003846,0.030114,-0.151311,0.988020,0.133573,-0.036750,0.067748,0.072551,0.107171,-0.447410,
1625009351.000000,479634285.000000,0.092236,-0.029475,-0.001647,0.003971,0.030228,-0.152377,0.987852,0.117478,-0.026326,0.038550,0.046650,0.003684,-0.416321,
1625009351.000000,524661303.000000,0.098135,-0.032225,-0.002547,0.003874,0.028874,-0.161817,0.986391,0.149749,-0.012781,0.000941,-0.005479,0.093487,-0.425932,
1625009351.000000,529664516.000000,0.098827,-0.032521,-0.002589,0.003883,0.029149,-0.162881,0.986207,0.150605,-0.010703,-0.000573,-0.002105,0.115138,-0.436635,
1625009351.000000,534667492.000000,0.099322,-0.032747,-0.002959,0.003992,0.029420,-0.163989,0.986015,0.151387,-0.007609,-0.008782,-0.008512,0.060177,-0.435585,
1625009351.000000,539670229.000000,0.100026,-0.033024,-0.003053,0.003933,0.029481,-0.165062,0.985835,0.152865,-0.005519,-0.010572,-0.022334,-0.001819,-0.438698,
1625009351.000000,544672966.000000,0.100666,-0.033337,-0.003087,0.003847,0.029500,-0.166165,0.985649,0.148457,-0.009724,-0.006299,-0.013949,0.016259,-0.460007,
1625009351.000000,549676180.000000,0.101346,-0.033624,-0.003166,0.003786,0.029556,-0.167308,0.985454,0.147947,-0.009433,-0.006944,-0.026454,0.003940,-0.460164,
1625009351.000000,554679155.000000,0.102024,-0.033912,-0.003251,0.003670,0.029567,-0.168418,0.985265,0.147629,-0.009152,-0.007764,-0.026797,0.006637,-0.444046,
1625009351.000000,559682131.000000,0.102695,-0.034237,-0.003223,0.003649,0.029613,-0.169506,0.985077,0.147276,-0.014288,0.007292,0.039281,0.017621,-0.441899,
1625009351.000000,564685345.000000,0.103365,-0.034556,-0.003216,0.003798,0.029723,-0.170614,0.984882,0.147046,-0.016169,0.012577,0.074777,0.126055,-0.456813,
1625009351.000000,569688320.000000,0.103410,-0.034821,-0.002800,0.004064,0.030019,-0.171748,0.984675,0.135927,-0.023667,0.034583,0.088319,0.143096,-0.448413,
1625009351.000000,659741402.000000,0.113354,-0.041784,-0.002626,0.004173,0.029628,-0.190928,0.981148,0.140231,-0.020469,0.010316,0.011749,0.021085,-0.442877,
1625009351.000000,664744377.000000,0.113968,-0.042145,-0.002616,0.004262,0.029656,-0.192021,0.980933,0.140310,-0.020666,0.010438,0.076912,0.076813,-0.448214,
1625009351.000000,669747353.000000,0.114508,-0.042570,-0.002323,0.004506,0.029925,-0.193138,0.980705,0.133216,-0.030841,0.042341,0.086641,0.122892,-0.456796,
1625009351.000000,674750566.000000,0.115839,-0.043129,-0.003028,0.004756,0.029953,-0.194241,0.980485,0.139360,-0.037303,0.054991,0.073658,0.074501,-0.441962,
1625009351.000000,679753304.000000,0.116420,-0.043580,-0.002766,0.004890,0.029965,-0.195301,0.980273,0.137619,-0.040833,0.066208,0.050350,-0.069214,-0.421615,
1625009351.000000,684756279.000000,0.116890,-0.043853,-0.002859,0.004905,0.029668,-0.196324,0.980078,0.121313,-0.029642,0.033636,0.041631,-0.115774,-0.409918,
1625009351.000000,689759493.000000,0.117388,-0.044220,-0.002734,0.004920,0.029375,-0.197328,0.979885,0.115292,-0.028783,0.031134,0.034388,-0.140129,-0.407771,
1625009351.000000,694762468.000000,0.117861,-0.044573,-0.002620,0.004863,0.028903,-0.198322,0.979699,0.109415,-0.027951,0.028667,0.022536,-0.236935,-0.395082,
1625009351.000000,699765444.000000,0.118427,-0.044961,-0.002499,0.004789,0.028329,-0.199297,0.979518,0.121486,-0.027040,0.029213,0.039545,-0.185609,-0.407657,
1625009351.000000,704768658.000000,0.120043,-0.044736,-0.003909,0.004663,0.027972,-0.200329,0.979318,0.131660,-0.014204,0.005829,0.023938,-0.110533,-0.423901,
1625009351.000000,754798412.000000,0.126435,-0.047860,-0.004603,0.004679,0.029239,-0.211111,0.977013,0.142742,-0.001714,-0.005598,-0.011491,-0.057702,-0.443916,
1625009351.000000,759800196.000000,0.127094,-0.048219,-0.004566,0.004653,0.029229,-0.212213,0.976775,0.146020,-0.008023,0.010094,0.012183,0.041516,-0.454740,
1625009351.000000,764803171.000000,0.127742,-0.048566,-0.004544,0.004708,0.029363,-0.213325,0.976529,0.146179,-0.010365,0.016593,0.041801,0.053367,-0.453635,
1625009351.000000,769806147.000000,0.128247,-0.049401,-0.004509,0.004890,0.029178,-0.214425,0.976292,0.149851,-0.019315,0.031015,0.070760,0.068620,-0.454638,
1625009351.000000,774809361.000000,0.128895,-0.049813,-0.004381,0.005095,0.029365,-0.215542,0.976040,0.150761,-0.021643,0.038231,0.082434,0.106100,-0.452618,
1625009351.000000,779812336.000000,0.129417,-0.050127,-0.004288,0.005310,0.029586,-0.216636,0.975790,0.136070,-0.019071,0.037466,0.066531,0.096538,-0.439781,
1625009351.000000,784815073.000000,0.129990,-0.050503,-0.004124,0.005450,0.029666,-0.217671,0.975556,0.131997,-0.020048,0.042749,0.063120,-0.037638,-0.397293,
1625009351.000000,789818287.000000,0.130536,-0.050874,-0.003928,0.005491,0.029352,-0.218617,0.975354,0.127495,-0.021076,0.048295,0.031499,-0.177128,-0.390545,
1625009351.000000,794821262.000000,0.131054,-0.051199,-0.003825,0.005419,0.028867,-0.219598,0.975148,0.120053,-0.016888,0.035571,0.044789,-0.197196,-0.403662,
1625009351.000000,799824238.000000,0.131557,-0.051529,-0.003684,0.005411,0.028382,-0.220602,0.974936,0.114987,-0.015843,0.032594,0.030604,-0.186288,-0.420518,
1625009351.000000,844851255.000000,0.136325,-0.055843,-0.004245,0.005490,0.028905,-0.230193,0.972700,0.152404,-0.010040,0.001894,-0.004900,-0.016470,-0.454575,
1625009351.000000,849854469.000000,0.136990,-0.056228,-0.004273,0.005454,0.028901,-0.231324,0.972432,0.152718,-0.008571,0.001835,-0.013078,0.004139,-0.466551,
1625009351.000000,854857445.000000,0.137642,-0.056644,-0.004259,0.005355,0.028916,-0.232443,0.972165,0.153143,-0.012537,0.007978,-0.028392,-0.018028,-0.454710,
1625009351.000000,859860420.000000,0.138297,-0.057050,-0.004259,0.005235,0.028878,-0.233534,0.971906,0.153333,-0.013254,0.009693,-0.038787,-0.019402,-0.445111,
1625009351.000000,864863396.000000,0.138950,-0.057461,-0.004254,0.005161,0.028914,-0.234620,0.971643,0.153373,-0.013972,0.010731,0.028882,0.043153,-0.454639,
1625009351.000000,869866371.000000,0.139332,-0.057861,-0.004866,0.005392,0.028759,-0.235735,0.971377,0.141404,-0.025391,0.022470,0.103046,0.075182,-0.460072,
1625009351.000000,874869347.000000,0.139903,-0.058307,-0.004777,0.005654,0.028892,-0.236858,0.971098,0.140110,-0.028580,0.031341,0.095405,0.080281,-0.461053,
1625009351.000000,879872561.000000,0.140464,-0.058768,-0.004635,0.005856,0.029066,-0.237977,0.970818,0.138955,-0.031771,0.040808,0.050635,0.096165,-0.452616,
1625009351.000000,884875536.000000,0.140964,-0.059141,-0.004616,0.005975,0.029240,-0.239050,0.970549,0.126662,-0.025283,0.024948,0.050322,0.040367,-0.428074,
1625009351.000000,889878273.000000,0.141459,-0.059543,-0.004529,0.006082,0.029117,-0.240060,0.970302,0.120985,-0.024675,0.023832,0.075146,-0.131294,-0.399302,
1625009351.000000,939907312.000000,0.145951,-0.063788,-0.004270,0.006021,0.028398,-0.250599,0.967656,0.150418,-0.013468,0.004311,0.033498,0.083180,-0.450494,
1625009351.000000,944910049.000000,0.146584,-0.064212,-0.004290,0.006103,0.028582,-0.251690,0.967366,0.153068,-0.011714,0.004015,-0.007589,0.065537,-0.448419,
1625009351.000000,949913263.000000,0.147145,-0.064613,-0.004301,0.006005,0.028727,-0.252777,0.967079,0.146043,-0.012349,0.004464,-0.051910,0.032485,-0.457891,
1625009351.000000,954916239.000000,0.147748,-0.065020,-0.004322,0.005864,0.028818,-0.253883,0.966788,0.145144,-0.011370,0.004091,-0.050548,0.011356,-0.451699,
1625009351.000000,959919214.000000,0.148347,-0.065422,-0.004349,0.005716,0.028790,-0.254962,0.966505,0.144178,-0.010404,0.003348,-0.023004,-0.082608,-0.451461,
1625009351.000000,964922428.000000,0.148921,-0.065880,-0.004211,0.005630,0.028526,-0.256070,0.966221,0.143182,-0.018652,0.025859,0.039916,-0.098277,-0.459090,
1625009351.000000,969925165.000000,0.149483,-0.066441,-0.004641,0.005678,0.028236,-0.257157,0.965940,0.143387,-0.026867,0.037120,0.067843,0.078839,-0.477045,
1625009351.000000,974928141.000000,0.150044,-0.066926,-0.004472,0.005910,0.028548,-0.258315,0.965621,0.143270,-0.029564,0.047199,0.079305,0.170888,-0.467696,
1625009351.000000,979931355.000000,0.150552,-0.067339,-0.004413,0.006181,0.028858,-0.259400,0.965319,0.134739,-0.026470,0.038300,0.086899,0.115333,-0.428112,
1625009351.000000,984934330.000000,0.151076,-0.067798,-0.004255,0.006393,0.029020,-0.260420,0.965038,0.132437,-0.027298,0.041751,0.063477,0.063185,-0.422656,
1625009352.000000,29961348.000000,0.155585,-0.071481,-0.004662,0.006380,0.027674,-0.269781,0.962503,0.141843,-0.011165,0.006947,-0.027300,0.093656,-0.439967,
1625009352.000000,34964323.000000,0.156173,-0.071898,-0.004673,0.006350,0.027863,-0.270827,0.962204,0.145649,-0.008946,0.004631,-0.011125,0.070391,-0.441804,
1625009352.000000,39967537.000000,0.157075,-0.072813,-0.004909,0.006510,0.028210,-0.271930,0.961881,0.161336,-0.007588,-0.013171,0.000603,0.159284,-0.458977,
1625009352.000000,44970512.000000,0.157638,-0.073260,-0.004903,0.006584,0.028588,-0.273034,0.961557,0.154200,-0.010951,-0.004410,-0.003596,0.086365,-0.455831,
1625009352.000000,49973488.000000,0.158267,-0.073712,-0.004973,0.006543,0.028663,-0.274131,0.961243,0.155058,-0.010408,-0.004939,-0.016454,0.010669,-0.464190,
1625009352.000000,54976225.000000,0.158901,-0.074167,-0.005040,0.006427,0.028695,-0.275252,0.960922,0.156042,-0.009851,-0.005061,-0.063154,-0.038057,-0.462271,
1625009352.000000,59979439.000000,0.159521,-0.074627,-0.005052,0.006156,0.028522,-0.276355,0.960613,0.154656,-0.011151,0.001991,-0.057232,-0.149704,-0.466305,
1625009352.000000,64982176.000000,0.160145,-0.075086,-0.005081,0.005936,0.028160,-0.277494,0.960296,0.154366,-0.011336,0.004086,-0.008913,-0.143751,-0.478188,
1625009352.000000,69984436.000000,0.160359,-0.075601,-0.005564,0.005870,0.027636,-0.278646,0.959978,0.143424,-0.016829,0.001166,0.072839,-0.014037,-0.494087,
1625009352.000000,74987650.000000,0.160942,-0.076184,-0.005346,0.006175,0.027777,-0.279860,0.959619,0.151165,-0.027758,0.031025,0.146679,0.219691,-0.509072,
1625009352.000000,120014191.000000,0.165075,-0.080478,-0.004885,0.006956,0.027544,-0.289585,0.956731,0.138419,-0.015061,0.002884,0.028471,-0.020930,-0.444089,
1625009352.000000,125017405.000000,0.165615,-0.080924,-0.004917,0.006965,0.027593,-0.290659,0.956403,0.141191,-0.013119,-0.000589,-0.009962,0.053910,-0.455783,
1625009352.000000,130020142.000000,0.166170,-0.081369,-0.004965,0.006934,0.027761,-0.291740,0.956070,0.144162,-0.011161,-0.004263,-0.015494,0.052953,-0.439986,
1625009352.000000,135023117.000000,0.166581,-0.082137,-0.004980,0.006900,0.027784,-0.292782,0.955751,0.149818,-0.011588,-0.004685,-0.018347,0.047209,-0.439672,
1625009352.000000,140026331.000000,0.167126,-0.082617,-0.004959,0.006880,0.027968,-0.293856,0.955416,0.148712,-0.013548,0.001035,-0.001598,0.097075,-0.458997,
1625009352.000000,145029306.000000,0.167706,-0.083092,-0.004999,0.006927,0.028215,-0.294963,0.955067,0.150107,-0.012713,0.000029,-0.008660,0.082664,-0.466467,
1625009352.000000,150032282.000000,0.168293,-0.083568,-0.005045,0.006875,0.028371,-0.296079,0.954717,0.151515,-0.011871,-0.000880,-0.033476,0.033508,-0.471744,
1625009352.000000,155035496.000000,0.168857,-0.084025,-0.005096,0.006741,0.028421,-0.297200,0.954369,0.147806,-0.010971,-0.002015,-0.058863,-0.037179,-0.465426,
1625009352.000000,160038233.000000,0.169433,-0.084488,-0.005147,0.006536,0.028329,-0.298297,0.954030,0.147319,-0.010116,-0.002293,-0.028339,-0.054638,-0.459996,
1625009352.000000,165041208.000000,0.170009,-0.084947,-0.005200,0.006481,0.028241,-0.299396,0.953689,0.146807,-0.009266,-0.002649,0.025320,-0.030899,-0.458996,
1625009352.000000,250091553.000000,0.177391,-0.093918,-0.005007,0.007353,0.028429,-0.317556,0.947785,0.151395,-0.013950,-0.002454,-0.035404,0.018530,-0.465485,
1625009352.000000,255095243.000000,0.177952,-0.094429,-0.005072,0.007210,0.028375,-0.318650,0.947420,0.151049,-0.013177,-0.004667,-0.041539,-0.055824,-0.463210,
1625009352.000000,260097265.000000,0.178513,-0.094936,-0.005152,0.007042,0.028286,-0.319746,0.947055,0.150716,-0.012399,-0.007251,-0.020602,-0.063595,-0.459079,
1625009352.000000,265100002.000000,0.179057,-0.095487,-0.005082,0.006979,0.028155,-0.320837,0.946690,0.151167,-0.018456,0.012721,0.028669,-0.028023,-0.468505,
1625009352.000000,270103216.000000,0.179648,-0.096287,-0.005296,0.007107,0.028015,-0.321972,0.946308,0.150705,-0.027549,0.034250,0.071295,0.071765,-0.468774,
1625009352.000000,275106192.000000,0.180164,-0.096865,-0.005146,0.007362,0.028193,-0.323080,0.945923,0.150231,-0.029527,0.042656,0.099035,0.106143,-0.468609,
1625009352.000000,280109167.000000,0.180626,-0.097396,-0.005026,0.007673,0.028410,-0.324189,0.945535,0.142707,-0.029924,0.043184,0.104352,0.167905,-0.458118,
1625009352.000000,285112381.000000,0.181101,-0.097959,-0.004843,0.007967,0.028709,-0.325248,0.945159,0.140211,-0.031442,0.048464,0.053377,0.072810,-0.436696,
1625009352.000000,290115118.000000,0.181562,-0.098523,-0.004638,0.007986,0.028603,-0.326254,0.944816,0.137859,-0.032995,0.053238,0.032683,-0.126439,-0.408009,
1625009352.000000,295118093.000000,0.182016,-0.099022,-0.004596,0.007897,0.028186,-0.327222,0.944494,0.131711,-0.026486,0.030834,0.022448,-0.186896,-0.421599,
1625009352.000000,340145350.000000,0.185716,-0.103666,-0.005022,0.007922,0.028089,-0.336712,0.941155,0.149103,-0.013997,0.004667,-0.026440,0.042313,-0.455979,
1625009352.000000,345148325.000000,0.186250,-0.104194,-0.005032,0.007836,0.028190,-0.337792,0.940766,0.149437,-0.013433,0.004748,-0.026738,0.033482,-0.464469,
1625009352.000000,350151300.000000,0.186784,-0.104722,-0.005044,0.007790,0.028319,-0.338897,0.940365,0.149681,-0.012856,0.004713,-0.025348,0.040316,-0.478306,
1625009352.000000,355154276.000000,0.187314,-0.105244,-0.005064,0.007696,0.028434,-0.340010,0.939960,0.149512,-0.012284,0.004245,-0.047857,0.026331,-0.461417,
1625009352.000000,360157490.000000,0.187807,-0.105771,-0.005030,0.007548,0.028443,-0.341058,0.939582,0.145909,-0.015009,0.010675,-0.027781,-0.089684,-0.438828,
1625009352.000000,365160465.000000,0.188323,-0.106304,-0.005010,0.007431,0.028212,-0.342104,0.939209,0.145429,-0.015547,0.012698,0.030931,-0.045580,-0.456916,
1625009352.000000,370162249.000000,0.188600,-0.106617,-0.006000,0.007534,0.028013,-0.343186,0.938819,0.133543,-0.018762,0.000405,0.068358,0.033313,-0.476238,
1625009352.000000,375165224.000000,0.189047,-0.107224,-0.005690,0.007741,0.028073,-0.344296,0.938409,0.136780,-0.027554,0.036391,0.101217,0.094910,-0.459216,
1625009352.000000,380168438.000000,0.189483,-0.107786,-0.005522,0.008090,0.028336,-0.345357,0.938009,0.136555,-0.030572,0.047402,0.102502,0.192811,-0.447315,
1625009352.000000,385171413.000000,0.189913,-0.108362,-0.005296,0.008405,0.028682,-0.346388,0.937615,0.136498,-0.033583,0.058958,0.060846,0.112835,-0.420903,
1625009352.000000,430198431.000000,0.193976,-0.112425,-0.005903,0.008052,0.027530,-0.355551,0.934217,0.141177,-0.006361,-0.011393,-0.006308,0.069877,-0.445320,
1625009352.000000,435201168.000000,0.194435,-0.113537,-0.005911,0.008200,0.027842,-0.356652,0.933786,0.159676,-0.008811,-0.007476,-0.006119,0.072061,-0.444171,
1625009352.000000,440204144.000000,0.195009,-0.114104,-0.006000,0.008216,0.028056,-0.357696,0.933380,0.164063,-0.006992,-0.009911,-0.011641,0.110948,-0.451696,
1625009352.000000,445207357.000000,0.195604,-0.114679,-0.006106,0.008215,0.028242,-0.358755,0.932968,0.168452,-0.005137,-0.012388,-0.020023,-0.029874,-0.457015,
1625009352.000000,450210094.000000,0.195971,-0.115136,-0.006094,0.008060,0.028121,-0.359833,0.932558,0.152697,-0.008672,-0.006505,-0.031840,-0.004576,-0.469763,
1625009352.000000,455213070.000000,0.196502,-0.115675,-0.006177,0.007985,0.028277,-0.360929,0.932130,0.152265,-0.008020,-0.007306,-0.042432,0.035870,-0.467750,
1625009352.000000,460216284.000000,0.197037,-0.116215,-0.006267,0.007865,0.028342,-0.361991,0.931717,0.152244,-0.007380,-0.008449,-0.031907,0.015353,-0.444253,
1625009352.000000,465219259.000000,0.197530,-0.116787,-0.006147,0.007842,0.028404,-0.363009,0.931320,0.148984,-0.014558,0.019171,0.030909,0.005575,-0.435630,
1625009352.000000,470222235.000000,0.198146,-0.117527,-0.006242,0.007934,0.028165,-0.364056,0.930917,0.145436,-0.021802,0.041277,0.086524,0.057754,-0.450631,
1625009352.000000,475225210.000000,0.198609,-0.118111,-0.006048,0.008177,0.028307,-0.365119,0.930495,0.143890,-0.024312,0.052529,0.066355,0.093596,-0.451844,
1625009352.000000,555273533.000000,0.205136,-0.126973,-0.006234,0.008283,0.028246,-0.381211,0.924019,0.141941,-0.006036,0.004840,-0.022318,-0.045728,-0.453757,
1625009352.000000,560275316.000000,0.205618,-0.127533,-0.006198,0.008186,0.028246,-0.382259,0.923587,0.144803,-0.009302,0.013125,-0.030689,0.030522,-0.449586,
1625009352.000000,565279245.000000,0.206099,-0.128083,-0.006167,0.008149,0.028396,-0.383283,0.923158,0.145371,-0.010070,0.017174,0.000887,0.045866,-0.442026,
1625009352.000000,570281506.000000,0.205703,-0.129077,-0.006510,0.008194,0.028168,-0.384292,0.922745,0.144657,-0.021411,0.012158,0.078860,0.072869,-0.448377,
1625009352.000000,575284481.000000,0.206075,-0.129635,-0.006379,0.008435,0.028281,-0.385340,0.922303,0.136482,-0.024689,0.027132,0.063325,0.064970,-0.454821,
1625009352.000000,580287457.000000,0.206465,-0.130211,-0.006252,0.008582,0.028413,-0.386385,0.921860,0.133991,-0.026311,0.035533,0.056183,0.116049,-0.446321,
1625009352.000000,585290432.000000,0.206845,-0.130789,-0.006090,0.008817,0.028582,-0.387383,0.921433,0.131862,-0.027950,0.043411,0.082216,0.016904,-0.412261,
1625009352.000000,590293407.000000,0.207215,-0.131371,-0.005889,0.008941,0.028364,-0.388321,0.921044,0.130091,-0.029605,0.051121,0.107554,-0.083327,-0.406695,
1625009352.000000,595296383.000000,0.207546,-0.131843,-0.005920,0.009023,0.028099,-0.389289,0.920643,0.119064,-0.024227,0.025545,0.024022,-0.101414,-0.425004,
1625009352.000000,600299597.000000,0.208107,-0.132449,-0.006180,0.008742,0.027888,-0.390252,0.920244,0.118333,-0.019660,0.008326,-0.033227,-0.155461,-0.419764,
1625009352.000000,655332327.000000,0.213020,-0.139423,-0.005603,0.008736,0.028381,-0.401318,0.915457,0.154270,-0.009668,0.008503,-0.052304,-0.011760,-0.449510,
1625009352.000000,660335302.000000,0.213508,-0.140024,-0.005606,0.008600,0.028402,-0.402329,0.915014,0.154078,-0.009356,0.008207,-0.032829,-0.015774,-0.440831,
1625009352.000000,665338278.000000,0.213879,-0.140679,-0.006608,0.008488,0.028170,-0.403320,0.914586,0.149152,-0.013009,-0.009224,0.019162,0.041313,-0.445161,
1625009352.000000,670341253.000000,0.214292,-0.141330,-0.006421,0.008617,0.028281,-0.404344,0.914129,0.148827,-0.020725,0.021253,0.050381,0.068160,-0.448354,
1625009352.000000,675344229.000000,0.214715,-0.141958,-0.006332,0.008783,0.028406,-0.405371,0.913669,0.148337,-0.023060,0.030641,0.061833,0.090021,-0.447304,
1625009352.000000,680347443.000000,0.215127,-0.142595,-0.006197,0.009016,0.028571,-0.406397,0.913205,0.147792,-0.025391,0.039962,0.078970,0.096707,-0.450454,
1625009352.000000,685350418.000000,0.215494,-0.143137,-0.006161,0.009240,0.028690,-0.407420,0.912743,0.134538,-0.021577,0.028646,0.066251,0.062665,-0.436721,
1625009352.000000,690353155.000000,0.215859,-0.143706,-0.006054,0.009352,0.028678,-0.408396,0.912306,0.129135,-0.021507,0.029794,0.048010,-0.055671,-0.418480,
1625009352.000000,695356369.000000,0.216206,-0.144255,-0.005939,0.009294,0.028353,-0.409344,0.911892,0.123735,-0.021469,0.030781,0.041653,-0.183295,-0.405757,
1625009352.000000,700359344.000000,0.216470,-0.144830,-0.006028,0.009142,0.027947,-0.410240,0.911504,0.124706,-0.019277,0.016220,0.036412,-0.180211,-0.418395,
1625009352.000000,745385408.000000,0.220029,-0.150593,-0.005900,0.009320,0.028329,-0.419190,0.907408,0.174977,-0.010780,0.009459,-0.011576,0.087129,-0.430230,
1625009352.000000,750388384.000000,0.220214,-0.150998,-0.005856,0.009311,0.028429,-0.420164,0.906955,0.148393,-0.014214,0.010339,-0.010318,-0.022995,-0.435440,
1625009352.000000,755391359.000000,0.220637,-0.151607,-0.005838,0.009222,0.028393,-0.421170,0.906490,0.146789,-0.013812,0.010513,-0.010497,0.017504,-0.449406,
1625009352.000000,760394573.000000,0.221061,-0.152218,-0.005806,0.009164,0.028477,-0.422182,0.906017,0.145664,-0.013406,0.011402,-0.048553,-0.039132,-0.440921,
1625009352.000000,765397549.000000,0.221246,-0.152762,-0.006464,0.008862,0.028066,-0.423116,0.905597,0.145627,-0.016020,0.008267,-0.042654,-0.057421,-0.432234,
1625009352.000000,770400286.000000,0.221652,-0.153375,-0.006457,0.008821,0.028075,-0.424114,0.905130,0.145604,-0.016663,0.011204,0.042751,0.062701,-0.455637,
1625009352.000000,775403500.000000,0.222054,-0.153991,-0.006435,0.009090,0.028280,-0.425165,0.904628,0.145583,-0.017284,0.014250,0.095233,0.169953,-0.461187,
1625009352.000000,780406475.000000,0.222396,-0.154581,-0.006243,0.009439,0.028568,-0.426191,0.904133,0.137826,-0.020747,0.034456,0.075999,0.124764,-0.443993,
1625009352.000000,785409212.000000,0.222754,-0.155183,-0.006087,0.009618,0.028685,-0.427176,0.903662,0.135205,-0.022326,0.043224,0.043856,0.039309,-0.423789,
1625009352.000000,790412188.000000,0.223096,-0.155780,-0.005893,0.009696,0.028686,-0.428129,0.903210,0.132314,-0.023929,0.051512,0.042760,-0.010232,-0.424730,
1625009352.000000,835439205.000000,0.225695,-0.162080,-0.006098,0.009554,0.027601,-0.436676,0.899145,0.166433,-0.015822,0.007416,-0.010472,0.115106,-0.430150,
1625009352.000000,840442419.000000,0.226157,-0.162788,-0.006112,0.009617,0.027863,-0.437637,0.898669,0.171348,-0.013704,0.005755,-0.017692,0.122915,-0.436337,
1625009352.000000,845445395.000000,0.226544,-0.163419,-0.006091,0.009707,0.028193,-0.438632,0.898172,0.162599,-0.013636,0.007767,0.006517,0.131973,-0.449300,
1625009352.000000,850448132.000000,0.226994,-0.164103,-0.006109,0.009804,0.028412,-0.439639,0.897672,0.163594,-0.012113,0.006025,-0.008958,0.050348,-0.447125,
1625009352.000000,855451345.000000,0.227452,-0.164786,-0.006137,0.009741,0.028508,-0.440636,0.897180,0.164596,-0.010590,0.004263,-0.028650,0.024389,-0.443906,
1625009352.000000,860454321.000000,0.227876,-0.165447,-0.006170,0.009664,0.028594,-0.441629,0.896690,0.159488,-0.011656,0.002482,-0.040020,-0.007786,-0.443903,
1625009352.000000,865457296.000000,0.227560,-0.165303,-0.006622,0.009385,0.028282,-0.442574,0.896237,0.141711,-0.013241,-0.002203,-0.031728,0.010764,-0.441718,
1625009352.000000,870460510.000000,0.227935,-0.165902,-0.006676,0.009316,0.028304,-0.443562,0.895748,0.140267,-0.012835,-0.002881,0.003476,-0.062352,-0.440642,
1625009352.000000,875463247.000000,0.228269,-0.166609,-0.006410,0.009330,0.028203,-0.444569,0.895252,0.144188,-0.023441,0.031475,0.076879,0.098693,-0.461870,
1625009352.000000,880466223.000000,0.228609,-0.167264,-0.006276,0.009723,0.028540,-0.445618,0.894715,0.143935,-0.026473,0.040833,0.087988,0.189382,-0.463162,
1625009352.000000,930495262.000000,0.230011,-0.173104,-0.005407,0.009749,0.027187,-0.455043,0.890001,0.145403,-0.023336,0.013520,0.016451,0.080630,-0.435217,
1625009352.000000,935498476.000000,0.230340,-0.173703,-0.005425,0.009878,0.027459,-0.456007,0.889497,0.143045,-0.018867,0.008121,0.000423,0.137621,-0.431014,
1625009352.000000,940501451.000000,0.230693,-0.174347,-0.005430,0.009988,0.027774,-0.456955,0.889000,0.146407,-0.016613,0.005781,-0.010256,0.136063,-0.426677,
1625009352.000000,945504427.000000,0.231058,-0.174991,-0.005458,0.010081,0.028072,-0.457911,0.888498,0.149375,-0.014339,0.003051,-0.003892,0.099276,-0.439448,
1625009352.000000,950507402.000000,0.231441,-0.175642,-0.005502,0.010157,0.028294,-0.458901,0.887979,0.152378,-0.012040,0.000305,-0.000596,0.117760,-0.451247,
1625009352.000000,955510378.000000,0.231767,-0.176251,-0.005487,0.010249,0.028574,-0.459903,0.887450,0.145247,-0.013486,0.004783,-0.011277,0.085796,-0.453349,
1625009352.000000,960513115.000000,0.232129,-0.176878,-0.005512,0.010221,0.028711,-0.460897,0.886930,0.144691,-0.012448,0.004329,-0.034690,0.022567,-0.441672,
1625009352.000000,965516090.000000,0.232527,-0.177869,-0.007485,0.010001,0.028383,-0.461832,0.886457,0.139996,-0.015419,-0.014845,-0.033771,-0.023658,-0.435158,
1625009352.000000,970519304.000000,0.232797,-0.178488,-0.007477,0.009888,0.028356,-0.462803,0.885953,0.135404,-0.020588,-0.002664,-0.011262,-0.012343,-0.441596,
1625009352.000000,975522280.000000,0.233094,-0.179101,-0.007522,0.009882,0.028344,-0.463786,0.885439,0.133606,-0.021473,0.001112,0.048205,-0.010761,-0.443761,
1625009353.000000,25552273.000000,0.235928,-0.184978,-0.006581,0.010079,0.026884,-0.473184,0.880495,0.129282,-0.018475,0.017719,0.006733,0.012592,-0.434140,
1625009353.000000,30555487.000000,0.236375,-0.186037,-0.006876,0.010124,0.027110,-0.474148,0.879970,0.144760,-0.017497,0.014413,0.007768,0.041426,-0.437220,
1625009353.000000,35558224.000000,0.236712,-0.186702,-0.006853,0.010199,0.027254,-0.475113,0.879444,0.148858,-0.016602,0.014705,0.012162,0.071806,-0.438351,
1625009353.000000,40561199.000000,0.237064,-0.187383,-0.006830,0.010315,0.027474,-0.476076,0.878915,0.152963,-0.015686,0.015079,0.013154,0.167391,-0.441481,
1625009353.000000,45564413.000000,0.237373,-0.187888,-0.006932,0.010523,0.027898,-0.477038,0.878377,0.143345,-0.010339,0.005632,-0.011198,0.160200,-0.434123,
1625009353.000000,50567389.000000,0.237729,-0.188523,-0.006945,0.010577,0.028173,-0.477983,0.877853,0.144769,-0.008440,0.004557,-0.018930,0.078618,-0.437161,
1625009353.000000,55570364.000000,0.238091,-0.189155,-0.006964,0.010586,0.028348,-0.478959,0.877316,0.145946,-0.006528,0.003329,-0.021867,0.051382,-0.453248,
1625009353.000000,60573578.000000,0.238462,-0.189785,-0.006986,0.010569,0.028476,-0.479957,0.876766,0.146923,-0.004605,0.002372,0.001281,0.040714,-0.455406,
1625009353.000000,65576315.000000,0.238776,-0.190387,-0.006988,0.010553,0.028532,-0.480941,0.876225,0.140628,-0.007497,0.003202,-0.032248,-0.021442,-0.440484,
1625009353.000000,70579290.000000,0.239406,-0.191780,-0.008136,0.010199,0.028174,-0.481829,0.875753,0.141685,-0.010084,-0.008613,-0.043609,-0.028389,-0.436064,
1625009353.000000,155629158.000000,0.244448,-0.204084,-0.009644,0.010903,0.027959,-0.497876,0.866729,0.168784,-0.007254,-0.016849,-0.023282,0.039039,-0.461604,
1625009353.000000,160632372.000000,0.244839,-0.204825,-0.009777,0.010887,0.028118,-0.498885,0.866144,0.168279,-0.006203,-0.016402,-0.021113,0.061903,-0.465983,
1625009353.000000,165635347.000000,0.245231,-0.205562,-0.009908,0.010882,0.028276,-0.499875,0.865568,0.167878,-0.005163,-0.015920,-0.019969,0.043877,-0.449933,
1625009353.000000,170638084.000000,0.246190,-0.206331,-0.011498,0.010584,0.027958,-0.500817,0.865037,0.155457,-0.007163,-0.020819,-0.020079,-0.001804,-0.431839,
1625009353.000000,175641298.000000,0.246540,-0.207023,-0.011625,0.010521,0.027936,-0.501750,0.864497,0.154275,-0.008529,-0.014737,0.019257,-0.028393,-0.438111,
1625009353.000000,180644274.000000,0.246877,-0.207710,-0.011733,0.010621,0.027919,-0.502728,0.863928,0.152748,-0.009895,-0.009131,0.083270,0.103521,-0.462726,
1625009353.000000,185647249.000000,0.247200,-0.208387,-0.011828,0.010949,0.028090,-0.503727,0.863336,0.150705,-0.011268,-0.004330,0.084604,0.079742,-0.450082,
1625009353.000000,190650463.000000,0.247477,-0.209045,-0.011806,0.011139,0.028075,-0.504675,0.862781,0.144413,-0.015218,0.010719,0.095821,0.047182,-0.428556,
1625009353.000000,195653200.000000,0.247759,-0.209713,-0.011805,0.011347,0.028047,-0.505605,0.862234,0.141503,-0.017467,0.017712,0.059158,-0.031758,-0.431784,
1625009353.000000,200656176.000000,0.247827,-0.211082,-0.011545,0.011335,0.027795,-0.506520,0.861705,0.130821,-0.027596,0.019863,0.022346,-0.125059,-0.414884,
1625009353.000000,245683432.000000,0.251298,-0.216942,-0.012456,0.010951,0.027003,-0.514705,0.856872,0.176346,0.006431,-0.025949,-0.000902,0.090377,-0.440178,
1625009353.000000,250686169.000000,0.251700,-0.217636,-0.012600,0.011068,0.027258,-0.515666,0.856285,0.169744,0.007640,-0.023319,-0.003922,0.100088,-0.451083,
1625009353.000000,255689383.000000,0.252129,-0.218361,-0.012768,0.011124,0.027467,-0.516631,0.855695,0.170397,0.009469,-0.024143,-0.015767,0.091856,-0.457313,
1625009353.000000,260692358.000000,0.252567,-0.219086,-0.012940,0.011135,0.027636,-0.517603,0.855102,0.171221,0.011307,-0.025025,-0.018934,-0.012064,-0.445772,
1625009353.000000,265695333.000000,0.252983,-0.219818,-0.013087,0.011024,0.027606,-0.518550,0.854530,0.170689,0.008892,-0.021914,-0.017870,0.021231,-0.451884,
1625009353.000000,270697594.000000,0.253312,-0.220839,-0.013566,0.010840,0.027334,-0.519506,0.853961,0.161051,0.004452,-0.021597,-0.017802,0.042991,-0.455407,
1625009353.000000,275700331.000000,0.253697,-0.221538,-0.013717,0.010829,0.027421,-0.520461,0.853376,0.160705,0.004537,-0.020661,0.007613,0.046072,-0.442481,
1625009353.000000,280703306.000000,0.254001,-0.222249,-0.013620,0.010944,0.027521,-0.521410,0.852792,0.155842,-0.004485,0.008133,0.054604,0.050054,-0.452019,
1625009353.000000,285706282.000000,0.254328,-0.222954,-0.013600,0.011143,0.027556,-0.522396,0.852185,0.153874,-0.007431,0.018116,0.090842,0.088492,-0.467039,
1625009353.000000,290709496.000000,0.254640,-0.223665,-0.013521,0.011448,0.027680,-0.523387,0.851568,0.152337,-0.010368,0.028821,0.081378,0.096741,-0.453249,
1625009353.000000,335736275.000000,0.257578,-0.229672,-0.013273,0.010831,0.025863,-0.531443,0.846630,0.160545,0.010075,-0.002834,0.014005,0.065096,-0.438303,
1625009353.000000,340739250.000000,0.257980,-0.230382,-0.013334,0.010990,0.026096,-0.532375,0.846035,0.165300,0.011823,-0.004024,0.013134,0.152347,-0.438379,
1625009353.000000,345742226.000000,0.258378,-0.231062,-0.013424,0.011176,0.026430,-0.533285,0.845449,0.164526,0.013765,-0.007621,-0.006119,0.136585,-0.426575,
1625009353.000000,350745440.000000,0.258799,-0.231779,-0.013511,0.011246,0.026629,-0.534185,0.844873,0.167666,0.015584,-0.009299,0.001218,0.017866,-0.431851,
1625009353.000000,355748177.000000,0.259233,-0.232504,-0.013605,0.011227,0.026653,-0.535122,0.844280,0.170529,0.017428,-0.010800,-0.011285,0.046581,-0.457441,
1625009353.000000,360751152.000000,0.259650,-0.233195,-0.013669,0.011265,0.026864,-0.536102,0.843651,0.165911,0.018072,-0.007189,-0.015865,0.077539,-0.468213,
1625009353.000000,365754366.000000,0.260085,-0.233904,-0.013753,0.011276,0.026994,-0.537072,0.843029,0.165795,0.019442,-0.007140,-0.011369,0.026054,-0.450074,
1625009353.000000,370757341.000000,0.260415,-0.235007,-0.014946,0.011044,0.026775,-0.538003,0.842445,0.164224,0.018512,-0.025582,-0.034848,-0.005779,-0.442545,
1625009353.000000,375760317.000000,0.260763,-0.235710,-0.014931,0.010990,0.026885,-0.538944,0.841841,0.159792,0.011218,-0.004951,-0.006401,0.092361,-0.454334,
1625009353.000000,380763531.000000,0.261140,-0.236407,-0.014988,0.011167,0.027094,-0.539896,0.841222,0.158073,0.009710,0.001084,0.057795,0.069294,-0.443797,
1625009353.000000,425790310.000000,0.263533,-0.242466,-0.015097,0.011031,0.025252,-0.547944,0.836061,0.140452,0.009064,-0.003228,0.022547,-0.141208,-0.407587,
1625009353.000000,430793524.000000,0.263865,-0.243109,-0.015144,0.010950,0.024934,-0.548824,0.835494,0.144519,0.010441,-0.003257,0.092819,-0.070878,-0.437276,
1625009353.000000,435796261.000000,0.263992,-0.244446,-0.015101,0.011014,0.024885,-0.549800,0.834853,0.162278,0.008368,0.003739,0.017990,0.082910,-0.451459,
1625009353.000000,440799236.000000,0.264446,-0.245274,-0.015171,0.011118,0.025209,-0.550728,0.834230,0.178447,0.014471,-0.001947,-0.019465,0.157445,-0.444889,
1625009353.000000,445802450.000000,0.264876,-0.246079,-0.015236,0.011310,0.025618,-0.551644,0.833610,0.185807,0.017405,-0.004461,-0.033383,0.218317,-0.437485,
1625009353.000000,450805426.000000,0.265331,-0.246912,-0.015322,0.011490,0.026101,-0.552545,0.832995,0.193058,0.020366,-0.007493,-0.002269,0.132425,-0.439534,
1625009353.000000,455808401.000000,0.265714,-0.247659,-0.015386,0.011604,0.026197,-0.553476,0.832372,0.179792,0.016793,-0.005874,0.040040,0.017889,-0.455546,
1625009353.000000,460810184.000000,0.266136,-0.248451,-0.015470,0.011646,0.026234,-0.554440,0.831728,0.178851,0.017142,-0.006800,-0.013366,0.046704,-0.468383,
1625009353.000000,465814114.000000,0.265757,-0.248975,-0.016509,0.011475,0.026007,-0.555415,0.831088,0.161410,0.007820,-0.016250,-0.045787,0.055722,-0.461077,
1625009353.000000,470817089.000000,0.266098,-0.249684,-0.016707,0.011402,0.026110,-0.556351,0.830459,0.159691,0.008826,-0.023018,-0.027281,-0.018766,-0.442911,
1625009353.000000,560870409.000000,0.270907,-0.262788,-0.017525,0.011916,0.025584,-0.572809,0.819203,0.171788,0.017619,-0.019037,-0.029251,0.008001,-0.460010,
1625009353.000000,565873384.000000,0.270649,-0.263487,-0.018158,0.011692,0.025210,-0.573768,0.818546,0.158409,0.008586,-0.021121,-0.028182,-0.006684,-0.457041,
1625009353.000000,570876122.000000,0.270956,-0.264209,-0.018309,0.011611,0.025246,-0.574696,0.817895,0.157322,0.008946,-0.022010,-0.017443,-0.004418,-0.453753,
1625009353.000000,575879335.000000,0.271260,-0.264926,-0.018465,0.011548,0.025257,-0.575619,0.817246,0.156245,0.009297,-0.022923,-0.001516,-0.015001,-0.446380,
1625009353.000000,580882311.000000,0.271532,-0.265696,-0.018423,0.011510,0.025240,-0.576531,0.816605,0.158806,0.004098,-0.001561,0.002852,0.000723,-0.450517,
1625009353.000000,585885286.000000,0.271813,-0.266439,-0.018451,0.011586,0.025323,-0.577468,0.815938,0.158832,0.002696,0.005467,0.050471,0.113890,-0.467647,
1625009353.000000,590888500.000000,0.272087,-0.267190,-0.018444,0.011939,0.025530,-0.578425,0.815249,0.159136,0.001311,0.012586,0.096678,0.151782,-0.463459,
1625009353.000000,595891237.000000,0.272334,-0.267862,-0.018430,0.012259,0.025649,-0.579344,0.814587,0.147598,0.001072,0.016235,0.071089,0.072949,-0.433590,
1625009353.000000,600894213.000000,0.271919,-0.268590,-0.018705,0.012450,0.025529,-0.580212,0.813970,0.132566,-0.006273,0.011804,0.064355,-0.056345,-0.422842,
1625009353.000000,605897427.000000,0.272100,-0.269218,-0.018673,0.012406,0.025227,-0.581088,0.813355,0.127192,-0.007320,0.015632,0.059455,-0.140371,-0.430407,
1625009353.000000,650924206.000000,0.274081,-0.275927,-0.019733,0.012091,0.024367,-0.589065,0.807628,0.163510,0.009634,-0.024458,-0.020588,0.078868,-0.437828,
1625009353.000000,655927181.000000,0.274378,-0.276689,-0.019908,0.012152,0.024553,-0.589962,0.806966,0.166412,0.011451,-0.027434,-0.004505,0.080914,-0.452850,
1625009353.000000,660930157.000000,0.274643,-0.277397,-0.020027,0.012226,0.024708,-0.590884,0.806285,0.159990,0.010675,-0.022871,0.001904,0.039961,-0.462450,
1625009353.000000,665933371.000000,0.274648,-0.278284,-0.020736,0.012021,0.024409,-0.591853,0.805586,0.158864,0.006825,-0.028489,-0.022422,-0.014589,-0.460444,
1625009353.000000,670936346.000000,0.274916,-0.279024,-0.020924,0.011877,0.024437,-0.592771,0.804912,0.159130,0.007763,-0.028717,-0.055582,-0.022053,-0.452952,
1625009353.000000,675939083.000000,0.275175,-0.279765,-0.021062,0.011715,0.024502,-0.593680,0.804243,0.158679,0.007585,-0.024154,-0.045033,-0.009201,-0.456110,
1625009353.000000,680941105.000000,0.275443,-0.280505,-0.021219,0.011649,0.024511,-0.594602,0.803562,0.158621,0.008178,-0.022371,0.033753,-0.016559,-0.459376,
1625009353.000000,685944319.000000,0.275711,-0.281245,-0.021360,0.011737,0.024426,-0.595535,0.802872,0.158483,0.008766,-0.020012,0.066185,0.026539,-0.468885,
1625009353.000000,690947294.000000,0.275934,-0.281991,-0.021333,0.011983,0.024544,-0.596491,0.802155,0.156205,0.002455,0.004793,0.070019,0.192781,-0.479616,
1625009353.000000,695950270.000000,0.276164,-0.282736,-0.021325,0.012412,0.024855,-0.597433,0.801437,0.155041,0.000289,0.015537,0.076595,0.137020,-0.453083,
1625009353.000000,740977287.000000,0.277609,-0.289291,-0.021909,0.012002,0.023047,-0.605299,0.795574,0.156815,0.008973,-0.013675,0.032065,0.038816,-0.437023,
1625009353.000000,745980263.000000,0.277868,-0.290045,-0.022021,0.012111,0.023237,-0.606179,0.794896,0.160273,0.010969,-0.015348,-0.035176,0.130342,-0.444676,
1625009353.000000,750983477.000000,0.278133,-0.290789,-0.022108,0.012174,0.023532,-0.607045,0.794225,0.160821,0.012920,-0.015343,-0.016430,0.046072,-0.431815,
1625009353.000000,755986214.000000,0.278410,-0.291544,-0.022217,0.012177,0.023598,-0.607911,0.793561,0.163090,0.014914,-0.017297,-0.015685,0.059437,-0.450837,
1625009353.000000,760989189.000000,0.278698,-0.292310,-0.022343,0.012222,0.023786,-0.608829,0.792851,0.165477,0.016943,-0.019630,0.002773,0.024073,-0.469193,
1625009353.000000,765992403.000000,0.278581,-0.292520,-0.022936,0.012135,0.023562,-0.609829,0.792090,0.154541,0.016218,-0.020586,0.001420,0.044442,-0.475550,
1625009353.000000,770995378.000000,0.278806,-0.293205,-0.023041,0.012135,0.023757,-0.610763,0.791364,0.151037,0.014016,-0.017754,-0.072423,0.020716,-0.463988,
1625009353.000000,775998354.000000,0.279064,-0.293913,-0.023168,0.011931,0.023816,-0.611660,0.790672,0.151203,0.014760,-0.016350,-0.030315,-0.048347,-0.451022,
1625009353.000000,781001568.000000,0.279324,-0.294622,-0.023283,0.011851,0.023751,-0.612558,0.789980,0.151173,0.015498,-0.014808,0.007819,-0.024637,-0.457468,
1625009353.000000,786004305.000000,0.279532,-0.295347,-0.023223,0.011883,0.023739,-0.613478,0.789266,0.150228,0.007951,0.010283,0.067778,0.049366,-0.474505,
1625009353.000000,831031322.000000,0.280522,-0.301358,-0.024103,0.011958,0.022305,-0.621469,0.783029,0.140286,0.007150,-0.015164,0.057578,0.038843,-0.449257,
1625009353.000000,836034060.000000,0.280719,-0.302035,-0.024232,0.012103,0.022323,-0.622349,0.782328,0.144490,0.008440,-0.016704,0.035334,0.037581,-0.445000,
1625009353.000000,841037273.000000,0.280924,-0.302732,-0.024357,0.012152,0.022388,-0.623215,0.781636,0.148664,0.009737,-0.017624,-0.012796,0.042549,-0.443855,
1625009353.000000,846040249.000000,0.281146,-0.303409,-0.024515,0.012163,0.022537,-0.624084,0.780937,0.147788,0.013352,-0.023676,-0.023549,0.054445,-0.448164,
1625009353.000000,851043224.000000,0.281378,-0.304113,-0.024681,0.012235,0.022725,-0.624958,0.780231,0.150049,0.015603,-0.026617,-0.000026,0.125014,-0.450292,
1625009353.000000,856046200.000000,0.281621,-0.304825,-0.024864,0.012422,0.022989,-0.625834,0.779518,0.152314,0.017864,-0.029325,-0.000924,0.093133,-0.451355,
1625009353.000000,861049414.000000,0.281835,-0.305509,-0.025013,0.012482,0.023125,-0.626718,0.778803,0.147946,0.015590,-0.025736,0.000972,0.062332,-0.459841,
1625009353.000000,866052151.000000,0.282009,-0.306187,-0.025433,0.012326,0.022900,-0.627643,0.778067,0.148021,0.014106,-0.026316,-0.029615,0.031174,-0.470640,
1625009353.000000,871055126.000000,0.282232,-0.306887,-0.025603,0.012200,0.022972,-0.628560,0.777326,0.147607,0.014558,-0.026780,-0.047021,-0.039120,-0.470690,
1625009353.000000,876057386.000000,0.282455,-0.307586,-0.025774,0.011974,0.022948,-0.629463,0.776599,0.147277,0.015002,-0.027269,-0.067976,-0.080409,-0.458939,
1625009353.000000,926087379.000000,0.283851,-0.313432,-0.026463,0.011884,0.021602,-0.638250,0.769434,0.119480,0.009491,-0.013071,0.034965,-0.111674,-0.443124,
1625009353.000000,931090355.000000,0.284375,-0.314214,-0.026227,0.011878,0.021633,-0.639251,0.768602,0.134138,0.014450,-0.003590,0.049213,0.024920,-0.454966,
1625009353.000000,936093330.000000,0.284569,-0.314868,-0.026282,0.012031,0.021716,-0.640128,0.767867,0.137081,0.015434,-0.003689,0.026572,0.079538,-0.450852,
1625009353.000000,941096306.000000,0.284820,-0.315535,-0.026419,0.012165,0.021846,-0.640976,0.767153,0.141420,0.022049,-0.012989,0.010627,0.083203,-0.436871,
1625009353.000000,946099281.000000,0.285061,-0.316215,-0.026530,0.012278,0.022027,-0.641810,0.766449,0.144847,0.024879,-0.016132,-0.014889,0.082388,-0.437936,
1625009353.000000,951102257.000000,0.285317,-0.316909,-0.026659,0.012341,0.022242,-0.642651,0.765737,0.148208,0.027729,-0.019404,-0.029914,0.096951,-0.443305,
1625009353.000000,956105471.000000,0.285549,-0.317567,-0.026755,0.012429,0.022478,-0.643502,0.765013,0.143305,0.026472,-0.016360,-0.008628,0.080394,-0.451795,
1625009353.000000,961108446.000000,0.285803,-0.318246,-0.026876,0.012467,0.022570,-0.644374,0.764276,0.143298,0.027686,-0.017339,-0.002023,-0.007649,-0.459297,
1625009353.000000,966111422.000000,0.285357,-0.318717,-0.027865,0.012155,0.022142,-0.645326,0.763489,0.135446,0.022648,-0.023232,-0.015029,0.023288,-0.480707,
1625009353.000000,971114397.000000,0.285563,-0.319339,-0.028045,0.012138,0.022286,-0.646246,0.762707,0.132684,0.021944,-0.027079,-0.056384,0.014935,-0.473495,
1625009354.000000,16141415.000000,0.288298,-0.324193,-0.027977,0.012421,0.021817,-0.654027,0.756055,0.097905,0.028303,0.013339,0.059610,-0.293331,-0.417096,
1625009354.000000,26147127.000000,0.288746,-0.325207,-0.027942,0.011743,0.021015,-0.655708,0.754630,0.101138,0.030957,0.008501,-0.019518,-0.108452,-0.446065,
1625009354.000000,36153316.000000,0.291335,-0.325438,-0.028420,0.011377,0.020987,-0.657577,0.753009,0.118473,0.060587,-0.013681,0.052198,0.095735,-0.447468,
1625009354.000000,41156292.000000,0.291717,-0.325994,-0.028524,0.011634,0.021149,-0.658409,0.752273,0.123298,0.061798,-0.015387,0.035009,0.135855,-0.441978,
1625009354.000000,46159267.000000,0.292108,-0.326574,-0.028636,0.011837,0.021375,-0.659234,0.751541,0.128139,0.063038,-0.016614,-0.019222,0.092643,-0.434638,
1625009354.000000,51162243.000000,0.292528,-0.327104,-0.028770,0.011849,0.021576,-0.660041,0.750826,0.123196,0.068741,-0.020861,-0.044051,0.057161,-0.433448,
1625009354.000000,56165218.000000,0.292953,-0.327667,-0.028915,0.011857,0.021752,-0.660866,0.750095,0.124038,0.071773,-0.023533,-0.019382,0.053230,-0.450542,
1625009354.000000,61168194.000000,0.293393,-0.328233,-0.029073,0.011888,0.021871,-0.661716,0.749341,0.125001,0.074818,-0.026067,-0.009668,0.040452,-0.452768,
1625009354.000000,66171408.000000,0.294039,-0.327670,-0.028889,0.011752,0.021862,-0.662768,0.748413,0.103266,0.074434,-0.017694,-0.006637,-0.025096,-0.462613,
1625009354.000000,71174383.000000,0.294467,-0.328131,-0.029007,0.011677,0.021857,-0.663647,0.747636,0.102252,0.073991,-0.017635,-0.019288,0.039614,-0.471293,
1625009354.000000,151221514.000000,0.300959,-0.334481,-0.027905,0.011933,0.021199,-0.677132,0.735460,0.102507,0.094317,-0.000813,-0.010816,0.131211,-0.420981,
1625009354.000000,156224251.000000,0.301477,-0.334959,-0.027949,0.012046,0.021414,-0.677905,0.734738,0.106019,0.096667,-0.004558,-0.017239,0.051892,-0.429483,
1625009354.000000,161227465.000000,0.301978,-0.335360,-0.027944,0.012054,0.021513,-0.678710,0.733992,0.095431,0.095858,0.000621,-0.007664,0.043964,-0.447665,
1625009354.000000,166230202.000000,0.301434,-0.335899,-0.028549,0.012051,0.021551,-0.679723,0.733053,0.086858,0.090161,-0.002099,-0.008604,0.000242,-0.453517,
1625009354.000000,171233177.000000,0.301918,-0.336294,-0.028585,0.011948,0.021548,-0.680555,0.732282,0.085486,0.091211,-0.001928,-0.032055,-0.023874,-0.456642,
1625009354.000000,176236391.000000,0.302378,-0.336711,-0.028611,0.011840,0.021631,-0.681386,0.731509,0.086988,0.088841,-0.000667,-0.050255,0.016803,-0.449272,
1625009354.000000,181239128.000000,0.302851,-0.337116,-0.028632,0.011810,0.021771,-0.682204,0.730742,0.086919,0.088787,0.000578,-0.007807,0.055936,-0.455500,
1625009354.000000,186242104.000000,0.303324,-0.337524,-0.028651,0.011923,0.021843,-0.683035,0.729961,0.087057,0.088739,0.001586,0.050002,0.035032,-0.445094,
1625009354.000000,191245079.000000,0.303758,-0.337920,-0.028509,0.012051,0.021798,-0.683842,0.729205,0.083597,0.083250,0.024922,0.061750,0.033439,-0.447980,
1625009354.000000,196248293.000000,0.304197,-0.338314,-0.028385,0.012258,0.021841,-0.684673,0.728420,0.081767,0.081022,0.034833,0.060515,0.120415,-0.454647,
1625009354.000000,246278286.000000,0.307329,-0.343329,-0.027543,0.011567,0.020083,-0.692878,0.720682,0.094499,0.087077,0.010514,0.022655,0.093889,-0.451192,
1625009354.000000,251281261.000000,0.307789,-0.343797,-0.027521,0.011814,0.020367,-0.693693,0.719886,0.099480,0.088415,0.008690,-0.000325,0.210545,-0.447135,
1625009354.000000,256284475.000000,0.308266,-0.344253,-0.027550,0.012144,0.020759,-0.694478,0.719112,0.099275,0.091836,0.001457,-0.016997,0.159296,-0.438381,
1625009354.000000,261287451.000000,0.308748,-0.344739,-0.027578,0.012250,0.020996,-0.695262,0.718346,0.101898,0.094006,-0.001871,-0.021558,0.065090,-0.435322,
1625009354.000000,266290188.000000,0.308223,-0.345989,-0.028272,0.012490,0.021097,-0.696252,0.717378,0.103484,0.088794,-0.012101,-0.011781,0.007201,-0.457992,
1625009354.000000,271293402.000000,0.308636,-0.346372,-0.028261,0.012460,0.021139,-0.697089,0.716564,0.091706,0.085728,-0.004342,-0.011679,0.034280,-0.465701,
1625009354.000000,276296377.000000,0.309077,-0.346811,-0.028311,0.012458,0.021262,-0.697904,0.715767,0.089184,0.086232,-0.004506,-0.040435,0.005534,-0.446391,
1625009354.000000,281299353.000000,0.309520,-0.347237,-0.028364,0.012334,0.021341,-0.698690,0.715000,0.086536,0.086718,-0.005021,-0.041727,0.015058,-0.437820,
1625009354.000000,286302567.000000,0.309931,-0.347689,-0.028312,0.012351,0.021459,-0.699480,0.714223,0.088268,0.082300,0.009408,0.013713,0.044539,-0.452721,
1625009354.000000,291305304.000000,0.310349,-0.348122,-0.028278,0.012489,0.021492,-0.700303,0.713412,0.087284,0.080830,0.014781,0.060785,0.075717,-0.464553,
1625009354.000000,331329107.000000,0.311308,-0.353188,-0.027949,0.012029,0.019929,-0.706891,0.706939,0.092913,0.069458,0.017180,0.014785,-0.129480,-0.416472,
1625009354.000000,336332321.000000,0.311660,-0.353672,-0.027879,0.011874,0.019723,-0.707649,0.706189,0.096766,0.070744,0.018175,0.037153,-0.061782,-0.438847,
1625009354.000000,341335297.000000,0.312017,-0.354180,-0.027789,0.011875,0.019637,-0.708439,0.705399,0.100845,0.072054,0.020050,0.014016,0.012569,-0.446449,
1625009354.000000,346337080.000000,0.312378,-0.354703,-0.027693,0.011918,0.019711,-0.709220,0.704611,0.104593,0.073366,0.021898,0.002911,0.052824,-0.442066,
1625009354.000000,351340294.000000,0.312757,-0.355257,-0.027732,0.012051,0.019857,-0.709997,0.703822,0.110487,0.076332,0.007933,-0.002048,0.125631,-0.442092,
1625009354.000000,356343269.000000,0.313138,-0.355829,-0.027718,0.012327,0.020186,-0.710774,0.703022,0.115061,0.078236,0.004674,0.000864,0.215930,-0.450578,
1625009354.000000,361346245.000000,0.313528,-0.356430,-0.027724,0.012696,0.020567,-0.711560,0.702210,0.119883,0.080174,0.001374,0.002182,0.180295,-0.444308,
1625009354.000000,366349220.000000,0.312789,-0.357746,-0.028809,0.013095,0.020794,-0.712542,0.701199,0.130943,0.074060,-0.014048,-0.022339,0.062319,-0.432987,
1625009354.000000,371352196.000000,0.313152,-0.358410,-0.028928,0.013058,0.020895,-0.713308,0.700417,0.134791,0.076021,-0.017659,-0.023642,-0.003650,-0.452051,
1625009354.000000,376355171.000000,0.313523,-0.359092,-0.029064,0.012991,0.020935,-0.714111,0.699599,0.138595,0.078013,-0.021218,-0.022314,-0.000315,-0.455517,
1625009354.000000,426385164.000000,0.314537,-0.363904,-0.028140,0.012762,0.019675,-0.721988,0.691507,0.082220,0.052457,0.021859,0.019245,-0.113567,-0.432413,
1625009354.000000,431388378.000000,0.313397,-0.365506,-0.029202,0.012529,0.019465,-0.722926,0.690538,0.104170,0.047555,0.005798,0.034800,-0.091833,-0.425600,
1625009354.000000,436391354.000000,0.313619,-0.366044,-0.029207,0.012417,0.019254,-0.723659,0.689777,0.105996,0.048612,0.003510,0.025827,-0.062992,-0.425365,
1625009354.000000,441394329.000000,0.313857,-0.366644,-0.029192,0.012379,0.019221,-0.724411,0.688990,0.113649,0.051871,0.005571,0.008260,0.024269,-0.443607,
1625009354.000000,446397543.000000,0.314091,-0.367231,-0.029198,0.012478,0.019303,-0.725177,0.688179,0.116997,0.053646,0.004867,0.014917,0.075181,-0.442593,
1625009354.000000,451400280.000000,0.314332,-0.367839,-0.029205,0.012618,0.019414,-0.725926,0.687383,0.120535,0.055442,0.004247,0.020144,0.058307,-0.430802,
1625009354.000000,456403255.000000,0.314578,-0.368453,-0.029264,0.012709,0.019500,-0.726677,0.686585,0.122026,0.056749,-0.002263,-0.012650,0.061074,-0.454105,
1625009354.000000,461406469.000000,0.314830,-0.369086,-0.029318,0.012843,0.019747,-0.727472,0.685733,0.124393,0.058384,-0.004579,-0.017345,0.179622,-0.466112,
1625009354.000000,466409445.000000,0.312597,-0.370997,-0.030779,0.013465,0.020041,-0.728453,0.684670,0.139886,0.043329,-0.026265,-0.005287,0.166897,-0.456810,
1625009354.000000,471412420.000000,0.312772,-0.371711,-0.030955,0.013611,0.020224,-0.729220,0.683845,0.143112,0.044992,-0.029665,0.002083,0.028377,-0.440867,
1625009354.000000,561416626.000000,0.310415,-0.383899,-0.032861,0.013113,0.018833,-0.742827,0.669091,0.142695,0.026393,-0.028711,-0.006379,0.100577,-0.442585,
1625009354.000000,566419601.000000,0.310469,-0.384579,-0.033014,0.013273,0.019068,-0.743572,0.668253,0.139413,0.027028,-0.027439,-0.020404,0.156126,-0.458479,
1625009354.000000,571422577.000000,0.307910,-0.385628,-0.032934,0.013945,0.019371,-0.744473,0.667226,0.137427,0.006900,-0.016933,-0.019182,0.139089,-0.467342,
1625009354.000000,576425552.000000,0.307872,-0.386312,-0.033054,0.014079,0.019571,-0.745243,0.666357,0.138192,0.008404,-0.018194,-0.000139,0.070400,-0.460840,
1625009354.000000,581428766.000000,0.307840,-0.387001,-0.033177,0.014095,0.019642,-0.745997,0.665510,0.139023,0.009908,-0.019144,-0.032778,-0.047556,-0.442800,
1625009354.000000,586430550.000000,0.307780,-0.387571,-0.033190,0.013874,0.019627,-0.746730,0.664693,0.127441,0.006529,-0.009417,-0.030217,-0.028692,-0.446871,
1625009354.000000,591434479.000000,0.307740,-0.388192,-0.033272,0.013837,0.019688,-0.747476,0.663853,0.124128,0.006579,-0.008490,-0.022163,0.000315,-0.442878,
1625009354.000000,596436739.000000,0.307700,-0.388796,-0.033357,0.013819,0.019722,-0.748203,0.663033,0.120797,0.006608,-0.008271,0.041081,0.049996,-0.441565,
1625009354.000000,601439714.000000,0.307591,-0.389404,-0.033261,0.014110,0.019720,-0.748953,0.662179,0.119879,-0.003317,0.016914,0.117378,0.099682,-0.461917,
1625009354.000000,606442690.000000,0.306207,-0.390320,-0.032789,0.014400,0.019418,-0.749773,0.661254,0.121933,-0.022220,0.060342,0.150151,0.155184,-0.467489,
1625009354.000000,651469707.000000,0.304698,-0.396187,-0.033662,0.013129,0.017868,-0.756226,0.653935,0.143097,-0.000083,0.005227,0.013636,0.051170,-0.442914,
1625009354.000000,656472683.000000,0.304598,-0.396917,-0.033663,0.013287,0.017945,-0.756966,0.653072,0.149998,0.002699,0.004785,0.027784,0.097925,-0.455946,
1625009354.000000,661475897.000000,0.304495,-0.397595,-0.033670,0.013543,0.018138,-0.757707,0.652202,0.144876,0.002298,0.003955,0.011568,0.160571,-0.460037,
1625009354.000000,666478634.000000,0.304400,-0.398319,-0.033685,0.013808,0.018394,-0.758448,0.651327,0.146564,0.003816,0.002940,-0.012834,0.106972,-0.447421,
1625009354.000000,671481609.000000,0.304030,-0.399742,-0.035723,0.013985,0.018589,-0.759235,0.650401,0.153234,0.002983,-0.036955,-0.039611,0.097365,-0.464260,
1625009354.000000,676484823.000000,0.303918,-0.400396,-0.035874,0.014106,0.018827,-0.760001,0.649496,0.142784,0.001343,-0.031643,-0.009852,0.070888,-0.471038,
1625009354.000000,681487560.000000,0.303813,-0.401091,-0.036076,0.014139,0.018888,-0.760755,0.648610,0.140431,0.001796,-0.032780,-0.004154,-0.000770,-0.465429,
1625009354.000000,686490536.000000,0.303711,-0.401778,-0.036272,0.014051,0.018925,-0.761501,0.647735,0.138216,0.002241,-0.033201,-0.044817,-0.026033,-0.447535,
1625009354.000000,691493750.000000,0.303568,-0.402487,-0.036329,0.013910,0.019012,-0.762210,0.646901,0.140607,-0.002710,-0.014358,-0.049257,0.004525,-0.439826,
1625009354.000000,696496487.000000,0.303436,-0.403173,-0.036418,0.013938,0.019128,-0.762930,0.646048,0.139891,-0.004440,-0.006897,0.028430,0.079890,-0.451696,
1625009354.000000,741523743.000000,0.301529,-0.408894,-0.037388,0.012968,0.016800,-0.769315,0.638517,0.129770,-0.005719,-0.025772,0.038391,-0.003094,-0.438897,
1625009354.000000,746526480.000000,0.301379,-0.409533,-0.037543,0.013112,0.016910,-0.770021,0.637659,0.135346,-0.005022,-0.025118,-0.015003,0.136029,-0.437022,
1625009354.000000,751529455.000000,0.301227,-0.410200,-0.037703,0.013309,0.017144,-0.770699,0.636830,0.141042,-0.004300,-0.025374,0.014453,0.058106,-0.425068,
1625009354.000000,756532669.000000,0.301102,-0.410856,-0.037947,0.013357,0.017114,-0.771385,0.635999,0.140735,-0.000302,-0.037301,0.022601,0.003829,-0.437886,
1625009354.000000,761535645.000000,0.300969,-0.411547,-0.038174,0.013428,0.017197,-0.772101,0.635126,0.144169,0.001766,-0.041394,-0.011913,0.094368,-0.466659,
1625009354.000000,766538620.000000,0.300840,-0.412258,-0.038425,0.013654,0.017440,-0.772844,0.634209,0.147886,0.003868,-0.045849,0.007196,0.160335,-0.466831,
1625009354.000000,771541834.000000,0.300807,-0.413306,-0.037949,0.014007,0.017644,-0.773605,0.633268,0.150514,0.003134,-0.025462,-0.011510,0.108408,-0.459180,
1625009354.000000,776544571.000000,0.300675,-0.414045,-0.038105,0.014110,0.017849,-0.774333,0.632369,0.151798,0.004657,-0.026372,-0.027963,0.089682,-0.468786,
1625009354.000000,781547546.000000,0.300548,-0.414792,-0.038273,0.014240,0.018053,-0.775079,0.631446,0.153071,0.006197,-0.027748,-0.013870,0.080790,-0.478428,
1625009354.000000,786550760.000000,0.300414,-0.415464,-0.038405,0.014263,0.018151,-0.775823,0.630529,0.143601,0.003667,-0.023277,-0.017057,-0.026234,-0.459324,
1625009354.000000,831577778.000000,0.298775,-0.419891,-0.038404,0.013396,0.016588,-0.782061,0.622837,0.074354,-0.008718,-0.004061,0.054817,-0.295803,-0.416603,
1625009354.000000,836579800.000000,0.298348,-0.421381,-0.038587,0.012975,0.016092,-0.782715,0.622037,0.114409,-0.013740,0.009474,0.053689,-0.131852,-0.428254,
1625009354.000000,841583490.000000,0.298150,-0.421930,-0.038549,0.012872,0.015934,-0.783385,0.621199,0.116942,-0.013865,0.012337,0.035797,-0.055621,-0.424068,
1625009354.000000,846585751.000000,0.297947,-0.422490,-0.038499,0.012841,0.015828,-0.784048,0.620365,0.119392,-0.013983,0.015150,0.015065,0.018495,-0.434546,
1625009354.000000,851588964.000000,0.297792,-0.423173,-0.038578,0.012944,0.015949,-0.784736,0.619490,0.132514,-0.005825,0.003162,-0.009850,0.084992,-0.450692,
1625009354.000000,856591463.000000,0.297612,-0.423825,-0.038592,0.013108,0.016108,-0.785431,0.618601,0.138264,-0.003321,0.001404,0.013687,0.107816,-0.448530,
1625009354.000000,861594439.000000,0.297436,-0.424509,-0.038614,0.013354,0.016261,-0.786117,0.617720,0.144048,-0.000794,-0.000141,0.022381,0.116531,-0.443167,
1625009354.000000,866597652.000000,0.297266,-0.425152,-0.038644,0.013589,0.016449,-0.786802,0.616837,0.139868,-0.000240,-0.001391,-0.012778,0.140589,-0.453765,
1625009354.000000,871600628.000000,0.297384,-0.426390,-0.040073,0.014131,0.016841,-0.787500,0.615923,0.143255,0.003860,-0.028290,-0.008766,0.156533,-0.463335,
1625009354.000000,876603603.000000,0.297233,-0.427088,-0.040253,0.014329,0.017042,-0.788212,0.615000,0.145128,0.005636,-0.030951,-0.014744,0.036232,-0.469660,
1625009354.000000,921630621.000000,0.295757,-0.432599,-0.040533,0.014755,0.016565,-0.794402,0.606987,0.093532,-0.013118,0.015446,-0.056916,-0.117958,-0.404546,
1625009354.000000,926633596.000000,0.295570,-0.433025,-0.040454,0.014269,0.016367,-0.795021,0.606194,0.087340,-0.014494,0.018794,-0.017354,-0.311337,-0.407678,
1625009354.000000,931636810.000000,0.295437,-0.433459,-0.040613,0.013564,0.015788,-0.795661,0.605385,0.085371,-0.008403,-0.006497,0.057505,-0.346593,-0.417356,
1625009354.000000,936639547.000000,0.295450,-0.434158,-0.040880,0.013290,0.015304,-0.796264,0.604610,0.080934,-0.004545,-0.000803,0.098053,-0.200744,-0.426742,
1625009354.000000,941642523.000000,0.295323,-0.434534,-0.040890,0.013179,0.014998,-0.796920,0.603755,0.076800,-0.003518,-0.001209,0.035440,-0.003792,-0.430002,
1625009354.000000,946645737.000000,0.295142,-0.435246,-0.040878,0.013261,0.015115,-0.797566,0.602897,0.108981,0.000935,0.002757,-0.040699,0.076357,-0.428888,
1625009354.000000,951648712.000000,0.294998,-0.435789,-0.040877,0.013295,0.015265,-0.798211,0.602038,0.115554,0.003056,0.004249,0.002823,0.010273,-0.432078,
1625009354.000000,956651688.000000,0.294854,-0.436366,-0.040867,0.013343,0.015242,-0.798870,0.601163,0.121999,0.005208,0.005913,0.031167,0.049818,-0.444844,
1625009354.000000,961654663.000000,0.294713,-0.436899,-0.040883,0.013534,0.015327,-0.799545,0.600259,0.117932,0.004667,0.002774,0.033907,0.086800,-0.452368,
1625009354.000000,966657639.000000,0.294690,-0.437966,-0.041953,0.013767,0.015632,-0.800166,0.599416,0.127391,0.005729,-0.029534,0.005447,0.121000,-0.443650,
1625009355.000000,26647329.000000,0.292608,-0.444305,-0.042839,0.014352,0.015475,-0.808071,0.588707,0.079296,-0.001973,-0.005377,-0.025084,-0.173401,-0.405030,
1625009355.000000,31650305.000000,0.292486,-0.444664,-0.042895,0.013860,0.015120,-0.808676,0.587896,0.072621,-0.000179,-0.011069,0.046657,-0.257695,-0.412373,
1625009355.000000,36653519.000000,0.293668,-0.445622,-0.043128,0.013333,0.014729,-0.809242,0.587140,0.084972,0.011978,-0.019341,0.048059,-0.234787,-0.418771,
1625009355.000000,41656494.000000,0.293587,-0.446054,-0.043219,0.012969,0.014369,-0.809870,0.586290,0.086612,0.012103,-0.018387,0.047525,-0.146072,-0.432483,
1625009355.000000,46659470.000000,0.293504,-0.446495,-0.043296,0.012863,0.014193,-0.810515,0.585405,0.088380,0.012257,-0.016955,0.013977,0.001374,-0.435853,
1625009355.000000,51662683.000000,0.293422,-0.446940,-0.043366,0.012909,0.014269,-0.811148,0.584524,0.089974,0.012434,-0.015515,-0.002604,0.028410,-0.435694,
1625009355.000000,56665421.000000,0.293354,-0.447490,-0.043566,0.012971,0.014305,-0.811789,0.583631,0.102354,0.018312,-0.027668,0.019069,0.061366,-0.441106,
1625009355.000000,61668396.000000,0.293278,-0.448016,-0.043737,0.013175,0.014416,-0.812436,0.582723,0.107577,0.020426,-0.031709,0.019030,0.107592,-0.451693,
1625009355.000000,66671610.000000,0.295344,-0.449317,-0.042769,0.013707,0.014985,-0.813078,0.581801,0.119860,0.042212,-0.019471,-0.002307,0.195865,-0.451689,
1625009355.000000,71674585.000000,0.295376,-0.449823,-0.042858,0.014073,0.015287,-0.813718,0.580889,0.110636,0.042029,-0.018605,-0.000236,0.121838,-0.435683,
1625009355.000000,156724691.000000,0.294587,-0.459334,-0.041941,0.013117,0.013553,-0.824552,0.565472,0.096874,0.036756,0.022032,0.024781,0.065975,-0.443045,
1625009355.000000,161727667.000000,0.294580,-0.459870,-0.041841,0.013256,0.013655,-0.825173,0.564560,0.101337,0.038281,0.022258,0.007005,0.066004,-0.444988,
1625009355.000000,166730642.000000,0.294747,-0.461166,-0.043212,0.013702,0.014021,-0.825806,0.563614,0.105192,0.042921,-0.016030,0.008395,0.118480,-0.455696,
1625009355.000000,171733618.000000,0.294758,-0.461738,-0.043325,0.013989,0.014242,-0.826445,0.562664,0.107940,0.044564,-0.019930,-0.011819,0.153951,-0.456775,
1625009355.000000,176736593.000000,0.294769,-0.462325,-0.043459,0.014215,0.014486,-0.827080,0.561717,0.110715,0.046217,-0.023865,-0.025789,0.097730,-0.455671,
1625009355.000000,181739807.000000,0.294797,-0.462793,-0.043493,0.014277,0.014611,-0.827718,0.560773,0.099716,0.044255,-0.016208,-0.003449,0.000151,-0.455684,
1625009355.000000,186742306.000000,0.294820,-0.463334,-0.043600,0.014247,0.014600,-0.828367,0.559815,0.098663,0.044821,-0.017085,0.007410,0.011299,-0.474778,
1625009355.000000,191745281.000000,0.294845,-0.463876,-0.043705,0.014259,0.014651,-0.829032,0.558827,0.097968,0.045395,-0.017417,-0.022450,-0.012102,-0.465444,
1625009355.000000,196748495.000000,0.294851,-0.464415,-0.043757,0.014099,0.014683,-0.829665,0.557891,0.098281,0.043147,-0.010008,-0.046037,-0.055257,-0.446004,
1625009355.000000,201751471.000000,0.293584,-0.465630,-0.043961,0.013756,0.014388,-0.830262,0.557017,0.096463,0.033051,-0.002947,0.028262,0.044164,-0.464014,
1625009355.000000,246778488.000000,0.292172,-0.470049,-0.044371,0.013563,0.012876,-0.835849,0.548641,0.074529,0.027013,-0.009257,0.019944,-0.065274,-0.440522,
1625009355.000000,251781464.000000,0.292147,-0.470450,-0.044435,0.013470,0.012770,-0.836459,0.547715,0.076362,0.027651,-0.010814,0.024333,-0.032777,-0.441717,
1625009355.000000,256784678.000000,0.292120,-0.470907,-0.044519,0.013472,0.012724,-0.837069,0.546784,0.084329,0.030921,-0.013799,0.023232,0.016072,-0.453315,
1625009355.000000,261787653.000000,0.292092,-0.471365,-0.044610,0.013574,0.012766,-0.837692,0.545825,0.088275,0.032648,-0.016069,0.005201,0.078477,-0.452430,
1625009355.000000,266790628.000000,0.292064,-0.471842,-0.044714,0.013755,0.012919,-0.838301,0.544881,0.092168,0.034385,-0.018404,-0.006664,0.096782,-0.450117,
1625009355.000000,271793604.000000,0.290717,-0.473718,-0.044772,0.014068,0.013255,-0.838883,0.543968,0.112269,0.032587,-0.011645,-0.003436,0.135411,-0.451210,
1625009355.000000,276796579.000000,0.290637,-0.474301,-0.044864,0.014358,0.013484,-0.839495,0.543010,0.113614,0.034082,-0.014023,-0.010817,0.137124,-0.459684,
1625009355.000000,281799555.000000,0.290560,-0.474893,-0.044968,0.014536,0.013664,-0.840120,0.542034,0.115012,0.035598,-0.016519,-0.008824,0.061591,-0.462966,
1625009355.000000,286802769.000000,0.290487,-0.475493,-0.045087,0.014559,0.013733,-0.840746,0.541060,0.116360,0.037118,-0.019133,-0.016099,-0.010506,-0.466076,
1625009355.000000,291805744.000000,0.290416,-0.476014,-0.045143,0.014476,0.013796,-0.841382,0.540071,0.108232,0.034340,-0.013738,-0.044940,0.010370,-0.474639,
1625009355.000000,341835737.000000,0.289182,-0.480988,-0.044222,0.013861,0.012552,-0.847429,0.530579,0.067337,0.029535,0.015993,0.043463,-0.143712,-0.433933,
1625009355.000000,346838713.000000,0.289170,-0.481354,-0.044162,0.013697,0.012368,-0.848024,0.529636,0.065409,0.030036,0.013527,0.020103,-0.027485,-0.451200,
1625009355.000000,351841450.000000,0.289114,-0.481875,-0.044072,0.013691,0.012366,-0.848617,0.528687,0.082302,0.033545,0.016402,0.002832,-0.017146,-0.439453,
1625009355.000000,356844425.000000,0.289080,-0.482336,-0.044003,0.013642,0.012315,-0.849193,0.527763,0.086775,0.035066,0.016124,0.034781,-0.001261,-0.436125,
1625009355.000000,361847401.000000,0.289043,-0.482817,-0.043926,0.013770,0.012318,-0.849775,0.526822,0.091023,0.036606,0.016613,0.010713,0.087183,-0.446855,
1625009355.000000,366850615.000000,0.289021,-0.483287,-0.043869,0.013989,0.012495,-0.850357,0.525872,0.090228,0.038548,0.014118,-0.002663,0.129625,-0.438407,
1625009355.000000,371853590.000000,0.288754,-0.484331,-0.044554,0.014325,0.012747,-0.850950,0.524897,0.095246,0.045824,-0.003222,-0.005371,0.070415,-0.454186,
1625009355.000000,376856327.000000,0.288748,-0.484863,-0.044596,0.014428,0.012881,-0.851559,0.523902,0.096999,0.047571,-0.006338,-0.020510,0.096082,-0.472534,
1625009355.000000,381859541.000000,0.288745,-0.485328,-0.044588,0.014640,0.013085,-0.852173,0.522892,0.090241,0.045285,-0.002077,-0.006657,0.101370,-0.472436,
1625009355.000000,386862516.000000,0.288745,-0.485829,-0.044625,0.014759,0.013199,-0.852783,0.521889,0.089092,0.045679,-0.003311,-0.011794,0.037217,-0.462889,
1625009355.000000,431888580.000000,0.288340,-0.490176,-0.043289,0.014714,0.012534,-0.858114,0.513096,0.051371,0.036397,0.041771,0.033929,-0.281196,-0.438375,
1625009355.000000,436891556.000000,0.287858,-0.491097,-0.044081,0.014361,0.012197,-0.858701,0.512130,0.049425,0.041751,0.017088,0.018236,-0.238768,-0.442822,
1625009355.000000,441894531.000000,0.287933,-0.491404,-0.044023,0.013920,0.011908,-0.859271,0.511193,0.043304,0.043125,0.012803,0.036916,-0.164939,-0.435290,
1625009355.000000,446897745.000000,0.287866,-0.491944,-0.043931,0.013744,0.011698,-0.859836,0.510251,0.069861,0.042253,0.015766,0.029006,-0.036640,-0.446947,
1625009355.000000,451900721.000000,0.287880,-0.492363,-0.043864,0.013774,0.011697,-0.860414,0.509274,0.073811,0.042969,0.014888,0.015681,0.042051,-0.455596,
1625009355.000000,456903458.000000,0.287886,-0.492802,-0.043805,0.013871,0.011720,-0.860993,0.508292,0.077871,0.043705,0.013836,0.017077,0.021890,-0.455523,
1625009355.000000,461906433.000000,0.287913,-0.493249,-0.043782,0.013901,0.011741,-0.861571,0.507311,0.078802,0.047247,0.008454,-0.003264,0.029877,-0.453419,
1625009355.000000,466909647.000000,0.287928,-0.493718,-0.043763,0.014017,0.011854,-0.862143,0.506333,0.081677,0.049125,0.005681,-0.006534,0.102123,-0.454445,
1625009355.000000,471912622.000000,0.287331,-0.495064,-0.044208,0.014536,0.012182,-0.862761,0.505256,0.095963,0.051915,-0.001846,0.006460,0.141549,-0.454630,
1625009355.000000,476915598.000000,0.287330,-0.495542,-0.044189,0.014814,0.012358,-0.863332,0.504268,0.090696,0.050284,0.001053,-0.002063,0.111921,-0.458844,
1625009355.000000,521942616.000000,0.286681,-0.500162,-0.044133,0.015745,0.012477,-0.868682,0.494963,0.077300,0.028263,0.058947,0.042949,0.082525,-0.453815,
1625009355.000000,526945591.000000,0.286787,-0.500468,-0.044186,0.015657,0.012375,-0.869219,0.494024,0.056271,0.038120,0.029774,0.035932,-0.154230,-0.410068,
1625009355.000000,531948566.000000,0.286805,-0.500816,-0.044089,0.015195,0.012023,-0.869733,0.493141,0.049811,0.039056,0.025679,0.017485,-0.300026,-0.423680,
1625009355.000000,536951303.000000,0.286534,-0.501366,-0.044440,0.014957,0.011737,-0.870341,0.492083,0.031175,0.043421,-0.004310,0.027577,-0.267499,-0.448753,
1625009355.000000,541954517.000000,0.286485,-0.501830,-0.044410,0.014509,0.011383,-0.870902,0.491110,0.052374,0.041943,-0.000066,0.043001,-0.204203,-0.448633,
1625009355.000000,546957493.000000,0.286529,-0.502164,-0.044424,0.014205,0.011147,-0.871461,0.490133,0.052847,0.042104,-0.002020,0.018300,-0.063071,-0.452860,
1625009355.000000,551960468.000000,0.286572,-0.502499,-0.044449,0.014233,0.011145,-0.872019,0.489138,0.053314,0.042267,-0.004190,0.017134,0.046007,-0.458224,
1625009355.000000,556963682.000000,0.286597,-0.502915,-0.044508,0.014357,0.011193,-0.872580,0.488133,0.064493,0.046263,-0.008862,0.007753,0.064517,-0.460349,
1625009355.000000,561966658.000000,0.286623,-0.503321,-0.044571,0.014505,0.011290,-0.873138,0.487126,0.069191,0.047996,-0.011605,0.006468,0.075195,-0.459283,
1625009355.000000,566969395.000000,0.286644,-0.503752,-0.044648,0.014689,0.011398,-0.873694,0.486122,0.073881,0.049749,-0.014236,-0.000762,0.105733,-0.458205,
1625009355.000000,616999388.000000,0.285741,-0.510515,-0.043506,0.015837,0.012014,-0.879449,0.475578,0.066588,0.041448,0.035830,0.089915,0.114207,-0.468247,
1625009355.000000,622002602.000000,0.285732,-0.510905,-0.043330,0.016105,0.011963,-0.879999,0.474552,0.061577,0.040812,0.038287,0.058031,0.058688,-0.454503,
1625009355.000000,627005577.000000,0.285736,-0.511270,-0.043145,0.016107,0.011891,-0.880521,0.473584,0.056649,0.040137,0.040697,0.013151,-0.115567,-0.421447,
1625009355.000000,632008553.000000,0.285749,-0.511612,-0.042949,0.015636,0.011639,-0.881020,0.472677,0.051969,0.039431,0.043346,0.014091,-0.279586,-0.417018,
1625009355.000000,637011766.000000,0.285684,-0.513253,-0.042651,0.015495,0.011476,-0.881627,0.471553,0.056741,0.048713,0.029468,0.036693,-0.271969,-0.437667,
1625009355.000000,642014742.000000,0.285735,-0.513621,-0.042522,0.015015,0.011133,-0.882161,0.470577,0.052496,0.049435,0.026781,0.032561,-0.202509,-0.448365,
1625009355.000000,647017479.000000,0.285799,-0.513973,-0.042405,0.014691,0.010918,-0.882697,0.469585,0.048276,0.050133,0.024237,0.016435,-0.086394,-0.453641,
1625009355.000000,652020693.000000,0.285702,-0.514577,-0.042248,0.014672,0.010886,-0.883233,0.468578,0.076648,0.051304,0.028252,0.018558,0.054853,-0.456867,
1625009355.000000,657023668.000000,0.285691,-0.515055,-0.042125,0.014893,0.010961,-0.883765,0.467566,0.082152,0.052208,0.027723,0.027130,0.115367,-0.455781,
1625009355.000000,662026644.000000,0.285666,-0.515561,-0.042001,0.015168,0.011068,-0.884289,0.466563,0.087774,0.053139,0.027557,0.010180,0.118344,-0.445166,
1625009355.000000,752079487.000000,0.284298,-0.527694,-0.040564,0.015504,0.010603,-0.893881,0.447910,0.076033,0.054276,0.026291,0.036854,-0.064386,-0.435413,
1625009355.000000,757082462.000000,0.284283,-0.528169,-0.040467,0.015461,0.010524,-0.894382,0.446912,0.077715,0.054863,0.025628,0.001092,-0.003442,-0.457825,
1625009355.000000,762085438.000000,0.284228,-0.528742,-0.040429,0.015558,0.010626,-0.894898,0.445874,0.090136,0.058297,0.019350,0.006777,0.148415,-0.463242,
1625009355.000000,767088652.000000,0.284184,-0.529291,-0.040385,0.016010,0.010824,-0.895399,0.444844,0.095204,0.059880,0.016130,0.007503,0.192094,-0.449333,
1625009355.000000,772091627.000000,0.283763,-0.531509,-0.040230,0.016740,0.011314,-0.895995,0.443605,0.121643,0.065572,0.006539,-0.007780,0.131099,-0.441083,
1625009355.000000,777094364.000000,0.283762,-0.532045,-0.040169,0.016971,0.011486,-0.896481,0.442608,0.106445,0.066433,0.008650,-0.020381,0.104596,-0.447477,
1625009355.000000,782097578.000000,0.283705,-0.532671,-0.040152,0.017128,0.011654,-0.896978,0.441590,0.105687,0.067855,0.006960,-0.018435,0.060339,-0.458174,
1625009355.000000,787100554.000000,0.283654,-0.533300,-0.040145,0.017162,0.011729,-0.897484,0.440558,0.105041,0.069279,0.005142,-0.008683,-0.005486,-0.459262,
1625009355.000000,792103529.000000,0.283594,-0.533892,-0.040107,0.017060,0.011751,-0.897988,0.439532,0.101291,0.065730,0.008878,-0.029949,-0.052135,-0.456026,
1625009355.000000,797106743.000000,0.283544,-0.534490,-0.040084,0.016957,0.011822,-0.898492,0.438504,0.099453,0.065149,0.009587,-0.025946,0.042728,-0.464515,
1625009355.000000,842133760.000000,0.283171,-0.541221,-0.037814,0.017013,0.011130,-0.903090,0.428969,0.070881,0.062745,0.031320,0.043439,-0.175168,-0.424821,
1625009355.000000,847136736.000000,0.283197,-0.541689,-0.037673,0.016716,0.010878,-0.903555,0.428009,0.068616,0.063498,0.028026,0.046723,-0.111691,-0.434251,
1625009355.000000,852139711.000000,0.283178,-0.542229,-0.037514,0.016600,0.010763,-0.904029,0.427014,0.079054,0.065245,0.031525,0.008366,-0.007749,-0.438721,
1625009355.000000,857142210.000000,0.283174,-0.542755,-0.037383,0.016591,0.010790,-0.904492,0.426032,0.082192,0.066426,0.031049,-0.001495,-0.020987,-0.432189,
1625009355.000000,862145424.000000,0.283161,-0.543299,-0.037250,0.016528,0.010766,-0.904956,0.425049,0.085271,0.067619,0.030566,0.010457,0.009731,-0.438590,
1625009355.000000,867148399.000000,0.280486,-0.546614,-0.037810,0.017147,0.010992,-0.905501,0.423854,0.130244,0.059998,0.016637,0.018963,0.097530,-0.458015,
1625009355.000000,872151375.000000,0.280301,-0.547298,-0.037781,0.017471,0.011119,-0.905983,0.422808,0.132441,0.060536,0.012821,0.013692,0.191557,-0.452818,
1625009355.000000,877154589.000000,0.280102,-0.548011,-0.037753,0.017866,0.011340,-0.906448,0.421787,0.136013,0.061657,0.010131,-0.028853,0.120407,-0.450481,
1625009355.000000,882157564.000000,0.279894,-0.548741,-0.037743,0.017994,0.011527,-0.906923,0.420753,0.139506,0.062795,0.006865,-0.024973,0.091370,-0.458065,
1625009355.000000,887160301.000000,0.279730,-0.549419,-0.037727,0.018188,0.011675,-0.907404,0.419704,0.130837,0.063435,0.006652,-0.008571,0.063019,-0.466521,
1625009355.000000,937190771.000000,0.268234,-0.560695,-0.040827,0.018617,0.011034,-0.912087,0.409426,0.148104,0.022735,-0.017361,0.001061,-0.194793,-0.424093,
1625009355.000000,942193508.000000,0.267845,-0.561313,-0.040958,0.018211,0.010756,-0.912533,0.408456,0.142093,0.024489,-0.025893,0.042963,-0.211257,-0.427306,
1625009355.000000,947196484.000000,0.267284,-0.562073,-0.040874,0.017798,0.010497,-0.912981,0.407479,0.163777,0.021689,-0.003630,0.051629,-0.135863,-0.433667,
1625009355.000000,952199697.000000,0.266815,-0.562759,-0.040932,0.017665,0.010315,-0.913430,0.406482,0.166803,0.021975,-0.003230,0.029945,-0.045922,-0.436906,
1625009355.000000,957202673.000000,0.266335,-0.563457,-0.040987,0.017634,0.010309,-0.913874,0.405484,0.169881,0.022271,-0.002595,-0.001542,0.043429,-0.436874,
1625009355.000000,962205648.000000,0.265853,-0.564198,-0.041111,0.017786,0.010393,-0.914314,0.404482,0.175846,0.026823,-0.012576,0.005106,0.062234,-0.437947,
1625009355.000000,967208624.000000,0.262603,-0.564930,-0.041169,0.018106,0.010449,-0.914721,0.403545,0.195094,0.015115,-0.016170,-0.001204,0.033023,-0.436795,
1625009355.000000,972211599.000000,0.261995,-0.565711,-0.041293,0.018229,0.010532,-0.915166,0.402528,0.199645,0.017187,-0.017829,0.016456,0.113208,-0.457980,
1625009355.000000,977214575.000000,0.261421,-0.566423,-0.041444,0.018601,0.010667,-0.915630,0.401450,0.193291,0.015742,-0.022059,0.002106,0.181717,-0.470974,
1625009355.000000,982217789.000000,0.260827,-0.567184,-0.041591,0.018969,0.010898,-0.916088,0.400379,0.193968,0.016660,-0.023951,-0.017596,0.155029,-0.459166,
1625009356.000000,22240639.000000,0.254865,-0.572028,-0.042589,0.019716,0.011114,-0.919605,0.392192,0.177458,-0.004223,0.025350,0.111464,0.038285,-0.441737,
1625009356.000000,27244329.000000,0.254345,-0.572583,-0.042589,0.019785,0.010902,-0.920045,0.391162,0.158643,-0.001385,0.017858,0.078540,-0.058960,-0.443097,
1625009356.000000,32247543.000000,0.253800,-0.573136,-0.042528,0.019533,0.010671,-0.920478,0.390159,0.150634,-0.001830,0.019929,0.034724,-0.206136,-0.429146,
1625009356.000000,37250519.000000,0.252504,-0.572723,-0.042190,0.019073,0.010471,-0.920843,0.389327,0.139587,-0.006076,0.021414,-0.044006,-0.254501,-0.416161,
1625009356.000000,42252541.000000,0.251906,-0.573329,-0.042215,0.018482,0.010330,-0.921259,0.388374,0.151661,-0.002718,0.009467,0.038148,-0.234749,-0.420440,
1625009356.000000,47255278.000000,0.251366,-0.573854,-0.042217,0.018082,0.009983,-0.921684,0.387392,0.150681,-0.001978,0.003520,0.054665,-0.136806,-0.434300,
1625009356.000000,52258492.000000,0.250832,-0.574381,-0.042252,0.017915,0.009853,-0.922111,0.386384,0.149857,-0.001210,-0.002037,0.046892,-0.052339,-0.435446,
1625009356.000000,57262421.000000,0.250235,-0.575002,-0.042299,0.017893,0.009740,-0.922530,0.385387,0.165365,0.001997,-0.004267,0.010685,0.018026,-0.427919,
1625009356.000000,62264442.000000,0.249654,-0.575606,-0.042359,0.017984,0.009859,-0.922939,0.384400,0.171002,0.003779,-0.006521,-0.024329,0.069341,-0.430021,
1625009356.000000,67267656.000000,0.249648,-0.575491,-0.041723,0.018171,0.010096,-0.923322,0.383463,0.176492,0.009253,0.001983,0.019409,0.070199,-0.436285,
1625009356.000000,162324667.000000,0.241201,-0.583953,-0.042687,0.017648,0.009410,-0.931114,0.364179,0.123206,0.002978,0.006539,-0.017213,0.043809,-0.425293,
1625009356.000000,167327642.000000,0.241704,-0.583047,-0.040876,0.018050,0.009713,-0.931467,0.363248,0.127240,0.014638,0.014965,0.005998,0.081147,-0.434690,
1625009356.000000,172330618.000000,0.241281,-0.583544,-0.040832,0.018310,0.009746,-0.931863,0.362216,0.131469,0.016675,0.011853,0.035693,0.083352,-0.445390,
1625009356.000000,177333832.000000,0.240847,-0.584060,-0.040807,0.018502,0.009797,-0.932261,0.361180,0.135632,0.018720,0.008492,0.003305,0.115054,-0.436914,
1625009356.000000,182336569.000000,0.240435,-0.584539,-0.040746,0.018803,0.009960,-0.932653,0.360147,0.132640,0.018348,0.011056,-0.020079,0.121433,-0.457985,
1625009356.000000,187339544.000000,0.240007,-0.585054,-0.040717,0.019042,0.010140,-0.933070,0.359048,0.133873,0.019617,0.010042,-0.018052,0.143743,-0.471099,
1625009356.000000,192342758.000000,0.239577,-0.585578,-0.040696,0.019332,0.010312,-0.933484,0.357949,0.135293,0.020896,0.008942,-0.010438,0.072917,-0.474051,
1625009356.000000,197345495.000000,0.239184,-0.586042,-0.040654,0.019325,0.010371,-0.933906,0.356845,0.126058,0.018596,0.011426,-0.016868,-0.028867,-0.463593,
1625009356.000000,202348471.000000,0.238203,-0.586834,-0.041827,0.018744,0.010405,-0.934248,0.355978,0.120162,0.019157,0.001982,-0.024437,-0.014951,-0.455784,
1625009356.000000,207351446.000000,0.237822,-0.587299,-0.041843,0.018775,0.010517,-0.934650,0.354917,0.117487,0.018958,0.001653,-0.030829,0.078476,-0.451594,
1625009356.000000,247375488.000000,0.235371,-0.590590,-0.041766,0.018328,0.009628,-0.937728,0.346754,0.074503,0.015227,0.013224,0.052907,-0.309766,-0.406876,
1625009356.000000,252378702.000000,0.235136,-0.590897,-0.041750,0.017677,0.009206,-0.938095,0.345805,0.072698,0.016174,0.006086,0.058020,-0.227384,-0.422445,
1625009356.000000,257381678.000000,0.234914,-0.591197,-0.041761,0.017428,0.009033,-0.938478,0.344780,0.070824,0.017110,-0.000748,0.045365,-0.018676,-0.439895,
1625009356.000000,262384415.000000,0.234573,-0.591614,-0.041747,0.017569,0.009010,-0.938855,0.343746,0.093878,0.019307,0.001922,-0.001776,0.104202,-0.442861,
1625009356.000000,267387390.000000,0.233824,-0.591114,-0.041134,0.017928,0.009293,-0.939186,0.342816,0.115746,0.021668,0.020453,-0.018608,0.129417,-0.435245,
1625009356.000000,272390604.000000,0.233437,-0.591586,-0.041058,0.018196,0.009401,-0.939555,0.341786,0.122825,0.023249,0.019630,0.030637,0.085165,-0.444729,
1625009356.000000,277393579.000000,0.233144,-0.591975,-0.041038,0.018431,0.009411,-0.939939,0.340715,0.112324,0.023726,0.012703,0.028783,0.137285,-0.460822,
1625009356.000000,282396555.000000,0.232788,-0.592430,-0.041005,0.018799,0.009554,-0.940322,0.339632,0.113502,0.024961,0.009969,-0.017246,0.134291,-0.451283,
1625009356.000000,287399530.000000,0.232432,-0.592891,-0.040993,0.018990,0.009715,-0.940696,0.338578,0.114586,0.026194,0.006656,-0.021676,0.074046,-0.450044,
1625009356.000000,292402506.000000,0.232100,-0.593322,-0.040952,0.019106,0.009830,-0.941081,0.337499,0.109043,0.025510,0.009441,-0.022456,0.040520,-0.466114,
1625009356.000000,337429762.000000,0.226347,-0.594773,-0.041494,0.019693,0.009494,-0.944382,0.328124,0.076491,-0.012824,0.073506,0.004978,-0.163130,-0.414578,
1625009356.000000,342432499.000000,0.226202,-0.595073,-0.041727,0.019181,0.009420,-0.944726,0.327163,0.065378,0.005587,0.022020,-0.050734,-0.238124,-0.407090,
1625009356.000000,347435713.000000,0.225982,-0.595297,-0.041661,0.018538,0.009268,-0.945073,0.326200,0.058829,0.008319,0.015205,0.044882,-0.278417,-0.415628,
1625009356.000000,352438450.000000,0.225794,-0.595515,-0.041628,0.017979,0.008902,-0.945428,0.325211,0.052329,0.011039,0.009395,0.051357,-0.210893,-0.419958,
1625009356.000000,357441425.000000,0.225454,-0.595787,-0.041427,0.017576,0.008693,-0.945778,0.324220,0.071363,0.004784,0.031117,0.053349,-0.177285,-0.420979,
1625009356.000000,362444639.000000,0.225170,-0.596040,-0.041299,0.017341,0.008496,-0.946133,0.323202,0.075241,0.003934,0.034074,0.009687,0.021502,-0.446453,
1625009356.000000,367447615.000000,0.223955,-0.597369,-0.041425,0.017791,0.008799,-0.946480,0.322151,0.099745,0.006022,0.011180,-0.036073,0.111429,-0.452926,
1625009356.000000,372450352.000000,0.223567,-0.597810,-0.041499,0.018009,0.008923,-0.946834,0.321094,0.110664,0.014402,-0.000839,0.033206,0.123677,-0.439984,
1625009356.000000,377453566.000000,0.223162,-0.598215,-0.041546,0.018366,0.008949,-0.947181,0.320049,0.116642,0.016509,-0.006381,0.021175,0.128774,-0.441033,
1625009356.000000,382456541.000000,0.222740,-0.598645,-0.041623,0.018663,0.009081,-0.947532,0.318987,0.122478,0.018649,-0.011820,-0.003099,0.161875,-0.453837,
1625009356.000000,427482605.000000,0.219018,-0.602560,-0.042640,0.019679,0.009595,-0.950699,0.309342,0.088580,0.006016,0.041013,0.128977,0.052730,-0.433290,
1625009356.000000,432486534.000000,0.218802,-0.602838,-0.042658,0.019814,0.009317,-0.951038,0.308297,0.071827,0.013399,0.016822,0.109279,-0.052186,-0.435664,
1625009356.000000,437489510.000000,0.217953,-0.602912,-0.042136,0.019703,0.009196,-0.951339,0.307379,0.066000,0.014206,0.021242,-0.012453,-0.142978,-0.429097,
1625009356.000000,442491531.000000,0.217740,-0.603148,-0.042036,0.019197,0.009183,-0.951668,0.306391,0.059015,0.014904,0.019501,-0.048242,-0.273596,-0.401477,
1625009356.000000,447495699.000000,0.217566,-0.603374,-0.041950,0.018435,0.008962,-0.951988,0.305449,0.051785,0.015648,0.016752,0.062757,-0.314908,-0.408651,
1625009356.000000,452497482.000000,0.217221,-0.603688,-0.041937,0.017941,0.008613,-0.952323,0.304441,0.066135,0.013166,0.010579,0.048765,-0.108209,-0.433438,
1625009356.000000,457500458.000000,0.216989,-0.603939,-0.041894,0.017826,0.008527,-0.952654,0.303415,0.065036,0.012976,0.009095,0.043267,-0.070630,-0.421718,
1625009356.000000,462503672.000000,0.216763,-0.604181,-0.041854,0.017671,0.008364,-0.952974,0.302421,0.063811,0.012765,0.007695,0.026184,-0.023822,-0.419404,
1625009356.000000,467506647.000000,0.215142,-0.603943,-0.041132,0.017890,0.008537,-0.953273,0.301459,0.095754,0.015854,0.018758,-0.036309,0.059870,-0.450182,
1625009356.000000,472509623.000000,0.214786,-0.604294,-0.041050,0.018057,0.008661,-0.953612,0.300373,0.101249,0.017580,0.017808,0.034661,0.099888,-0.446160,
1625009356.000000,517536640.000000,0.210040,-0.606570,-0.042271,0.018886,0.009320,-0.956541,0.290838,0.089738,0.005231,0.016705,0.035880,0.082958,-0.452186,
1625009356.000000,522539854.000000,0.209678,-0.606838,-0.042185,0.019190,0.009256,-0.956871,0.289730,0.088442,0.003032,0.023782,0.094778,0.124510,-0.469230,
1625009356.000000,527542353.000000,0.209387,-0.607039,-0.042062,0.019474,0.009099,-0.957204,0.288615,0.074832,0.000324,0.031308,0.102247,0.030475,-0.444917,
1625009356.000000,532545328.000000,0.207175,-0.607211,-0.041680,0.019707,0.008874,-0.957486,0.287669,0.068293,-0.008761,0.037145,0.085995,-0.103433,-0.429543,
1625009356.000000,537548542.000000,0.206874,-0.607342,-0.041474,0.019462,0.008663,-0.957806,0.286626,0.061843,-0.011305,0.043103,0.026569,-0.100679,-0.440370,
1625009356.000000,542551517.000000,0.206616,-0.607560,-0.041520,0.019217,0.008605,-0.958123,0.285582,0.061625,-0.001152,0.016887,0.003713,-0.141993,-0.424474,
1625009356.000000,547554493.000000,0.206366,-0.607722,-0.041452,0.018780,0.008439,-0.958425,0.284599,0.057425,0.000522,0.012351,0.042330,-0.207483,-0.400899,
1625009356.000000,552557468.000000,0.206140,-0.607878,-0.041405,0.018311,0.008203,-0.958723,0.283634,0.052682,0.002166,0.008462,0.031917,-0.198739,-0.414671,
1625009356.000000,557560444.000000,0.205813,-0.608090,-0.041282,0.017946,0.008052,-0.959032,0.282613,0.067486,0.001499,0.017947,0.032564,-0.091011,-0.434040,
1625009356.000000,562563419.000000,0.205527,-0.608287,-0.041198,0.017851,0.007959,-0.959341,0.281571,0.070702,0.002257,0.018538,0.019133,-0.036145,-0.431862,
1625009356.000000,627602577.000000,0.196945,-0.612909,-0.041675,0.019364,0.008609,-0.963264,0.267719,0.089468,-0.001868,0.026348,0.076252,0.052505,-0.465636,
1625009356.000000,642611504.000000,0.194756,-0.613477,-0.040919,0.019370,0.008285,-0.964109,0.264669,0.072173,-0.000765,0.022566,0.018582,-0.173377,-0.406825,
1625009356.000000,662623882.000000,0.193485,-0.614254,-0.040732,0.017907,0.007714,-0.965257,0.260575,0.073921,0.002439,0.007823,0.034685,-0.050689,-0.441017,
1625009356.000000,667626619.000000,0.192340,-0.614029,-0.039979,0.017959,0.007773,-0.965523,0.259581,0.092123,0.004312,0.007964,0.039725,0.006556,-0.441923,
1625009356.000000,672629595.000000,0.191945,-0.614286,-0.039974,0.018061,0.007749,-0.965808,0.258512,0.096780,0.005352,0.005973,0.004749,0.037082,-0.441916,
1625009356.000000,677632809.000000,0.191535,-0.614557,-0.039989,0.018152,0.007811,-0.966093,0.257437,0.101299,0.006415,0.003537,0.001136,0.072309,-0.449344,
1625009356.000000,682635784.000000,0.191105,-0.614844,-0.040011,0.018429,0.007887,-0.966380,0.256337,0.105858,0.007501,0.001465,0.002624,0.154290,-0.456852,
1625009356.000000,687638760.000000,0.190717,-0.615122,-0.040049,0.018807,0.008022,-0.966662,0.255238,0.102552,0.009622,-0.001768,-0.005094,0.148158,-0.446233,
1625009356.000000,692641258.000000,0.190285,-0.615425,-0.040083,0.019066,0.008112,-0.966939,0.254166,0.104892,0.011056,-0.003722,0.006705,0.067437,-0.443971,
1625009356.000000,697644472.000000,0.189858,-0.615733,-0.040113,0.019148,0.008159,-0.967225,0.253065,0.106664,0.012498,-0.005040,-0.018689,0.022675,-0.468497,
1625009356.000000,757680655.000000,0.180440,-0.619173,-0.039598,0.018128,0.007326,-0.970491,0.240344,0.073306,-0.002482,0.008416,0.029253,-0.074118,-0.437485,
1625009356.000000,762683630.000000,0.179992,-0.619405,-0.039483,0.017983,0.007277,-0.970752,0.239298,0.089133,-0.000785,0.017766,0.024188,-0.058396,-0.427733,
1625009356.000000,767686605.000000,0.179002,-0.619663,-0.038410,0.018047,0.007485,-0.970994,0.238302,0.098077,0.004033,0.015232,0.026717,-0.022940,-0.435031,
1625009356.000000,772689581.000000,0.178571,-0.619914,-0.038355,0.018063,0.007474,-0.971257,0.237228,0.100888,0.005195,0.013902,0.004151,0.012767,-0.446835,
1625009356.000000,777692556.000000,0.178120,-0.620186,-0.038343,0.018098,0.007496,-0.971523,0.236136,0.105201,0.006860,0.008703,0.009413,0.033439,-0.451079,
1625009356.000000,782695532.000000,0.177662,-0.620464,-0.038334,0.018218,0.007527,-0.971786,0.235037,0.108484,0.008221,0.005518,-0.004194,0.060221,-0.451078,
1625009356.000000,787698746.000000,0.177193,-0.620755,-0.038342,0.018441,0.007631,-0.972047,0.233936,0.111700,0.009595,0.002227,-0.005567,0.163502,-0.455305,
1625009356.000000,792701721.000000,0.176758,-0.621019,-0.038341,0.018877,0.007763,-0.972305,0.232821,0.106809,0.009025,0.002336,-0.006349,0.147743,-0.457483,
1625009356.000000,797704458.000000,0.174650,-0.621281,-0.038081,0.019126,0.007828,-0.972533,0.231846,0.112280,0.007155,0.005405,-0.000246,0.071626,-0.459415,
1625009356.000000,802707434.000000,0.174166,-0.621568,-0.038093,0.019226,0.007896,-0.972797,0.230724,0.112365,0.007765,0.003593,-0.030904,0.018866,-0.461578,
1625009356.000000,842730761.000000,0.169961,-0.623392,-0.037286,0.019684,0.007696,-0.974857,0.221828,0.079038,-0.002856,0.045924,0.053994,-0.105338,-0.444441,
1625009356.000000,847734451.000000,0.169607,-0.623547,-0.037081,0.019329,0.007528,-0.975107,0.220764,0.071270,-0.002449,0.043351,0.026383,-0.224371,-0.423198,
1625009356.000000,852737427.000000,0.169290,-0.623686,-0.036891,0.018716,0.007362,-0.975349,0.219750,0.063289,-0.002093,0.040419,0.025058,-0.224455,-0.420841,
1625009356.000000,857740402.000000,0.168878,-0.623877,-0.036716,0.018330,0.007219,-0.975594,0.218699,0.076716,-0.000903,0.037642,0.027477,-0.109184,-0.441246,
1625009356.000000,862743378.000000,0.168524,-0.624043,-0.036548,0.018164,0.007135,-0.975839,0.217619,0.077243,-0.000193,0.035359,0.033647,-0.039297,-0.438102,
1625009356.000000,867745399.000000,0.166280,-0.625106,-0.036705,0.018130,0.007197,-0.976054,0.216653,0.105171,0.005351,0.023672,0.034786,-0.038239,-0.431448,
1625009356.000000,872748613.000000,0.165758,-0.625406,-0.036633,0.018037,0.007123,-0.976293,0.215583,0.114430,0.008722,0.020246,0.024059,-0.041542,-0.447451,
1625009356.000000,877751350.000000,0.165248,-0.625695,-0.036561,0.018012,0.007114,-0.976539,0.214468,0.118539,0.010401,0.017927,-0.010978,0.047134,-0.462439,
1625009356.000000,882755518.000000,0.164719,-0.626000,-0.036506,0.018231,0.007241,-0.976781,0.213338,0.122906,0.012107,0.015329,-0.019785,0.127201,-0.458195,
1625009356.000000,887757540.000000,0.164204,-0.626290,-0.036451,0.018521,0.007343,-0.977017,0.212227,0.121534,0.011623,0.014218,0.007021,0.106970,-0.452780,
