1625008232.000000,242184639.000000,-0.000093,-0.000059,0.000307,0.000891,0.028461,-0.000035,0.999595,-0.001599,-0.000499,0.010264,0.003302,0.003156,0.003835,
1625008232.000000,247188807.000000,-0.000102,-0.000060,0.000347,0.000897,0.028496,-0.000035,0.999593,-0.002110,-0.000319,0.009484,-0.004017,0.007940,-0.003677,
1625008232.000000,252191782.000000,-0.000135,-0.000044,-0.000034,0.000905,0.028451,-0.000054,0.999595,-0.002716,0.000168,0.004045,-0.000985,-0.006137,0.000525,
1625008232.000000,257194996.000000,-0.000149,-0.000043,-0.000010,0.000916,0.028447,-0.000042,0.999595,-0.002866,0.000206,0.004626,0.005546,0.007612,0.005956,
1625008232.000000,262197971.000000,-0.000164,-0.000045,0.000027,0.000920,0.028461,-0.000032,0.999594,-0.003237,-0.000072,0.006380,-0.004065,-0.009088,0.001661,
1625008232.000000,267200947.000000,-0.000178,-0.000046,0.000064,0.000909,0.028430,-0.000033,0.999595,-0.003445,-0.000133,0.007534,0.000094,0.001088,-0.001552,
1625008232.000000,272203922.000000,-0.000192,-0.000047,0.000109,0.000914,0.028453,-0.000031,0.999595,-0.003516,-0.000192,0.008764,-0.001880,0.001549,0.005879,
1625008232.000000,277206898.000000,-0.000199,-0.000046,0.000152,0.000908,0.028438,-0.000015,0.999595,-0.002678,-0.000005,0.009059,0.003273,-0.004111,0.000666,
1625008232.000000,282209873.000000,0.000056,-0.000012,0.000061,0.000920,0.028482,-0.000026,0.999594,0.000412,0.000729,0.005643,0.001305,0.007626,-0.000551,
1625008232.000000,287213087.000000,0.000059,-0.000008,0.000090,0.000915,0.028490,-0.000024,0.999594,0.000315,0.000765,0.005780,-0.002020,-0.010217,-0.000441,
1625008232.000000,337242842.000000,-0.000021,-0.000120,0.000232,0.000931,0.028366,-0.000061,0.999597,0.000111,-0.002446,0.011059,0.000184,-0.051589,0.003741,
1625008232.000000,342246771.000000,-0.000016,-0.000134,0.000293,0.000907,0.027896,-0.000057,0.999610,0.001037,-0.003080,0.012360,-0.025323,-0.408494,-0.005771,
1625008232.000000,347249985.000000,-0.000004,-0.000151,0.000359,0.000864,0.026460,-0.000148,0.999650,0.001538,-0.003718,0.013094,0.015806,-0.646154,-0.082320,
1625008232.000000,352252960.000000,0.000046,-0.000047,0.000215,0.000940,0.025107,-0.000508,0.999684,0.003083,-0.002860,0.015094,0.030319,-0.458109,-0.186962,
1625008232.000000,357255697.000000,0.000715,-0.000192,0.000332,0.000986,0.024359,-0.001061,0.999702,0.068664,-0.016227,0.023584,0.030851,-0.145845,-0.241444,
1625008232.000000,362258911.000000,0.001113,-0.000286,0.000431,0.001022,0.024428,-0.001696,0.999700,0.088455,-0.020484,0.026242,-0.014415,0.222362,-0.266795,
1625008232.000000,367261887.000000,0.001611,-0.000401,0.000528,0.000946,0.025125,-0.002386,0.999681,0.108317,-0.024685,0.028305,-0.000332,0.215924,-0.283917,
1625008232.000000,372264862.000000,0.002155,-0.000506,0.000541,0.001016,0.025469,-0.003143,0.999670,0.120998,-0.024150,0.016734,0.056800,0.136899,-0.331631,
1625008232.000000,377267838.000000,0.002804,-0.000637,0.000584,0.001139,0.025898,-0.004033,0.999656,0.137495,-0.026329,0.014018,0.051388,0.189014,-0.363946,
1625008232.000000,382271051.000000,0.003663,-0.000804,0.000418,0.001219,0.026852,-0.004837,0.999627,0.162672,-0.028563,0.017147,0.033099,0.183326,-0.371230,
1625008232.000000,427298069.000000,0.007682,-0.001520,-0.001303,0.000953,0.028200,-0.013885,0.999505,0.112565,-0.012618,-0.018902,-0.021959,0.072998,-0.408952,
1625008232.000000,432301044.000000,0.008243,-0.001619,-0.001366,0.000833,0.028239,-0.014883,0.999490,0.112714,-0.015517,-0.010148,-0.040348,-0.065482,-0.399193,
1625008232.000000,437303782.000000,0.008800,-0.001717,-0.001441,0.000743,0.027964,-0.015916,0.999482,0.112953,-0.016725,-0.006219,0.004380,-0.116157,-0.435415,
1625008232.000000,442306995.000000,0.009360,-0.001822,-0.001494,0.000810,0.027731,-0.017046,0.999470,0.113391,-0.017909,-0.002406,0.078006,-0.075244,-0.455901,
1625008232.000000,447309971.000000,0.010502,-0.002511,-0.000641,0.001218,0.027953,-0.018300,0.999441,0.123768,-0.034034,0.022350,0.130371,0.047192,-0.461395,
1625008232.000000,452312946.000000,0.011115,-0.002714,-0.000598,0.001453,0.028327,-0.019451,0.999408,0.125374,-0.037296,0.025971,0.039176,0.262438,-0.445553,
1625008232.000000,457317114.000000,0.011742,-0.002936,-0.000550,0.001437,0.029061,-0.020522,0.999366,0.127363,-0.040580,0.029138,-0.000257,0.259284,-0.413473,
1625008232.000000,462319851.000000,0.012386,-0.003175,-0.000435,0.001488,0.029425,-0.021527,0.999334,0.129524,-0.043843,0.034321,0.053655,0.013893,-0.391092,
1625008232.000000,467322588.000000,0.012787,-0.003347,-0.000428,0.001623,0.029200,-0.022515,0.999319,0.103926,-0.038706,0.021335,0.077082,-0.159475,-0.403777,
1625008232.000000,472325802.000000,0.013279,-0.003566,-0.000367,0.001758,0.028734,-0.023565,0.999308,0.096644,-0.039222,0.019737,0.053723,-0.199421,-0.427388,
1625008232.000000,562379837.000000,0.028528,-0.006005,-0.000621,0.001837,0.029584,-0.043582,0.998610,0.133523,-0.029837,0.030583,0.028757,0.064168,-0.432326,
1625008232.000000,567383051.000000,0.029181,-0.006214,-0.000505,0.001908,0.029461,-0.044637,0.998567,0.129754,-0.030230,0.030868,0.050511,-0.196312,-0.403639,
1625008232.000000,572386980.000000,0.029844,-0.006408,-0.000444,0.001969,0.028726,-0.045634,0.998543,0.129915,-0.027991,0.023406,0.045134,-0.322755,-0.403374,
1625008232.000000,577389956.000000,0.030478,-0.006606,-0.000371,0.001980,0.028009,-0.046677,0.998515,0.127363,-0.027348,0.020227,0.006860,-0.241445,-0.425966,
1625008232.000000,582392931.000000,0.030866,-0.006673,-0.000835,0.001885,0.027762,-0.047840,0.998467,0.121626,-0.024520,0.004621,0.012006,-0.145859,-0.429435,
1625008232.000000,587395906.000000,0.031453,-0.006852,-0.000851,0.001907,0.027534,-0.048905,0.998422,0.118944,-0.023899,0.001647,0.032531,-0.026356,-0.421914,
1625008232.000000,592399120.000000,0.032340,-0.007057,-0.000805,0.001956,0.027582,-0.049968,0.998368,0.147433,-0.023161,0.008164,0.023974,0.042924,-0.432504,
1625008232.000000,597402096.000000,0.033078,-0.007247,-0.000803,0.001989,0.027793,-0.051065,0.998307,0.153705,-0.022433,0.008247,0.023848,0.154494,-0.441148,
1625008232.000000,602405071.000000,0.033850,-0.007438,-0.000799,0.002023,0.028211,-0.052158,0.998238,0.160199,-0.021676,0.008726,-0.000420,0.114502,-0.432596,
1625008232.000000,607407808.000000,0.034581,-0.007596,-0.000830,0.001979,0.028385,-0.053231,0.998177,0.156074,-0.017177,0.003463,-0.003972,0.069484,-0.430388,
1625008232.000000,652425766.000000,0.040231,-0.009121,-0.000291,0.002001,0.029462,-0.063451,0.997548,0.129844,-0.029404,0.049123,0.082488,0.113547,-0.458486,
1625008232.000000,657428741.000000,0.040859,-0.009356,-0.000072,0.002168,0.029712,-0.064578,0.997468,0.126325,-0.031646,0.056138,0.055984,0.055997,-0.436161,
1625008232.000000,662431479.000000,0.041470,-0.009602,0.000179,0.002268,0.029692,-0.065635,0.997399,0.122888,-0.033917,0.062600,0.068378,-0.049684,-0.411528,
1625008232.000000,667434692.000000,0.042028,-0.009793,0.000247,0.002391,0.029483,-0.066665,0.997337,0.114729,-0.027857,0.038544,0.042347,-0.112974,-0.414700,
1625008232.000000,672437668.000000,0.042575,-0.010005,0.000393,0.002385,0.029101,-0.067705,0.997278,0.109297,-0.026849,0.033915,0.016194,-0.197646,-0.410602,
1625008232.000000,677440643.000000,0.043094,-0.010210,0.000520,0.002365,0.028515,-0.068717,0.997226,0.103850,-0.025874,0.029187,0.016537,-0.261414,-0.401945,
1625008232.000000,682443857.000000,0.044000,-0.010453,-0.000605,0.002270,0.028017,-0.069788,0.997166,0.128611,-0.024538,0.015163,0.031284,-0.168484,-0.423385,
1625008232.000000,687447786.000000,0.044626,-0.010665,-0.000574,0.002319,0.027774,-0.070873,0.997096,0.132014,-0.024325,0.014868,0.036854,-0.036450,-0.437414,
1625008232.000000,692450523.000000,0.045276,-0.010881,-0.000539,0.002368,0.027749,-0.071959,0.997019,0.135806,-0.024091,0.014910,0.031351,0.002744,-0.430939,
1625008232.000000,697453737.000000,0.045946,-0.011100,-0.000508,0.002405,0.027822,-0.073035,0.996938,0.139723,-0.023839,0.014811,0.011266,0.079530,-0.434076,
1625008232.000000,742480993.000000,0.052842,-0.012998,-0.000363,0.002102,0.029588,-0.083048,0.996104,0.154075,-0.016013,0.005650,0.031333,0.087253,-0.451181,
1625008232.000000,747483730.000000,0.052750,-0.013114,-0.000843,0.002197,0.029312,-0.084198,0.996015,0.135006,-0.019547,0.004824,0.054969,0.033725,-0.441850,
1625008232.000000,752486467.000000,0.053394,-0.013325,-0.000859,0.002313,0.029339,-0.085298,0.995921,0.133802,-0.020006,0.005389,0.067491,0.037976,-0.445934,
1625008232.000000,757489681.000000,0.054033,-0.013539,-0.000872,0.002472,0.029511,-0.086425,0.995818,0.132621,-0.020460,0.005993,0.065570,0.094922,-0.449321,
1625008232.000000,762492657.000000,0.054414,-0.013701,-0.000815,0.002612,0.029667,-0.087519,0.995718,0.112877,-0.020273,0.010165,0.069589,0.010361,-0.421602,
1625008232.000000,767495632.000000,0.054945,-0.013900,-0.000811,0.002730,0.029511,-0.088536,0.995632,0.107988,-0.020663,0.010465,0.045415,-0.118323,-0.393800,
1625008232.000000,772498369.000000,0.055439,-0.014095,-0.000801,0.002737,0.029109,-0.089516,0.995556,0.102491,-0.021093,0.010832,0.023747,-0.192466,-0.396951,
1625008232.000000,777501583.000000,0.055990,-0.014290,-0.000836,0.002731,0.028585,-0.090533,0.995479,0.108231,-0.019592,0.003679,0.033491,-0.218916,-0.417285,
1625008232.000000,782504559.000000,0.056932,-0.014613,-0.000658,0.002700,0.028205,-0.091639,0.995389,0.118386,-0.022067,0.016449,0.061211,-0.184985,-0.424934,
1625008232.000000,787507534.000000,0.057498,-0.014829,-0.000614,0.002771,0.027860,-0.092711,0.995299,0.118442,-0.021658,0.014979,0.025340,-0.065491,-0.436521,
1625008232.000000,837538719.000000,0.065207,-0.017224,-0.000804,0.002537,0.029397,-0.103880,0.994152,0.150839,-0.014410,0.001192,-0.027431,-0.035840,-0.445288,
1625008232.000000,842541695.000000,0.065957,-0.017476,-0.000769,0.002475,0.029383,-0.104978,0.994037,0.153632,-0.017109,0.011631,-0.001434,0.049732,-0.450354,
1625008232.000000,847544670.000000,0.066300,-0.017944,-0.001362,0.002617,0.029211,-0.106107,0.993922,0.145297,-0.024439,0.021714,0.055961,0.124790,-0.449687,
1625008232.000000,852547884.000000,0.066987,-0.018221,-0.001278,0.002802,0.029483,-0.107213,0.993795,0.144754,-0.025676,0.027060,0.082803,0.100132,-0.439918,
1625008232.000000,857550621.000000,0.067562,-0.018508,-0.001111,0.002968,0.029672,-0.108298,0.993671,0.132456,-0.029628,0.038318,0.050806,0.067157,-0.425123,
1625008232.000000,862553596.000000,0.068179,-0.018802,-0.000934,0.003076,0.029749,-0.109343,0.993554,0.128583,-0.031758,0.046347,0.075934,-0.012021,-0.418592,
1625008232.000000,867556810.000000,0.068778,-0.019104,-0.000711,0.003244,0.029555,-0.110383,0.993444,0.124809,-0.033891,0.054653,0.074469,-0.125595,-0.407034,
1625008232.000000,872559786.000000,0.069375,-0.019367,-0.000597,0.003319,0.029103,-0.111396,0.993344,0.123060,-0.028892,0.041655,0.066419,-0.225168,-0.412152,
1625008232.000000,877562761.000000,0.069991,-0.019499,-0.001353,0.003277,0.028614,-0.112513,0.993233,0.118322,-0.024024,0.008032,0.036041,-0.166286,-0.441118,
1625008232.000000,882565737.000000,0.070533,-0.019745,-0.001354,0.003242,0.028339,-0.113625,0.993114,0.114780,-0.023328,0.004964,-0.004748,-0.075440,-0.443401,
1625008232.000000,927593708.000000,0.076520,-0.022293,-0.001496,0.003263,0.029220,-0.123881,0.991861,0.159354,-0.017672,-0.010674,-0.028059,0.110766,-0.478459,
1625008232.000000,932596684.000000,0.077271,-0.022575,-0.001601,0.003165,0.029462,-0.125060,0.991707,0.161995,-0.017097,-0.013125,-0.041978,0.065184,-0.471085,
1625008232.000000,937599659.000000,0.077921,-0.022818,-0.001628,0.003034,0.029552,-0.126212,0.991558,0.150226,-0.015365,-0.005835,-0.041930,-0.009003,-0.463534,
1625008232.000000,942602634.000000,0.078623,-0.023078,-0.001687,0.002923,0.029455,-0.127360,0.991415,0.148166,-0.014436,-0.004390,0.003699,-0.073732,-0.463577,
1625008232.000000,947605610.000000,0.079225,-0.023403,-0.001493,0.003033,0.029131,-0.128511,0.991276,0.138005,-0.014665,0.006732,0.081602,0.042190,-0.489089,
1625008232.000000,952608585.000000,0.079845,-0.023791,-0.001197,0.003299,0.029411,-0.129746,0.991105,0.135703,-0.028831,0.039352,0.115898,0.171572,-0.489354,
1625008232.000000,957611799.000000,0.080467,-0.024116,-0.001014,0.003547,0.029758,-0.130918,0.990940,0.133253,-0.032493,0.049600,0.057353,0.100550,-0.448740,
1625008232.000000,962614775.000000,0.081072,-0.024457,-0.000786,0.003638,0.029895,-0.132000,0.990792,0.130574,-0.036197,0.059106,0.055661,0.046759,-0.430479,
1625008232.000000,967617512.000000,0.081583,-0.024720,-0.000739,0.003772,0.029865,-0.133066,0.990650,0.115523,-0.029951,0.035394,0.062706,-0.105718,-0.423178,
1625008232.000000,972620726.000000,0.082092,-0.025015,-0.000601,0.003817,0.029366,-0.134104,0.990525,0.108133,-0.029745,0.032531,0.063351,-0.241535,-0.410350,
1625008233.000000,32657623.000000,0.090540,-0.028819,-0.001218,0.003687,0.029601,-0.147456,0.988619,0.154715,-0.015067,-0.006083,-0.059259,-0.035668,-0.464999,
1625008233.000000,37660599.000000,0.091252,-0.029115,-0.001299,0.003521,0.029501,-0.148588,0.988453,0.153544,-0.014524,-0.007722,-0.043759,-0.059908,-0.460478,
1625008233.000000,42663574.000000,0.091959,-0.029407,-0.001384,0.003394,0.029325,-0.149727,0.988286,0.152351,-0.013986,-0.009042,0.011182,-0.100027,-0.456403,
1625008233.000000,47666788.000000,0.092403,-0.029684,-0.001403,0.003448,0.028747,-0.150883,0.988128,0.144794,-0.027572,0.037254,0.090392,-0.025313,-0.461623,
1625008233.000000,52669525.000000,0.093060,-0.030042,-0.001235,0.003698,0.028899,-0.152049,0.987944,0.144117,-0.030360,0.047554,0.096981,0.192098,-0.476587,
1625008233.000000,57672501.000000,0.093713,-0.030415,-0.001017,0.003953,0.029435,-0.153211,0.987747,0.143711,-0.033141,0.058236,0.070057,0.196478,-0.450122,
1625008233.000000,62675714.000000,0.094298,-0.030701,-0.001016,0.004135,0.029731,-0.154278,0.987571,0.135441,-0.027918,0.040691,0.066851,0.078711,-0.417898,
1625008233.000000,67678690.000000,0.094906,-0.031043,-0.000850,0.004268,0.029730,-0.155311,0.987409,0.132724,-0.028375,0.042680,0.059522,-0.090091,-0.417948,
1625008233.000000,72681665.000000,0.095497,-0.031385,-0.000672,0.004296,0.029317,-0.156368,0.987254,0.129804,-0.028844,0.044740,0.038167,-0.190637,-0.436076,
1625008233.000000,77684641.000000,0.096053,-0.031502,-0.001004,0.004152,0.028844,-0.157394,0.987106,0.121703,-0.020638,0.014972,0.012650,-0.259744,-0.424573,
1625008233.000000,162736654.000000,0.108295,-0.037379,-0.001420,0.004586,0.029836,-0.176499,0.983838,0.152563,-0.028590,0.051121,0.049906,0.135091,-0.433085,
1625008233.000000,167739868.000000,0.108978,-0.037793,-0.001177,0.004672,0.029873,-0.177526,0.983652,0.152345,-0.031524,0.060861,0.048717,-0.077988,-0.406257,
1625008233.000000,172742844.000000,0.109516,-0.038056,-0.001243,0.004699,0.029493,-0.178539,0.983479,0.133495,-0.022051,0.028091,0.040513,-0.205019,-0.419056,
1625008233.000000,177745581.000000,0.110088,-0.038387,-0.001143,0.004644,0.028918,-0.179595,0.983305,0.126576,-0.020915,0.023692,0.031732,-0.236883,-0.429868,
1625008233.000000,182748556.000000,0.110593,-0.038392,-0.002142,0.004510,0.028467,-0.180639,0.983127,0.113752,-0.015296,0.007544,0.017080,-0.199777,-0.428766,
1625008233.000000,187751532.000000,0.111365,-0.038786,-0.002056,0.004459,0.028079,-0.181706,0.982942,0.138682,-0.016236,0.015227,0.038106,-0.109634,-0.438332,
1625008233.000000,192754507.000000,0.111994,-0.039113,-0.002026,0.004517,0.027970,-0.182803,0.982741,0.141807,-0.015694,0.014663,0.028990,0.048037,-0.450093,
1625008233.000000,197757483.000000,0.112641,-0.039445,-0.001999,0.004549,0.028159,-0.183904,0.982530,0.145188,-0.015135,0.014370,0.004082,0.050106,-0.440568,
1625008233.000000,202760696.000000,0.113327,-0.039765,-0.002029,0.004540,0.028201,-0.184980,0.982327,0.151219,-0.011009,0.006008,0.008469,0.016024,-0.442520,
1625008233.000000,207763672.000000,0.114023,-0.040092,-0.002051,0.004538,0.028306,-0.186085,0.982115,0.155396,-0.008991,0.002511,-0.006337,0.066264,-0.454378,
1625008233.000000,257794619.000000,0.120143,-0.044446,-0.002914,0.004639,0.029227,-0.197488,0.979858,0.148273,-0.031900,0.042456,0.101415,0.181769,-0.469242,
1625008233.000000,262797832.000000,0.120698,-0.044790,-0.002914,0.004900,0.029629,-0.198625,0.979615,0.134920,-0.025801,0.024784,0.074443,0.144941,-0.447033,
1625008233.000000,267800808.000000,0.121261,-0.045168,-0.002829,0.005061,0.029769,-0.199680,0.979396,0.129421,-0.025448,0.024359,0.050131,-0.024679,-0.412801,
1625008233.000000,272803545.000000,0.121802,-0.045536,-0.002746,0.005062,0.029459,-0.200684,0.979200,0.123749,-0.025140,0.023728,0.029751,-0.209334,-0.410602,
1625008233.000000,277806759.000000,0.122314,-0.045892,-0.002663,0.004963,0.028853,-0.201717,0.979006,0.118214,-0.024850,0.023044,0.011762,-0.244679,-0.429871,
1625008233.000000,282809734.000000,0.123388,-0.045984,-0.002828,0.004777,0.028462,-0.202773,0.978800,0.132820,-0.014616,0.008164,0.016969,-0.220788,-0.440582,
1625008233.000000,287812710.000000,0.123968,-0.046314,-0.002829,0.004718,0.027986,-0.203859,0.978589,0.132139,-0.013599,0.006004,0.037346,-0.138574,-0.441629,
1625008233.000000,292815924.000000,0.124546,-0.046638,-0.002841,0.004751,0.027819,-0.204958,0.978364,0.131334,-0.012581,0.004050,0.037382,0.019465,-0.459646,
1625008233.000000,297818899.000000,0.125309,-0.047028,-0.002849,0.004825,0.027998,-0.206093,0.978120,0.150883,-0.010528,0.004705,0.013938,0.110955,-0.456675,
1625008233.000000,302821636.000000,0.125994,-0.047385,-0.002868,0.004864,0.028268,-0.207185,0.977881,0.156439,-0.009150,0.003891,0.003152,0.093875,-0.441553,
1625008233.000000,347849607.000000,0.132253,-0.051297,-0.003676,0.004478,0.028826,-0.217294,0.975670,0.154633,-0.021358,0.028673,0.077996,0.013693,-0.468217,
1625008233.000000,352852821.000000,0.132912,-0.051730,-0.003556,0.004703,0.028979,-0.218464,0.975403,0.153756,-0.023367,0.037150,0.093839,0.137066,-0.479088,
1625008233.000000,357855558.000000,0.133538,-0.052145,-0.003465,0.004985,0.029316,-0.219616,0.975133,0.149457,-0.023838,0.037460,0.093780,0.154218,-0.457741,
1625008233.000000,362858534.000000,0.134168,-0.052580,-0.003311,0.005240,0.029634,-0.220711,0.974875,0.147666,-0.025374,0.042966,0.069365,0.152649,-0.440583,
1625008233.000000,367861748.000000,0.134788,-0.053021,-0.003128,0.005395,0.029878,-0.221766,0.974627,0.145945,-0.026930,0.048566,0.037286,0.020038,-0.418338,
1625008233.000000,372864723.000000,0.135354,-0.053387,-0.003085,0.005387,0.029630,-0.222760,0.974408,0.135371,-0.020706,0.029411,0.030848,-0.204246,-0.397972,
1625008233.000000,377867699.000000,0.135914,-0.053768,-0.002988,0.005296,0.028987,-0.223754,0.974200,0.130249,-0.019205,0.024946,0.035216,-0.276649,-0.422398,
1625008233.000000,382870674.000000,0.135991,-0.054037,-0.003773,0.005109,0.028429,-0.224806,0.973975,0.111218,-0.017456,0.002195,0.008705,-0.207467,-0.436571,
1625008233.000000,387873650.000000,0.136692,-0.054501,-0.003683,0.004997,0.028035,-0.225871,0.973741,0.138301,-0.018984,0.014106,0.013735,-0.129790,-0.439579,
1625008233.000000,392876625.000000,0.137285,-0.054897,-0.003653,0.004991,0.027829,-0.226954,0.973495,0.143158,-0.018462,0.015115,0.039561,-0.011565,-0.446049,
1625008233.000000,437904835.000000,0.142987,-0.058360,-0.003361,0.004840,0.029380,-0.236910,0.971075,0.149857,-0.007964,0.008178,-0.036309,0.035163,-0.466437,
1625008233.000000,442907810.000000,0.143634,-0.058742,-0.003361,0.004781,0.029473,-0.238014,0.970803,0.149821,-0.008428,0.009658,-0.004120,0.003739,-0.450205,
1625008233.000000,447910547.000000,0.144455,-0.059690,-0.004415,0.004860,0.029108,-0.239092,0.970548,0.157041,-0.016984,-0.001186,0.079774,0.078962,-0.453452,
1625008233.000000,452913523.000000,0.145020,-0.060159,-0.004236,0.005154,0.029355,-0.240207,0.970264,0.148620,-0.024822,0.025191,0.096398,0.123734,-0.458842,
1625008233.000000,457916737.000000,0.145616,-0.060623,-0.004128,0.005347,0.029535,-0.241315,0.969983,0.146052,-0.027666,0.034718,0.051152,0.057377,-0.447156,
1625008233.000000,462919712.000000,0.146196,-0.061095,-0.003979,0.005456,0.029591,-0.242385,0.969714,0.143514,-0.030529,0.043505,0.060656,0.013931,-0.434286,
1625008233.000000,467922449.000000,0.146738,-0.061496,-0.003999,0.005603,0.029560,-0.243437,0.969450,0.134709,-0.024612,0.021675,0.080055,-0.007234,-0.430048,
1625008233.000000,472925663.000000,0.147267,-0.061919,-0.003938,0.005722,0.029432,-0.244469,0.969194,0.129586,-0.024012,0.018256,0.053498,-0.086359,-0.410955,
1625008233.000000,477928638.000000,0.147493,-0.061993,-0.004141,0.005526,0.029023,-0.245418,0.968967,0.117360,-0.019222,0.018390,0.010853,-0.207308,-0.405433,
1625008233.000000,482931614.000000,0.148087,-0.062392,-0.004118,0.005340,0.028498,-0.246422,0.968729,0.128051,-0.015728,0.014785,-0.021226,-0.192083,-0.421515,
1625008233.000000,532962799.000000,0.154121,-0.067003,-0.004522,0.005417,0.029339,-0.257058,0.965935,0.156062,-0.008662,-0.006954,-0.051116,-0.043920,-0.445990,
1625008233.000000,537964821.000000,0.154774,-0.067426,-0.004604,0.005250,0.029299,-0.258136,0.965650,0.155932,-0.008143,-0.007202,-0.042485,-0.035681,-0.454437,
1625008233.000000,542968750.000000,0.155427,-0.067849,-0.004688,0.005126,0.029252,-0.259247,0.965354,0.155846,-0.007615,-0.007653,-0.009552,-0.003365,-0.462023,
1625008233.000000,547971964.000000,0.155578,-0.067923,-0.004971,0.005003,0.028852,-0.260353,0.965069,0.145304,-0.019866,0.027562,0.058631,0.071022,-0.452469,
1625008233.000000,552974701.000000,0.156162,-0.068386,-0.004855,0.005220,0.029047,-0.261442,0.964768,0.145993,-0.022404,0.036576,0.076000,0.113664,-0.451289,
1625008233.000000,557977676.000000,0.156744,-0.068863,-0.004693,0.005427,0.029304,-0.262539,0.964461,0.146657,-0.024929,0.045807,0.060779,0.133553,-0.452462,
1625008233.000000,562980652.000000,0.157217,-0.069224,-0.004637,0.005608,0.029551,-0.263612,0.964160,0.131111,-0.020843,0.037494,0.052330,0.070421,-0.430112,
1625008233.000000,567983866.000000,0.157730,-0.069649,-0.004474,0.005726,0.029533,-0.264630,0.963881,0.126928,-0.021333,0.041645,0.077731,-0.056012,-0.416125,
1625008233.000000,572986841.000000,0.158223,-0.070067,-0.004288,0.005852,0.029256,-0.265636,0.963611,0.122645,-0.021836,0.045866,0.091879,-0.109225,-0.410902,
1625008233.000000,577989578.000000,0.158735,-0.070453,-0.004255,0.005907,0.028961,-0.266634,0.963345,0.122548,-0.016391,0.026567,0.022706,-0.105787,-0.416145,
1625008233.000000,663041592.000000,0.168300,-0.078376,-0.005709,0.005818,0.029457,-0.284587,0.958180,0.142266,-0.023245,0.041470,0.051041,0.123377,-0.439633,
1625008233.000000,668044567.000000,0.168841,-0.078873,-0.005515,0.006000,0.029663,-0.285629,0.957862,0.141857,-0.025641,0.052088,0.055749,0.025128,-0.425854,
1625008233.000000,673047781.000000,0.169299,-0.079283,-0.005446,0.006076,0.029476,-0.286630,0.957568,0.126367,-0.022165,0.036070,0.088337,-0.124287,-0.404535,
1625008233.000000,678050756.000000,0.169476,-0.079944,-0.005723,0.006169,0.029235,-0.287606,0.957283,0.112809,-0.024489,0.017547,0.066586,-0.157188,-0.409771,
1625008233.000000,683053732.000000,0.169870,-0.080351,-0.005670,0.006104,0.028881,-0.288608,0.956992,0.106370,-0.024651,0.016312,-0.007281,-0.129244,-0.418487,
1625008233.000000,688056707.000000,0.170445,-0.080816,-0.005684,0.005927,0.028577,-0.289607,0.956701,0.124168,-0.018739,0.009598,-0.017047,-0.158730,-0.416274,
1625008233.000000,693059683.000000,0.170916,-0.081238,-0.005678,0.005783,0.028187,-0.290610,0.956409,0.125516,-0.016933,0.006698,0.023615,-0.148657,-0.421583,
1625008233.000000,698062658.000000,0.171394,-0.081656,-0.005685,0.005776,0.027919,-0.291646,0.956101,0.126611,-0.015116,0.003973,0.053537,-0.045742,-0.444988,
1625008233.000000,703065872.000000,0.171923,-0.082110,-0.005686,0.005859,0.027882,-0.292721,0.955773,0.136029,-0.014695,0.005192,0.033386,0.020317,-0.439877,
1625008233.000000,708068848.000000,0.172457,-0.082556,-0.005702,0.005886,0.027986,-0.293752,0.955454,0.140808,-0.013405,0.004132,-0.011513,0.079213,-0.430026,
1625008233.000000,753096581.000000,0.177194,-0.086737,-0.006551,0.005657,0.028818,-0.303253,0.952458,0.136372,-0.019614,0.015717,0.106886,0.116619,-0.470620,
1625008233.000000,758099556.000000,0.177695,-0.087220,-0.006494,0.005999,0.029150,-0.304377,0.952087,0.135827,-0.022633,0.022791,0.068918,0.132502,-0.459008,
1625008233.000000,763102770.000000,0.178183,-0.087715,-0.006405,0.006119,0.029354,-0.305439,0.951739,0.135352,-0.025679,0.029765,0.023385,0.122806,-0.437487,
1625008233.000000,768105745.000000,0.178636,-0.088144,-0.006371,0.006278,0.029642,-0.306478,0.951395,0.126253,-0.021619,0.023786,0.058775,0.080084,-0.437520,
1625008233.000000,773108482.000000,0.179081,-0.088598,-0.006286,0.006431,0.029598,-0.307510,0.951063,0.122170,-0.021859,0.025707,0.088766,-0.054470,-0.417429,
1625008233.000000,778111696.000000,0.179511,-0.089732,-0.005880,0.006395,0.029276,-0.308443,0.950771,0.122263,-0.025951,0.041067,0.065405,-0.178308,-0.403408,
1625008233.000000,783114672.000000,0.179961,-0.090163,-0.005895,0.006307,0.028776,-0.309419,0.950470,0.119831,-0.021296,0.023871,0.013136,-0.199655,-0.413088,
1625008233.000000,788117647.000000,0.180382,-0.090598,-0.005816,0.006134,0.028369,-0.310422,0.950156,0.116347,-0.020055,0.020966,-0.009397,-0.145407,-0.430127,
1625008233.000000,793120861.000000,0.180793,-0.091018,-0.005753,0.006012,0.028103,-0.311448,0.949828,0.113108,-0.018817,0.017592,0.013033,-0.087039,-0.424924,
1625008233.000000,798123598.000000,0.181302,-0.091515,-0.005661,0.005996,0.027929,-0.312456,0.949503,0.129485,-0.018655,0.021994,0.039777,-0.053116,-0.427912,
1625008233.000000,843151808.000000,0.186220,-0.096239,-0.005715,0.006086,0.029353,-0.321811,0.946329,0.143680,-0.014997,0.017846,-0.050723,-0.030797,-0.434386,
1625008233.000000,848154783.000000,0.187221,-0.096279,-0.006979,0.005898,0.028912,-0.322828,0.945997,0.142864,-0.007962,0.007444,-0.009313,-0.081076,-0.438650,
1625008233.000000,853157997.000000,0.187761,-0.096747,-0.006979,0.005875,0.028753,-0.323877,0.945644,0.141740,-0.008243,0.009935,0.057929,-0.018703,-0.447162,
1625008233.000000,858160734.000000,0.188294,-0.097214,-0.006961,0.006065,0.028832,-0.324968,0.945266,0.140472,-0.008517,0.012841,0.080469,0.142434,-0.475866,
1625008233.000000,863163710.000000,0.188807,-0.097773,-0.006645,0.006375,0.029273,-0.326099,0.944861,0.141983,-0.016968,0.043667,0.066464,0.250971,-0.463376,
1625008233.000000,868166924.000000,0.189322,-0.098291,-0.006443,0.006641,0.029681,-0.327142,0.944486,0.141760,-0.019581,0.054523,0.056829,0.066212,-0.421561,
1625008233.000000,873169661.000000,0.189825,-0.098817,-0.006191,0.006721,0.029549,-0.328124,0.944148,0.141156,-0.022218,0.064944,0.067452,-0.080687,-0.411931,
1625008233.000000,878172636.000000,0.189337,-0.099624,-0.006727,0.006792,0.029325,-0.329085,0.943820,0.115092,-0.020001,0.013858,0.041105,-0.161263,-0.414192,
1625008233.000000,883175373.000000,0.189716,-0.100050,-0.006692,0.006678,0.028844,-0.330058,0.943496,0.108623,-0.019122,0.011976,0.041761,-0.213490,-0.402496,
1625008233.000000,888178587.000000,0.190071,-0.100453,-0.006663,0.006576,0.028292,-0.331006,0.943182,0.102095,-0.018280,0.010078,0.036862,-0.228116,-0.399197,
1625008233.000000,938209772.000000,0.195298,-0.105588,-0.007164,0.006601,0.029051,-0.341340,0.939468,0.148552,-0.005047,-0.003954,-0.020015,0.072256,-0.449427,
1625008233.000000,943212509.000000,0.195848,-0.106081,-0.007225,0.006557,0.029200,-0.342375,0.939087,0.147831,-0.004414,-0.004017,-0.045067,-0.001184,-0.439700,
1625008233.000000,948215723.000000,0.196086,-0.106382,-0.007821,0.006348,0.028931,-0.343372,0.938732,0.134926,-0.005138,-0.013167,-0.070963,-0.002086,-0.433474,
1625008233.000000,953218699.000000,0.196533,-0.106921,-0.007611,0.006228,0.028938,-0.344384,0.938362,0.133941,-0.015963,0.021886,0.036306,-0.074968,-0.436527,
1625008233.000000,958221674.000000,0.196987,-0.107424,-0.007527,0.006341,0.028674,-0.345438,0.937982,0.132522,-0.019165,0.031031,0.119171,-0.017436,-0.454721,
1625008233.000000,963224888.000000,0.197431,-0.107939,-0.007370,0.006603,0.028752,-0.346523,0.937577,0.131256,-0.022345,0.042386,0.065722,0.113366,-0.462217,
1625008233.000000,968227625.000000,0.197866,-0.108395,-0.007283,0.006792,0.029020,-0.347596,0.937171,0.125435,-0.017443,0.035448,0.051308,0.141473,-0.448380,
1625008233.000000,973230600.000000,0.198287,-0.108872,-0.007131,0.006999,0.029230,-0.348612,0.936785,0.122234,-0.017428,0.038569,0.058211,0.040274,-0.413222,
1625008233.000000,978233814.000000,0.198709,-0.109938,-0.007031,0.007206,0.029189,-0.349564,0.936430,0.122404,-0.020620,0.037643,0.070681,-0.159105,-0.404517,
1625008233.000000,983236790.000000,0.199108,-0.110417,-0.006871,0.007172,0.028646,-0.350541,0.936082,0.119006,-0.020616,0.040183,0.065713,-0.194015,-0.421705,
1625008234.000000,23260593.000000,0.202798,-0.115073,-0.007107,0.007007,0.028315,-0.358560,0.933051,0.154995,-0.008829,0.003091,-0.023072,0.088668,-0.433389,
1625008234.000000,28263569.000000,0.203351,-0.115624,-0.007141,0.006998,0.028458,-0.359570,0.932658,0.157071,-0.006372,0.000128,-0.008843,0.015355,-0.435477,
1625008234.000000,33266544.000000,0.203875,-0.116179,-0.007125,0.006955,0.028516,-0.360604,0.932257,0.154548,-0.008667,0.006323,-0.012194,0.054006,-0.455690,
1625008234.000000,38270712.000000,0.204419,-0.116732,-0.007137,0.006961,0.028693,-0.361678,0.931835,0.154589,-0.008094,0.006851,-0.005801,0.043417,-0.460111,
1625008234.000000,43273687.000000,0.204864,-0.117333,-0.008232,0.006899,0.028545,-0.362721,0.931435,0.151720,-0.010609,-0.007996,-0.033239,0.018137,-0.444028,
1625008234.000000,48276663.000000,0.205357,-0.117879,-0.008245,0.006771,0.028655,-0.363741,0.931035,0.149004,-0.012012,0.000161,-0.058097,0.015584,-0.437600,
1625008234.000000,53279638.000000,0.205862,-0.118428,-0.008262,0.006677,0.028684,-0.364756,0.930637,0.148366,-0.012123,0.004200,0.030125,-0.013286,-0.435519,
1625008234.000000,58282614.000000,0.206361,-0.118974,-0.008253,0.006808,0.028631,-0.365789,0.930233,0.147437,-0.012236,0.008689,0.080921,0.034167,-0.453527,
1625008234.000000,63285589.000000,0.206819,-0.119541,-0.008116,0.006969,0.028669,-0.366863,0.929807,0.144020,-0.018279,0.029759,0.053905,0.009507,-0.458000,
1625008234.000000,68288803.000000,0.207281,-0.120106,-0.007984,0.007092,0.028688,-0.367934,0.929382,0.142568,-0.020755,0.040491,0.072862,0.103480,-0.467352,
1625008234.000000,153294563.000000,0.215221,-0.129572,-0.009279,0.007112,0.028392,-0.385182,0.922376,0.147865,-0.004383,-0.004240,-0.012207,-0.067833,-0.435479,
1625008234.000000,158297539.000000,0.215647,-0.130165,-0.009076,0.007090,0.028303,-0.386208,0.921950,0.143773,-0.014462,0.025163,0.052857,0.010947,-0.450539,
1625008234.000000,163300514.000000,0.216097,-0.130735,-0.008970,0.007295,0.028350,-0.387267,0.921503,0.141956,-0.017396,0.034307,0.102004,0.079073,-0.465417,
1625008234.000000,168303490.000000,0.216536,-0.131317,-0.008807,0.007560,0.028450,-0.388334,0.921049,0.140612,-0.020319,0.044508,0.073381,0.067445,-0.444284,
1625008234.000000,173306465.000000,0.216970,-0.131845,-0.008723,0.007721,0.028521,-0.389337,0.920621,0.135039,-0.015885,0.035924,0.067539,0.044906,-0.436495,
1625008234.000000,178309441.000000,0.217814,-0.132487,-0.008755,0.008016,0.028621,-0.390340,0.920191,0.130194,-0.013300,0.030803,0.056346,-0.003627,-0.422996,
1625008234.000000,183312416.000000,0.218217,-0.133001,-0.008634,0.008040,0.028447,-0.391289,0.919793,0.126112,-0.013371,0.031720,0.055899,-0.132686,-0.402554,
1625008234.000000,188315630.000000,0.218667,-0.133510,-0.008655,0.007957,0.027963,-0.392219,0.919412,0.128760,-0.008866,0.015952,0.043549,-0.223320,-0.400477,
1625008234.000000,193318605.000000,0.219084,-0.134004,-0.008623,0.007767,0.027463,-0.393163,0.919026,0.127167,-0.007426,0.011206,-0.001422,-0.181932,-0.421720,
1625008234.000000,198321581.000000,0.219501,-0.134490,-0.008623,0.007577,0.027138,-0.394150,0.918614,0.125771,-0.005983,0.005824,0.000568,-0.123273,-0.426191,
1625008234.000000,253355742.000000,0.224178,-0.141888,-0.009672,0.007612,0.027972,-0.405335,0.913709,0.148764,-0.013333,0.006192,-0.019419,0.018347,-0.447511,
1625008234.000000,258358479.000000,0.224626,-0.142487,-0.009670,0.007645,0.028021,-0.406340,0.913260,0.148110,-0.014173,0.010749,0.070878,0.030163,-0.437735,
1625008234.000000,263361692.000000,0.225068,-0.143086,-0.009637,0.007898,0.028041,-0.407359,0.912803,0.147180,-0.015011,0.016079,0.100352,0.083965,-0.451646,
1625008234.000000,268364668.000000,0.225466,-0.143664,-0.009511,0.008134,0.028198,-0.408394,0.912334,0.139800,-0.017778,0.031103,0.047713,0.087679,-0.445381,
1625008234.000000,273367643.000000,0.225863,-0.144248,-0.009372,0.008264,0.028311,-0.409389,0.911883,0.136454,-0.019417,0.040138,0.051750,0.047001,-0.427146,
1625008234.000000,278370857.000000,0.226307,-0.145020,-0.008963,0.008555,0.028322,-0.410371,0.911439,0.133995,-0.023351,0.041170,0.076647,-0.070113,-0.418706,
1625008234.000000,283373833.000000,0.226665,-0.145517,-0.008994,0.008607,0.028015,-0.411333,0.911014,0.125101,-0.018336,0.022355,0.092402,-0.083836,-0.422909,
1625008234.000000,288376331.000000,0.227004,-0.146037,-0.008940,0.008641,0.027731,-0.412297,0.910586,0.119820,-0.017854,0.018224,0.022592,-0.160774,-0.409230,
1625008234.000000,293379545.000000,0.227323,-0.146534,-0.008910,0.008372,0.027268,-0.413217,0.910186,0.114448,-0.017416,0.013582,-0.009158,-0.213060,-0.403671,
1625008234.000000,298382521.000000,0.227727,-0.147110,-0.008869,0.008163,0.026842,-0.414157,0.909773,0.128725,-0.015481,0.013741,0.011677,-0.176211,-0.417659,
1625008234.000000,338407755.000000,0.231661,-0.152386,-0.008265,0.008348,0.027583,-0.422117,0.906083,0.162308,-0.000728,0.014690,-0.009791,0.063834,-0.463510,
1625008234.000000,343410492.000000,0.231885,-0.152604,-0.009319,0.008445,0.027642,-0.423188,0.905581,0.150746,-0.000198,0.003090,-0.045671,0.032763,-0.446503,
1625008234.000000,348413467.000000,0.232335,-0.153195,-0.009335,0.008303,0.027709,-0.424188,0.905112,0.149385,-0.002494,0.003651,-0.034415,-0.009276,-0.445326,
1625008234.000000,353416681.000000,0.232803,-0.153776,-0.009363,0.008237,0.027752,-0.425205,0.904634,0.148905,-0.002190,0.003230,-0.016867,0.029036,-0.451834,
1625008234.000000,358419657.000000,0.233269,-0.154356,-0.009397,0.008217,0.027821,-0.426221,0.904154,0.148573,-0.001886,0.002559,0.021032,-0.007546,-0.445437,
1625008234.000000,363422632.000000,0.233683,-0.154958,-0.009255,0.008305,0.027727,-0.427226,0.903681,0.144735,-0.009650,0.026760,0.097982,0.010625,-0.442179,
1625008234.000000,368425608.000000,0.234102,-0.155555,-0.009140,0.008557,0.027720,-0.428232,0.903203,0.142927,-0.012573,0.035693,0.089750,0.053791,-0.441167,
1625008234.000000,373428583.000000,0.234504,-0.156157,-0.008982,0.008759,0.027823,-0.429233,0.902723,0.141077,-0.015505,0.044714,0.056273,0.114645,-0.444315,
1625008234.000000,378431559.000000,0.234103,-0.156992,-0.008759,0.009018,0.027947,-0.430155,0.902278,0.123771,-0.019912,0.037567,0.041601,0.025697,-0.414663,
1625008234.000000,383434772.000000,0.234420,-0.157537,-0.008599,0.009047,0.027786,-0.431056,0.901852,0.119611,-0.019431,0.038028,0.077482,-0.097269,-0.390928,
1625008234.000000,433465481.000000,0.238455,-0.164047,-0.008981,0.008985,0.027148,-0.440788,0.897156,0.164569,-0.001515,-0.001418,0.007549,0.070964,-0.434717,
1625008234.000000,438468456.000000,0.238893,-0.164680,-0.008976,0.008996,0.027203,-0.441774,0.896669,0.158294,-0.004334,0.003839,0.004305,0.007541,-0.451664,
1625008234.000000,443471670.000000,0.238886,-0.165712,-0.009395,0.008984,0.027141,-0.442733,0.896198,0.152645,-0.009998,-0.002060,-0.029640,0.010139,-0.472073,
1625008234.000000,448474646.000000,0.239306,-0.166345,-0.009445,0.008865,0.027236,-0.443778,0.895679,0.151925,-0.009525,-0.002228,-0.055388,0.021752,-0.458230,
1625008234.000000,453477383.000000,0.239724,-0.166973,-0.009501,0.008711,0.027289,-0.444782,0.895181,0.151224,-0.009069,-0.002836,-0.042590,-0.065701,-0.446366,
1625008234.000000,458480597.000000,0.240098,-0.167635,-0.009413,0.008561,0.027151,-0.445788,0.894686,0.149844,-0.014277,0.010693,0.018066,-0.025645,-0.453862,
1625008234.000000,463483572.000000,0.240489,-0.168278,-0.009396,0.008657,0.027191,-0.446815,0.894171,0.148971,-0.015483,0.013616,0.046115,0.060359,-0.460306,
1625008234.000000,468486547.000000,0.240872,-0.168924,-0.009369,0.008851,0.027304,-0.447839,0.893653,0.148295,-0.016687,0.016299,0.095680,0.105293,-0.450740,
1625008234.000000,473489761.000000,0.241219,-0.169561,-0.009250,0.009195,0.027443,-0.448833,0.893147,0.143227,-0.020287,0.030233,0.097403,0.096276,-0.434705,
1625008234.000000,478492498.000000,0.241233,-0.170391,-0.009305,0.009615,0.027506,-0.449789,0.892659,0.134346,-0.028814,0.052542,0.070299,0.052530,-0.432518,
1625008234.000000,523520708.000000,0.244349,-0.176143,-0.009177,0.009210,0.025985,-0.458467,0.888284,0.157930,-0.007793,0.000862,-0.009623,0.107642,-0.447421,
1625008234.000000,528523684.000000,0.244785,-0.176816,-0.009219,0.009307,0.026274,-0.459458,0.887762,0.162513,-0.005661,-0.001833,-0.010339,0.135165,-0.445347,
1625008234.000000,533526897.000000,0.245189,-0.177456,-0.009232,0.009417,0.026610,-0.460447,0.887238,0.157093,-0.005729,0.001303,-0.002042,0.142630,-0.453775,
1625008234.000000,538529634.000000,0.245620,-0.178115,-0.009270,0.009519,0.026859,-0.461456,0.886705,0.157433,-0.004470,0.000453,0.000316,0.050766,-0.451805,
1625008234.000000,543532610.000000,0.245491,-0.178548,-0.009201,0.009529,0.026944,-0.462391,0.886215,0.150755,-0.006157,0.001665,-0.019930,-0.015557,-0.455861,
1625008234.000000,548535824.000000,0.245854,-0.179152,-0.009222,0.009404,0.026959,-0.463408,0.885685,0.144947,-0.007169,0.002614,-0.045615,-0.016276,-0.460250,
1625008234.000000,553538799.000000,0.246233,-0.179762,-0.009242,0.009226,0.026957,-0.464415,0.885159,0.143261,-0.006702,0.002780,-0.049890,-0.060577,-0.449564,
1625008234.000000,558541775.000000,0.246606,-0.180361,-0.009284,0.009032,0.026821,-0.465407,0.884644,0.141380,-0.006246,0.001826,0.000044,-0.091662,-0.450547,
1625008234.000000,563544512.000000,0.246981,-0.180960,-0.009329,0.009011,0.026691,-0.466425,0.884112,0.139856,-0.005784,0.001052,0.049349,0.030912,-0.468696,
1625008234.000000,568547487.000000,0.247319,-0.181651,-0.009084,0.009260,0.026883,-0.467475,0.883549,0.143622,-0.015188,0.033715,0.084315,0.187314,-0.476235,
1625008234.000000,658602715.000000,0.253545,-0.193718,-0.009401,0.009550,0.026698,-0.485046,0.874029,0.150265,-0.004750,0.015426,-0.041541,-0.088807,-0.466711,
1625008234.000000,663605690.000000,0.253922,-0.194374,-0.009356,0.009388,0.026501,-0.486066,0.873470,0.149415,-0.006135,0.022039,0.038431,-0.057161,-0.464564,
1625008234.000000,668608665.000000,0.254290,-0.195030,-0.009274,0.009554,0.026488,-0.487093,0.872896,0.148462,-0.007513,0.029000,0.097288,0.122453,-0.476225,
1625008234.000000,673611641.000000,0.254623,-0.195929,-0.009575,0.010036,0.026710,-0.488127,0.872306,0.138843,-0.013490,0.035590,0.113070,0.218445,-0.467926,
1625008234.000000,678614616.000000,0.254927,-0.196559,-0.009436,0.010464,0.027020,-0.489113,0.871739,0.135566,-0.015082,0.041139,0.080168,0.157651,-0.432702,
1625008234.000000,683617592.000000,0.255204,-0.197170,-0.009259,0.010673,0.027135,-0.490033,0.871216,0.131905,-0.016737,0.046686,0.056421,-0.015911,-0.417655,
1625008234.000000,688620806.000000,0.255470,-0.197778,-0.009047,0.010645,0.026885,-0.490953,0.870706,0.128702,-0.018391,0.052413,0.040690,-0.136372,-0.420959,
1625008234.000000,693624496.000000,0.255750,-0.198273,-0.009065,0.010464,0.026490,-0.491879,0.870198,0.117980,-0.010694,0.027931,0.015014,-0.221505,-0.423085,
1625008234.000000,698627472.000000,0.256005,-0.198794,-0.008949,0.010169,0.025931,-0.492803,0.869695,0.112115,-0.009282,0.024558,0.032994,-0.255961,-0.416728,
1625008234.000000,703630447.000000,0.256247,-0.199282,-0.008860,0.009977,0.025403,-0.493728,0.869188,0.105827,-0.007896,0.020868,0.059855,-0.167914,-0.434678,
1625008234.000000,753660679.000000,0.259832,-0.207187,-0.010647,0.010262,0.026671,-0.503526,0.863507,0.149929,-0.003943,-0.002451,-0.061850,-0.030382,-0.439166,
1625008234.000000,758663416.000000,0.260180,-0.207845,-0.010685,0.009988,0.026471,-0.504475,0.862963,0.147244,-0.004397,0.000043,-0.002410,-0.197498,-0.443385,
1625008234.000000,763666630.000000,0.260519,-0.208493,-0.010711,0.009783,0.026065,-0.505466,0.862397,0.144204,-0.004850,0.002818,0.024864,-0.096481,-0.474286,
1625008234.000000,768669605.000000,0.260844,-0.209204,-0.010538,0.009803,0.026025,-0.506511,0.861785,0.149218,-0.010917,0.031709,0.048761,0.048976,-0.484063,
1625008234.000000,773672581.000000,0.260380,-0.210025,-0.010289,0.010150,0.026023,-0.507562,0.861162,0.148231,-0.023624,0.039603,0.127762,0.191115,-0.465908,
1625008234.000000,778676748.000000,0.260647,-0.210753,-0.010135,0.010696,0.026365,-0.508547,0.860564,0.148886,-0.026268,0.048805,0.110107,0.227189,-0.446689,
1625008234.000000,783678532.000000,0.260901,-0.211260,-0.010242,0.011024,0.026610,-0.509489,0.859995,0.130218,-0.015078,0.018302,0.053089,0.056228,-0.427542,
1625008234.000000,788682461.000000,0.261148,-0.211858,-0.010198,0.010999,0.026450,-0.510401,0.859460,0.124646,-0.013209,0.014629,0.016014,-0.174932,-0.420021,
1625008234.000000,793685675.000000,0.261391,-0.212427,-0.010189,0.010702,0.025966,-0.511322,0.858930,0.118716,-0.011363,0.010211,0.014733,-0.218104,-0.434939,
1625008234.000000,798688650.000000,0.261619,-0.212959,-0.010185,0.010482,0.025538,-0.512269,0.858381,0.112558,-0.009551,0.006230,0.028825,-0.178934,-0.434025,
1625008234.000000,838712692.000000,0.264017,-0.218423,-0.010930,0.010355,0.025595,-0.519925,0.853765,0.154519,-0.000960,-0.008343,-0.010683,0.031494,-0.458460,
1625008234.000000,843715429.000000,0.263961,-0.219829,-0.011274,0.010485,0.025827,-0.520887,0.853171,0.158756,-0.006708,-0.012803,-0.033041,0.084240,-0.476625,
1625008234.000000,848718405.000000,0.264269,-0.220502,-0.011412,0.010505,0.026107,-0.521903,0.852540,0.154188,-0.005537,-0.016539,-0.039504,0.090264,-0.476682,
1625008234.000000,853721619.000000,0.264592,-0.221193,-0.011540,0.010443,0.026242,-0.522899,0.851926,0.153683,-0.004213,-0.018115,-0.033046,-0.034924,-0.459594,
1625008234.000000,858724594.000000,0.264916,-0.221876,-0.011674,0.010248,0.026139,-0.523872,0.851334,0.152931,-0.002904,-0.019691,-0.033020,-0.079050,-0.459490,
1625008234.000000,863727570.000000,0.265188,-0.222581,-0.011620,0.010095,0.026033,-0.524866,0.850727,0.150339,-0.010597,0.005753,0.013618,-0.060440,-0.473427,
1625008234.000000,868730545.000000,0.265471,-0.223278,-0.011608,0.010111,0.025910,-0.525884,0.850101,0.148964,-0.012883,0.014554,0.066125,0.009053,-0.477717,
1625008234.000000,873733521.000000,0.265741,-0.223977,-0.011553,0.010352,0.025941,-0.526901,0.849468,0.147637,-0.015165,0.023370,0.117031,0.112175,-0.474491,
1625008234.000000,878736496.000000,0.265773,-0.224433,-0.010802,0.010875,0.026154,-0.527952,0.848802,0.138998,-0.017835,0.030540,0.102475,0.226433,-0.466060,
1625008234.000000,883740664.000000,0.265985,-0.225081,-0.010654,0.011279,0.026517,-0.528915,0.848186,0.135601,-0.018769,0.033731,0.053037,0.120528,-0.436292,
1625008234.000000,933770657.000000,0.271871,-0.233568,-0.014566,0.010565,0.025460,-0.538241,0.842340,0.183161,0.022774,-0.037303,-0.007610,0.142783,-0.455449,
1625008234.000000,938773632.000000,0.272361,-0.234347,-0.014808,0.010682,0.025753,-0.539191,0.841722,0.185710,0.025059,-0.040453,-0.022366,0.065118,-0.449039,
1625008234.000000,943776846.000000,0.272827,-0.235104,-0.014989,0.010638,0.025842,-0.540139,0.841112,0.181591,0.024241,-0.033390,-0.005630,0.025724,-0.458529,
1625008234.000000,948779821.000000,0.274006,-0.236105,-0.015485,0.010803,0.026202,-0.541128,0.840463,0.176515,0.033256,-0.039179,-0.033867,0.038110,-0.477857,
1625008234.000000,953782558.000000,0.274518,-0.236830,-0.015739,0.010691,0.026347,-0.542123,0.839818,0.176180,0.034306,-0.039780,-0.061016,0.012589,-0.465175,
1625008234.000000,958785534.000000,0.274987,-0.237557,-0.015913,0.010518,0.026367,-0.543077,0.839203,0.173747,0.030655,-0.032011,-0.036332,-0.087806,-0.451130,
1625008234.000000,963788748.000000,0.275475,-0.238278,-0.016115,0.010327,0.026173,-0.544032,0.838593,0.172703,0.030188,-0.029441,0.027475,-0.072853,-0.458643,
1625008234.000000,968791723.000000,0.275957,-0.238996,-0.016301,0.010420,0.026095,-0.545016,0.837955,0.171525,0.029716,-0.026739,0.086299,0.065511,-0.477814,
1625008234.000000,973794699.000000,0.276397,-0.239728,-0.016343,0.010747,0.026198,-0.546021,0.837292,0.169788,0.023542,-0.005210,0.110734,0.131461,-0.469453,
1625008234.000000,978797674.000000,0.276642,-0.240354,-0.015789,0.011169,0.026322,-0.547014,0.836635,0.169650,0.019843,0.016240,0.075657,0.157435,-0.455493,
1625008235.000000,23825645.000000,0.280872,-0.247421,-0.017810,0.010730,0.025033,-0.555277,0.831219,0.187312,0.040823,-0.039934,-0.013966,0.133382,-0.439748,
1625008235.000000,28828621.000000,0.281418,-0.248202,-0.018076,0.010809,0.025296,-0.556174,0.830611,0.191163,0.042762,-0.044483,-0.022469,0.083339,-0.433195,
1625008235.000000,33831596.000000,0.281980,-0.249001,-0.018364,0.010837,0.025484,-0.557081,0.829996,0.195272,0.044727,-0.048871,-0.019203,0.066329,-0.443929,
1625008235.000000,38834572.000000,0.282492,-0.249723,-0.018572,0.010879,0.025665,-0.558005,0.829369,0.185959,0.043759,-0.041932,-0.006466,0.080155,-0.447162,
1625008235.000000,43837547.000000,0.282395,-0.250586,-0.018334,0.011114,0.025915,-0.559001,0.828688,0.184540,0.038909,-0.034783,-0.009432,-0.055971,-0.447254,
1625008235.000000,48840523.000000,0.282913,-0.251356,-0.018559,0.010939,0.025790,-0.559945,0.828056,0.184446,0.039860,-0.035139,-0.023421,-0.028059,-0.467457,
1625008235.000000,53844690.000000,0.283450,-0.252126,-0.018807,0.010873,0.025911,-0.560929,0.827387,0.185191,0.042248,-0.037066,-0.056298,0.029900,-0.479315,
1625008235.000000,58846712.000000,0.283985,-0.252898,-0.019044,0.010741,0.026020,-0.561902,0.826725,0.185327,0.043656,-0.036862,-0.033272,0.001460,-0.461188,
1625008235.000000,63849449.000000,0.284525,-0.253668,-0.019281,0.010736,0.026065,-0.562838,0.826087,0.185365,0.045040,-0.037068,0.028871,0.040709,-0.450399,
1625008235.000000,68853617.000000,0.285006,-0.254442,-0.019320,0.010941,0.026150,-0.563778,0.825440,0.181068,0.037405,-0.009039,0.099018,0.115992,-0.460034,
1625008235.000000,128889561.000000,0.286698,-0.263360,-0.020330,0.011131,0.024698,-0.574613,0.817977,0.178892,0.025257,-0.035850,-0.033928,0.127254,-0.438079,
1625008235.000000,133863211.000000,0.287122,-0.264153,-0.020570,0.011155,0.024906,-0.575496,0.817349,0.181613,0.028025,-0.039543,-0.014801,0.067476,-0.432657,
1625008235.000000,138866425.000000,0.287562,-0.264954,-0.020828,0.011220,0.025065,-0.576388,0.816714,0.184215,0.030804,-0.043134,0.000322,0.051414,-0.445451,
1625008235.000000,143869400.000000,0.287034,-0.264792,-0.020411,0.011249,0.025112,-0.577435,0.815973,0.174428,0.029534,-0.040552,-0.007081,0.076130,-0.457395,
1625008235.000000,148873568.000000,0.287355,-0.265482,-0.020520,0.011285,0.025314,-0.578359,0.815311,0.165443,0.024357,-0.029803,-0.042217,0.055488,-0.447855,
1625008235.000000,153876305.000000,0.287738,-0.266213,-0.020713,0.011158,0.025414,-0.579257,0.814672,0.164692,0.024817,-0.028976,-0.052025,-0.050674,-0.441333,
1625008235.000000,158879280.000000,0.288120,-0.266940,-0.020901,0.010964,0.025371,-0.580168,0.814028,0.163709,0.025273,-0.028531,-0.028459,-0.020668,-0.456270,
1625008235.000000,163882494.000000,0.288472,-0.267681,-0.021001,0.010936,0.025402,-0.581102,0.813361,0.163366,0.020820,-0.015983,0.028952,-0.004695,-0.454277,
1625008235.000000,168885469.000000,0.288828,-0.268418,-0.021113,0.011049,0.025359,-0.582027,0.812699,0.162985,0.019307,-0.010938,0.082426,0.082003,-0.459401,
1625008235.000000,173888445.000000,0.289177,-0.269159,-0.021195,0.011363,0.025509,-0.582961,0.812020,0.162813,0.017801,-0.005144,0.060182,0.113093,-0.447934,
1625008235.000000,263943195.000000,0.292193,-0.279559,-0.022501,0.011035,0.024754,-0.598999,0.800291,0.143804,0.024546,-0.023079,0.011006,0.041392,-0.451268,
1625008235.000000,268946171.000000,0.292506,-0.280193,-0.022663,0.011232,0.024901,-0.599918,0.799595,0.142365,0.025160,-0.023006,0.060303,0.119770,-0.454865,
1625008235.000000,273949385.000000,0.291891,-0.281249,-0.022496,0.011613,0.024810,-0.600889,0.798863,0.145823,0.004459,0.015255,0.065701,0.121312,-0.448401,
1625008235.000000,278952360.000000,0.292111,-0.281947,-0.022433,0.011869,0.024950,-0.601783,0.798181,0.144923,0.002319,0.025317,0.057003,0.092676,-0.446308,
1625008235.000000,283955336.000000,0.292318,-0.282647,-0.022322,0.012061,0.025008,-0.602675,0.797504,0.144015,0.000179,0.035190,0.064469,0.036559,-0.446289,
1625008235.000000,288958549.000000,0.292522,-0.283127,-0.022475,0.012127,0.024889,-0.603558,0.796838,0.123152,0.005493,0.011709,0.052879,-0.093545,-0.430392,
1625008235.000000,293961287.000000,0.292712,-0.283699,-0.022448,0.011942,0.024496,-0.604401,0.796214,0.116359,0.005536,0.011743,0.048427,-0.230576,-0.410051,
1625008235.000000,298964262.000000,0.292890,-0.284234,-0.022416,0.011671,0.023987,-0.605234,0.795600,0.109121,0.005541,0.011794,0.041157,-0.174945,-0.425942,
1625008235.000000,303967476.000000,0.293107,-0.284835,-0.022447,0.011502,0.023707,-0.606099,0.794953,0.117929,0.008720,0.003987,0.007030,-0.117654,-0.427286,
1625008235.000000,308970451.000000,0.293214,-0.285552,-0.023303,0.011185,0.023389,-0.607004,0.794276,0.129989,0.012303,-0.020566,0.024900,-0.063617,-0.417609,
1625008235.000000,359001398.000000,0.295573,-0.292246,-0.024686,0.011716,0.024327,-0.615747,0.787481,0.143020,0.022061,-0.026126,-0.029951,0.011313,-0.429647,
1625008235.000000,364004612.000000,0.295830,-0.292940,-0.024732,0.011549,0.024323,-0.616586,0.786827,0.144380,0.018629,-0.010147,-0.037759,-0.053462,-0.433696,
1625008235.000000,369007587.000000,0.296089,-0.293618,-0.024811,0.011480,0.024323,-0.617459,0.786143,0.143985,0.017729,-0.003910,0.029330,0.044204,-0.449862,
1625008235.000000,374010324.000000,0.296342,-0.294296,-0.024856,0.011732,0.024434,-0.618353,0.785433,0.143590,0.016836,0.002618,0.085065,0.138970,-0.460443,
1625008235.000000,379013538.000000,0.296064,-0.294494,-0.025182,0.011855,0.024227,-0.619300,0.784691,0.136754,0.009845,0.001849,0.074373,0.100811,-0.441625,
1625008235.000000,384016514.000000,0.296225,-0.295064,-0.025080,0.012039,0.024244,-0.620150,0.784016,0.126074,0.006620,0.017262,0.061393,0.006243,-0.432849,
1625008235.000000,389019251.000000,0.296398,-0.295668,-0.025007,0.012093,0.024113,-0.621011,0.783338,0.122469,0.004995,0.025117,0.060419,-0.045827,-0.438353,
1625008235.000000,394022465.000000,0.296558,-0.296258,-0.024893,0.012043,0.023884,-0.621865,0.782668,0.119051,0.003358,0.033135,0.039180,-0.140678,-0.424506,
1625008235.000000,399025440.000000,0.296744,-0.296795,-0.024942,0.011764,0.023460,-0.622683,0.782034,0.112664,0.008606,0.011728,0.025164,-0.247081,-0.404212,
1625008235.000000,404028177.000000,0.296914,-0.297328,-0.024923,0.011434,0.022976,-0.623487,0.781413,0.108313,0.009684,0.007847,0.030583,-0.173347,-0.419000,
1625008235.000000,449056387.000000,0.298768,-0.303370,-0.026811,0.011824,0.023440,-0.631314,0.775083,0.144690,0.024779,-0.028979,-0.019558,0.052270,-0.461038,
1625008235.000000,454059601.000000,0.299035,-0.304050,-0.026994,0.011825,0.023555,-0.632204,0.774353,0.145715,0.025985,-0.030522,-0.020403,0.031096,-0.457845,
1625008235.000000,459062338.000000,0.299286,-0.304699,-0.027149,0.011810,0.023673,-0.633081,0.773633,0.141317,0.025076,-0.027329,-0.020542,0.044877,-0.450362,
1625008235.000000,464065313.000000,0.299545,-0.305358,-0.027321,0.011821,0.023809,-0.633939,0.772926,0.140108,0.025418,-0.027287,-0.022559,0.040845,-0.437606,
1625008235.000000,469068527.000000,0.299803,-0.306011,-0.027494,0.011748,0.023846,-0.634779,0.772236,0.138781,0.025748,-0.027400,-0.013114,-0.074380,-0.438574,
1625008235.000000,474071503.000000,0.299552,-0.306374,-0.027621,0.011449,0.023326,-0.635729,0.771475,0.132833,0.011088,0.002630,0.048579,0.047874,-0.465468,
1625008235.000000,479074478.000000,0.299726,-0.307001,-0.027641,0.011778,0.023475,-0.636640,0.770714,0.131231,0.008497,0.012371,0.090491,0.159093,-0.469909,
1625008235.000000,484077692.000000,0.299886,-0.307641,-0.027590,0.012167,0.023621,-0.637524,0.769972,0.130376,0.005888,0.023066,0.100905,0.151574,-0.445302,
1625008235.000000,489080429.000000,0.300067,-0.308148,-0.027726,0.012479,0.023720,-0.638360,0.769272,0.113769,0.011818,0.002154,0.044766,0.030631,-0.422880,
1625008235.000000,494083405.000000,0.300229,-0.308676,-0.027766,0.012412,0.023578,-0.639167,0.768606,0.106631,0.012547,0.001039,0.038751,-0.121812,-0.416480,
1625008235.000000,539111376.000000,0.301089,-0.314111,-0.028204,0.011489,0.022278,-0.646649,0.762376,0.135496,0.019227,-0.018715,0.002711,0.098702,-0.426255,
1625008235.000000,544114351.000000,0.301298,-0.314763,-0.028336,0.011619,0.022437,-0.647472,0.761670,0.137574,0.021553,-0.020963,-0.004226,0.065895,-0.443289,
1625008235.000000,549117327.000000,0.300058,-0.314848,-0.028129,0.011897,0.022515,-0.648429,0.760850,0.123157,0.009031,-0.022114,-0.013186,0.118187,-0.459546,
1625008235.000000,554120302.000000,0.300150,-0.315406,-0.028246,0.012046,0.022771,-0.649301,0.760096,0.119154,0.006267,-0.021200,-0.011874,0.072584,-0.458484,
1625008235.000000,559123516.000000,0.300273,-0.315983,-0.028384,0.012032,0.022865,-0.650161,0.759357,0.118870,0.006920,-0.022342,-0.021561,0.012181,-0.448861,
1625008235.000000,564126492.000000,0.300397,-0.316557,-0.028529,0.011988,0.022959,-0.651006,0.758631,0.118513,0.007568,-0.023489,-0.032175,0.024304,-0.444572,
1625008235.000000,569129229.000000,0.300493,-0.317112,-0.028561,0.011944,0.023061,-0.651850,0.757903,0.114086,0.004203,-0.008542,-0.018452,0.016905,-0.449900,
1625008235.000000,574132442.000000,0.300594,-0.317666,-0.028620,0.011949,0.023092,-0.652698,0.757172,0.111985,0.003230,-0.003241,0.033761,0.013620,-0.439352,
1625008235.000000,579135418.000000,0.300408,-0.318149,-0.028195,0.011932,0.022856,-0.653658,0.756351,0.107334,-0.004569,0.015463,0.088186,0.020029,-0.451086,
1625008235.000000,584138393.000000,0.300429,-0.318637,-0.028083,0.012181,0.022817,-0.654537,0.755587,0.099450,-0.008653,0.026318,0.093617,0.132700,-0.467302,
1625008235.000000,629166365.000000,0.300014,-0.322963,-0.027154,0.011392,0.021131,-0.661917,0.749193,0.104362,-0.007176,0.007571,0.015696,0.051777,-0.439836,
1625008235.000000,634130716.000000,0.300075,-0.323491,-0.027189,0.011473,0.021212,-0.662730,0.748470,0.108276,-0.002283,0.000536,0.006165,0.063984,-0.434353,
1625008235.000000,639133930.000000,0.300135,-0.324038,-0.027220,0.011618,0.021408,-0.663547,0.747738,0.112178,0.000071,-0.002301,0.001798,0.138343,-0.441875,
1625008235.000000,644136906.000000,0.298597,-0.325705,-0.025868,0.012146,0.021744,-0.664466,0.746904,0.125476,-0.013082,0.013591,-0.009805,0.105853,-0.435690,
1625008235.000000,649139881.000000,0.298568,-0.326268,-0.025776,0.012220,0.021921,-0.665274,0.746177,0.119514,-0.014481,0.017000,-0.012132,0.066908,-0.439786,
1625008235.000000,654142857.000000,0.298568,-0.326873,-0.025722,0.012264,0.022049,-0.666111,0.745426,0.119835,-0.013276,0.016133,-0.013020,0.016698,-0.459066,
1625008235.000000,659145832.000000,0.298572,-0.327481,-0.025674,0.012231,0.022107,-0.666976,0.744651,0.120290,-0.012062,0.015186,-0.009969,0.041295,-0.467612,
1625008235.000000,664148569.000000,0.298558,-0.328072,-0.025624,0.012254,0.022236,-0.667840,0.743872,0.117973,-0.013912,0.015264,-0.034228,0.007505,-0.460157,
1625008235.000000,669151545.000000,0.298552,-0.328668,-0.025576,0.012140,0.022301,-0.668680,0.743116,0.117307,-0.013938,0.015415,-0.028251,0.022077,-0.446271,
1625008235.000000,674154758.000000,0.298544,-0.329259,-0.025527,0.012213,0.022417,-0.669506,0.742368,0.116501,-0.013969,0.015243,0.034790,0.062357,-0.448340,
1625008235.000000,764210939.000000,0.292142,-0.337174,-0.021658,0.012541,0.021735,-0.684159,0.728901,0.099524,-0.035533,0.025359,-0.001514,0.069665,-0.463343,
1625008235.000000,769213915.000000,0.291998,-0.337688,-0.021552,0.012576,0.021857,-0.684998,0.728109,0.099057,-0.035325,0.026045,-0.024011,0.012523,-0.454923,
1625008235.000000,774216890.000000,0.291821,-0.338192,-0.021350,0.012494,0.021897,-0.685812,0.727342,0.096560,-0.039850,0.039348,-0.013524,-0.008094,-0.443103,
1625008235.000000,779219866.000000,0.291167,-0.337540,-0.022515,0.012255,0.021696,-0.686610,0.726598,0.082307,-0.048108,0.035844,0.068294,0.092762,-0.466407,
1625008235.000000,784222841.000000,0.290950,-0.337972,-0.022331,0.012588,0.021740,-0.687464,0.725784,0.080639,-0.049809,0.041268,0.101768,0.071459,-0.453989,
1625008235.000000,789225817.000000,0.290718,-0.338334,-0.022058,0.012793,0.021651,-0.688265,0.725024,0.071683,-0.051758,0.053679,0.091821,0.022715,-0.434426,
1625008235.000000,794229031.000000,0.290476,-0.338709,-0.021791,0.012943,0.021577,-0.689062,0.724265,0.067527,-0.053590,0.060453,0.043084,0.010563,-0.440978,
1625008235.000000,799231529.000000,0.290224,-0.339067,-0.021497,0.012923,0.021490,-0.689853,0.723515,0.063704,-0.055449,0.066656,0.037236,-0.081536,-0.424014,
1625008235.000000,804234505.000000,0.290016,-0.339384,-0.021399,0.012710,0.021168,-0.690603,0.722812,0.058661,-0.048989,0.040433,0.015491,-0.221512,-0.400450,
1625008235.000000,809237719.000000,0.289790,-0.339685,-0.021223,0.012267,0.020696,-0.691334,0.722135,0.054342,-0.047567,0.035136,0.036099,-0.261175,-0.403609,
1625008235.000000,859268665.000000,0.288171,-0.343626,-0.021322,0.012567,0.021479,-0.699195,0.714498,0.085945,-0.024371,0.007963,-0.005380,-0.017436,-0.457934,
1625008235.000000,864271641.000000,0.288062,-0.344060,-0.021306,0.012489,0.021469,-0.700010,0.713701,0.085867,-0.022915,0.007528,-0.018088,0.043640,-0.459906,
1625008235.000000,869274855.000000,0.287928,-0.344477,-0.021261,0.012567,0.021683,-0.700829,0.712889,0.083305,-0.025966,0.011174,-0.031011,0.068774,-0.457918,
1625008235.000000,874277830.000000,0.287804,-0.344896,-0.021220,0.012559,0.021798,-0.701633,0.712094,0.082409,-0.026323,0.012490,-0.008683,0.026204,-0.448239,
1625008235.000000,879280806.000000,0.287137,-0.345658,-0.022085,0.012362,0.021599,-0.702381,0.711366,0.082783,-0.030227,0.003289,0.059241,0.015194,-0.449139,
1625008235.000000,884283781.000000,0.286912,-0.346013,-0.021801,0.012560,0.021531,-0.703192,0.710563,0.074239,-0.039399,0.034549,0.097894,0.088996,-0.459848,
1625008235.000000,889286757.000000,0.286711,-0.346389,-0.021623,0.012902,0.021590,-0.704008,0.709746,0.070895,-0.042522,0.044376,0.081779,0.112040,-0.452462,
1625008235.000000,894289732.000000,0.286496,-0.346749,-0.021390,0.013106,0.021575,-0.704788,0.708969,0.067829,-0.045654,0.054208,0.067810,-0.020536,-0.420479,
1625008235.000000,899292946.000000,0.286336,-0.347034,-0.021333,0.013063,0.021350,-0.705529,0.708239,0.057430,-0.038347,0.031662,0.051931,-0.099624,-0.421328,
1625008235.000000,904295921.000000,0.286150,-0.347312,-0.021193,0.012875,0.021078,-0.706289,0.707492,0.051012,-0.037359,0.028479,0.010435,-0.178307,-0.420570,
1625008235.000000,954326630.000000,0.283748,-0.353250,-0.019154,0.012981,0.021398,-0.713768,0.699935,0.099237,-0.014415,0.009608,-0.015610,0.073695,-0.448765,
1625008235.000000,959329844.000000,0.283672,-0.353747,-0.019136,0.013038,0.021538,-0.714560,0.699121,0.100540,-0.012132,0.006642,-0.008149,0.027506,-0.457327,
1625008235.000000,964332819.000000,0.283555,-0.354169,-0.019036,0.012988,0.021565,-0.715351,0.698311,0.091488,-0.016159,0.013844,-0.020804,-0.022664,-0.443512,
1625008235.000000,969335556.000000,0.283464,-0.354634,-0.018980,0.012859,0.021581,-0.716120,0.697525,0.089974,-0.015996,0.014506,-0.033761,-0.034192,-0.445464,
1625008235.000000,974338770.000000,0.283373,-0.355085,-0.018940,0.012788,0.021627,-0.716906,0.696717,0.088250,-0.015840,0.014260,-0.001859,0.051270,-0.453097,
1625008235.000000,979341745.000000,0.282410,-0.356326,-0.019806,0.012506,0.021478,-0.717582,0.696030,0.088639,-0.027948,0.034193,0.052348,0.040842,-0.449638,
1625008235.000000,984344721.000000,0.282253,-0.356773,-0.019642,0.012654,0.021429,-0.718366,0.695220,0.087889,-0.030154,0.041909,0.068464,0.063075,-0.450647,
1625008235.000000,989347935.000000,0.282085,-0.357217,-0.019435,0.012900,0.021478,-0.719149,0.694404,0.087159,-0.032361,0.049865,0.062973,0.085167,-0.446464,
1625008235.000000,994350672.000000,0.281958,-0.357526,-0.019291,0.013104,0.021478,-0.719912,0.693609,0.072868,-0.029278,0.045976,0.075716,0.038163,-0.429391,
1625008235.000000,999354601.000000,0.281799,-0.357884,-0.019073,0.013184,0.021342,-0.720645,0.692850,0.067986,-0.029909,0.049670,0.055716,-0.083317,-0.412321,
1625008236.000000,49384832.000000,0.277654,-0.364649,-0.018041,0.012946,0.020941,-0.727885,0.685257,0.118058,-0.018504,-0.000682,0.001804,0.162939,-0.452287,
1625008236.000000,54387808.000000,0.277522,-0.365112,-0.018025,0.013139,0.021164,-0.728653,0.684430,0.107210,-0.018354,0.001498,-0.010844,0.078854,-0.449071,
1625008236.000000,59390783.000000,0.277400,-0.365642,-0.018044,0.013170,0.021304,-0.729423,0.683604,0.106729,-0.016987,0.000094,-0.029079,0.031066,-0.456503,
1625008236.000000,64393997.000000,0.277283,-0.366170,-0.018079,0.013168,0.021426,-0.730205,0.682765,0.106309,-0.015618,-0.001877,-0.013166,0.053267,-0.458716,
1625008236.000000,69396734.000000,0.277139,-0.366671,-0.018075,0.013194,0.021526,-0.730977,0.681935,0.102913,-0.019225,0.003287,-0.021399,-0.009622,-0.445909,
1625008236.000000,74399710.000000,0.277005,-0.367174,-0.018083,0.013052,0.021525,-0.731728,0.681131,0.101312,-0.019871,0.004732,-0.021751,-0.028654,-0.438390,
1625008236.000000,79402685.000000,0.275585,-0.369399,-0.019123,0.012758,0.021455,-0.732337,0.680484,0.103144,-0.025206,0.000793,0.023943,0.032511,-0.457229,
1625008236.000000,84405661.000000,0.275422,-0.369901,-0.019139,0.012946,0.021491,-0.733133,0.679623,0.101248,-0.025828,0.002392,0.077296,0.107660,-0.470185,
1625008236.000000,89408636.000000,0.275201,-0.370401,-0.018874,0.013253,0.021525,-0.733921,0.678765,0.099096,-0.031847,0.032138,0.078529,0.063751,-0.452047,
1625008236.000000,94412804.000000,0.274997,-0.370890,-0.018715,0.013424,0.021482,-0.734678,0.677943,0.097320,-0.034087,0.042332,0.069708,0.060556,-0.444445,
1625008236.000000,139439821.000000,0.272997,-0.378024,-0.018204,0.012562,0.020197,-0.741118,0.670954,0.113280,-0.013857,0.003450,0.009828,0.052875,-0.436810,
1625008236.000000,144442797.000000,0.272221,-0.380426,-0.015327,0.012911,0.020701,-0.741751,0.670232,0.139653,-0.009150,0.021484,-0.001708,0.036231,-0.446002,
1625008236.000000,149445772.000000,0.272110,-0.381081,-0.015241,0.013003,0.020841,-0.742511,0.669383,0.138344,-0.007763,0.021189,0.005281,0.135145,-0.462089,
1625008236.000000,154448986.000000,0.272004,-0.381773,-0.015183,0.013310,0.021133,-0.743283,0.668511,0.140799,-0.006075,0.018853,-0.013361,0.155483,-0.464221,
1625008236.000000,159451723.000000,0.271903,-0.382480,-0.015144,0.013477,0.021396,-0.744048,0.667647,0.143401,-0.004378,0.016259,-0.010756,0.109982,-0.457807,
1625008236.000000,164454699.000000,0.271806,-0.383121,-0.015113,0.013618,0.021577,-0.744803,0.666796,0.135037,-0.004115,0.013677,-0.019760,0.060721,-0.451393,
1625008236.000000,169458866.000000,0.271714,-0.383788,-0.015084,0.013615,0.021730,-0.745553,0.665953,0.133298,-0.003015,0.012086,-0.039376,0.047455,-0.453511,
1625008236.000000,174461842.000000,0.271627,-0.384446,-0.015059,0.013569,0.021838,-0.746302,0.665110,0.131647,-0.001923,0.010363,-0.027492,-0.054356,-0.446137,
1625008236.000000,179463863.000000,0.270480,-0.386485,-0.016228,0.013298,0.021669,-0.746931,0.664416,0.135226,-0.012533,0.027529,0.008537,-0.052336,-0.449983,
1625008236.000000,184468031.000000,0.270333,-0.387157,-0.016096,0.013359,0.021646,-0.747700,0.663550,0.134488,-0.014649,0.036230,0.062855,0.082903,-0.475622,
1625008236.000000,229494810.000000,0.269457,-0.396078,-0.016116,0.012819,0.020253,-0.754062,0.656365,0.131321,0.003848,0.010865,0.015118,-0.076632,-0.431691,
1625008236.000000,234497786.000000,0.269387,-0.396747,-0.016094,0.012692,0.020159,-0.754785,0.655539,0.136445,0.005634,0.009861,0.012509,-0.016868,-0.452896,
1625008236.000000,239500761.000000,0.269321,-0.397444,-0.016076,0.012745,0.020188,-0.755541,0.654667,0.141719,0.007460,0.009086,0.003376,0.053654,-0.460556,
1625008236.000000,244503498.000000,0.271281,-0.403357,-0.015058,0.013209,0.020823,-0.756280,0.653783,0.184493,0.031386,0.011232,0.008311,0.107503,-0.457106,
1625008236.000000,249506712.000000,0.271306,-0.404305,-0.015058,0.013427,0.021033,-0.757026,0.652909,0.188471,0.033722,0.008293,-0.011653,0.133031,-0.461360,
1625008236.000000,254509687.000000,0.271338,-0.405274,-0.015074,0.013651,0.021328,-0.757776,0.652023,0.192441,0.036080,0.005378,-0.014153,0.174083,-0.464595,
1625008236.000000,259513855.000000,0.271360,-0.406140,-0.015056,0.013945,0.021643,-0.758522,0.651139,0.182764,0.034536,0.007462,-0.008512,0.149182,-0.455023,
1625008236.000000,264516830.000000,0.271394,-0.407072,-0.015067,0.014104,0.021846,-0.759255,0.650274,0.182562,0.035615,0.006494,-0.003392,0.061925,-0.455985,
1625008236.000000,269519806.000000,0.271431,-0.408004,-0.015077,0.014108,0.021931,-0.759999,0.649401,0.182332,0.036697,0.005987,-0.039282,-0.003775,-0.458231,
1625008236.000000,274522781.000000,0.271456,-0.408904,-0.015000,0.013960,0.022010,-0.760737,0.648537,0.177517,0.034700,0.017444,-0.040890,-0.030301,-0.454973,
1625008236.000000,364577770.000000,0.276570,-0.433233,-0.014830,0.014105,0.021426,-0.773585,0.633174,0.207071,0.076833,0.006211,-0.026093,0.071814,-0.473092,
1625008236.000000,369580746.000000,0.276749,-0.434328,-0.014878,0.014175,0.021583,-0.774317,0.632271,0.207759,0.078978,0.002504,-0.032837,0.052670,-0.459053,
1625008236.000000,374583721.000000,0.276930,-0.435427,-0.014928,0.014194,0.021771,-0.775034,0.631385,0.208413,0.080656,0.000567,-0.034439,0.078831,-0.454810,
1625008236.000000,379586697.000000,0.275749,-0.435828,-0.015822,0.013928,0.021598,-0.775704,0.630573,0.198685,0.073403,0.010605,-0.004351,0.042463,-0.446303,
1625008236.000000,384589672.000000,0.275803,-0.436832,-0.015539,0.013948,0.021598,-0.776411,0.629703,0.193596,0.061965,0.042916,0.038250,-0.001642,-0.458913,
1625008236.000000,389592648.000000,0.275901,-0.437847,-0.015346,0.014063,0.021518,-0.777158,0.628781,0.191395,0.059333,0.053554,0.094683,0.053516,-0.483581,
1625008236.000000,394595623.000000,0.275988,-0.438856,-0.015095,0.014388,0.021491,-0.777925,0.627825,0.189488,0.056745,0.065045,0.089672,0.141633,-0.485724,
1625008236.000000,399598837.000000,0.276128,-0.439783,-0.014970,0.014722,0.021589,-0.778663,0.626897,0.176807,0.061945,0.051279,0.043545,0.080783,-0.450617,
1625008236.000000,404601812.000000,0.276245,-0.440710,-0.014758,0.014726,0.021503,-0.779340,0.626059,0.170771,0.062353,0.052440,0.044516,-0.125152,-0.415285,
1625008236.000000,409604788.000000,0.273603,-0.440696,-0.015631,0.014641,0.021086,-0.779969,0.625292,0.157642,0.047254,0.024886,0.044868,-0.239070,-0.427919,
1625008236.000000,454632759.000000,0.272229,-0.447703,-0.013692,0.014327,0.020682,-0.786190,0.617472,0.196743,0.055690,0.016009,-0.016825,0.082895,-0.452558,
1625008236.000000,459635973.000000,0.272270,-0.448731,-0.013674,0.014389,0.020858,-0.786890,0.616573,0.198544,0.057876,0.012807,-0.025786,0.087136,-0.462100,
1625008236.000000,464638948.000000,0.272309,-0.449729,-0.013636,0.014537,0.021058,-0.787604,0.615650,0.194627,0.057451,0.014493,-0.009524,0.077563,-0.466460,
1625008236.000000,469641685.000000,0.272355,-0.450745,-0.013618,0.014593,0.021169,-0.788318,0.614730,0.194292,0.058594,0.013493,-0.011697,0.035558,-0.466384,
1625008236.000000,474644661.000000,0.272405,-0.451762,-0.013603,0.014565,0.021274,-0.789028,0.613816,0.194061,0.059735,0.012836,-0.056297,-0.007465,-0.455814,
1625008236.000000,479647636.000000,0.270398,-0.451424,-0.014216,0.014336,0.021039,-0.789715,0.612946,0.184968,0.041321,0.032943,-0.011030,0.020688,-0.456693,
1625008236.000000,484650612.000000,0.270369,-0.452374,-0.014087,0.014446,0.021036,-0.790425,0.612027,0.183936,0.040636,0.038647,0.078997,0.032941,-0.468518,
1625008236.000000,489653826.000000,0.270333,-0.453320,-0.013912,0.014626,0.020926,-0.791157,0.611081,0.182838,0.039959,0.045477,0.086538,0.051461,-0.485503,
1625008236.000000,494656563.000000,0.270302,-0.454214,-0.013703,0.014893,0.020955,-0.791903,0.610105,0.174897,0.038321,0.053519,0.049047,0.147967,-0.485633,
1625008236.000000,499660730.000000,0.270263,-0.455114,-0.013469,0.015237,0.021133,-0.792621,0.609158,0.171099,0.037221,0.060721,0.036148,0.123261,-0.456826,
1625008236.000000,549690962.000000,0.266208,-0.460795,-0.013729,0.014609,0.020085,-0.799238,0.600501,0.173989,0.036708,0.012251,-0.014886,0.091131,-0.436539,
1625008236.000000,554693699.000000,0.266147,-0.461687,-0.013719,0.014722,0.020252,-0.799899,0.599613,0.175749,0.039469,0.009303,-0.017991,0.076035,-0.454537,
1625008236.000000,559696674.000000,0.266056,-0.462513,-0.013626,0.014779,0.020377,-0.800589,0.598685,0.170627,0.036091,0.015987,-0.008496,0.007601,-0.463232,
1625008236.000000,564699888.000000,0.265988,-0.463389,-0.013596,0.014753,0.020416,-0.801288,0.597748,0.170842,0.037055,0.015416,-0.014706,0.050055,-0.480076,
1625008236.000000,569702864.000000,0.265921,-0.464270,-0.013564,0.014895,0.020654,-0.802004,0.596775,0.171323,0.038033,0.015280,-0.048873,0.140016,-0.473961,
1625008236.000000,574705839.000000,0.265852,-0.465137,-0.013510,0.015023,0.020943,-0.802683,0.595849,0.169745,0.037641,0.017660,-0.038450,0.053321,-0.449233,
1625008236.000000,579710007.000000,0.264250,-0.465046,-0.015543,0.014620,0.020658,-0.803339,0.594984,0.164510,0.026162,0.000357,0.003342,-0.039649,-0.437514,
1625008236.000000,584711790.000000,0.264135,-0.465864,-0.015587,0.014607,0.020593,-0.804004,0.594088,0.162502,0.026492,0.000129,0.058626,0.033490,-0.461945,
1625008236.000000,589714766.000000,0.263967,-0.466620,-0.015314,0.014831,0.020568,-0.804703,0.593135,0.155366,0.018769,0.034018,0.070647,0.080814,-0.467540,
1625008236.000000,594718933.000000,0.263822,-0.467390,-0.015153,0.015042,0.020551,-0.805386,0.592203,0.152060,0.016569,0.045114,0.071347,0.051878,-0.455616,
1625008236.000000,639745712.000000,0.260492,-0.472927,-0.014629,0.014290,0.019266,-0.811175,0.584312,0.156024,0.020529,0.008130,0.015189,0.156666,-0.446159,
1625008236.000000,644748688.000000,0.257912,-0.474425,-0.013451,0.015023,0.019689,-0.811803,0.583406,0.183070,0.010968,0.020881,-0.020048,0.092590,-0.436330,
1625008236.000000,649751663.000000,0.257720,-0.475203,-0.013411,0.015104,0.019849,-0.812439,0.582512,0.173695,0.013518,0.017312,-0.016940,0.073610,-0.441710,
1625008236.000000,654755831.000000,0.257508,-0.476054,-0.013377,0.015263,0.020024,-0.813084,0.581601,0.174510,0.015602,0.015153,-0.007162,0.101874,-0.450242,
1625008236.000000,659758806.000000,0.257302,-0.476916,-0.013352,0.015386,0.020171,-0.813735,0.580682,0.175564,0.017696,0.013245,-0.008302,0.039392,-0.446038,
1625008236.000000,664761543.000000,0.257100,-0.477790,-0.013345,0.015354,0.020234,-0.814384,0.579770,0.176815,0.019796,0.010896,-0.033751,-0.007648,-0.457597,
1625008236.000000,669764757.000000,0.256880,-0.478616,-0.013293,0.015321,0.020358,-0.815059,0.578818,0.172998,0.017077,0.015385,-0.025550,0.074836,-0.472679,
1625008236.000000,674767733.000000,0.256678,-0.479458,-0.013274,0.015493,0.020566,-0.815734,0.577854,0.172040,0.017572,0.014881,-0.019837,0.106383,-0.465200,
1625008236.000000,679770708.000000,0.255027,-0.480120,-0.015514,0.015234,0.020273,-0.816370,0.576972,0.176396,0.006457,-0.004854,-0.021033,0.039361,-0.439612,
1625008236.000000,684773922.000000,0.254719,-0.480927,-0.015306,0.015256,0.020322,-0.817001,0.576077,0.172133,0.001622,0.021869,0.034221,0.027306,-0.448994,
1625008236.000000,729800940.000000,0.252418,-0.486647,-0.015827,0.014669,0.018956,-0.822606,0.568106,0.140217,0.006463,0.002325,0.006741,-0.001471,-0.420472,
1625008236.000000,734803915.000000,0.252200,-0.487326,-0.015852,0.014617,0.018925,-0.823203,0.567243,0.144555,0.008560,0.001229,0.012058,-0.033888,-0.427704,
1625008236.000000,739806890.000000,0.251983,-0.488028,-0.015882,0.014611,0.018905,-0.823826,0.566339,0.148855,0.010690,0.000169,0.016381,0.056873,-0.445989,
1625008236.000000,744810820.000000,0.250455,-0.489013,-0.014676,0.015190,0.019227,-0.824453,0.565399,0.172089,0.008518,0.010866,0.016437,0.134977,-0.445997,
1625008236.000000,749813557.000000,0.250185,-0.489843,-0.014668,0.015512,0.019449,-0.825066,0.564489,0.176326,0.010729,0.009599,-0.000557,0.197928,-0.427833,
1625008236.000000,754816532.000000,0.249917,-0.490692,-0.014661,0.015860,0.019766,-0.825653,0.563608,0.180454,0.012939,0.008585,-0.032550,0.127890,-0.421363,
1625008236.000000,759819746.000000,0.249700,-0.491220,-0.014582,0.015963,0.019961,-0.826251,0.562722,0.159328,0.009248,0.011756,-0.014674,0.073630,-0.436294,
1625008236.000000,764822721.000000,0.249454,-0.491977,-0.014571,0.016033,0.020052,-0.826878,0.561796,0.157970,0.010150,0.010597,-0.006803,-0.026811,-0.457647,
1625008236.000000,769825697.000000,0.249211,-0.492732,-0.014560,0.015852,0.020015,-0.827527,0.560846,0.156921,0.011056,0.009803,-0.024098,-0.047328,-0.458783,
1625008236.000000,774828911.000000,0.248973,-0.493481,-0.014555,0.015797,0.020112,-0.828161,0.559907,0.155697,0.011952,0.009021,-0.047412,0.052115,-0.450166,
1625008236.000000,819856882.000000,0.245037,-0.501297,-0.017509,0.015580,0.019207,-0.833638,0.551757,0.125407,0.008161,-0.013566,0.028979,-0.270985,-0.418252,
1625008236.000000,824859858.000000,0.244691,-0.502101,-0.017533,0.015152,0.018772,-0.834221,0.550903,0.146892,0.004618,-0.008037,0.059615,-0.146779,-0.420155,
1625008236.000000,829862833.000000,0.244422,-0.502786,-0.017609,0.015060,0.018604,-0.834813,0.550014,0.148512,0.004725,-0.009626,0.040930,-0.023613,-0.426781,
1625008236.000000,834865808.000000,0.244149,-0.503479,-0.017688,0.015085,0.018578,-0.835394,0.549131,0.150352,0.004840,-0.010748,-0.009821,0.052861,-0.417102,
1625008236.000000,839868784.000000,0.243893,-0.504243,-0.017769,0.015181,0.018743,-0.835963,0.548255,0.158989,0.011376,-0.011253,-0.013616,0.055729,-0.422374,
1625008236.000000,844871759.000000,0.242400,-0.504955,-0.016392,0.015478,0.018752,-0.836512,0.547409,0.172233,0.008985,0.005885,0.021928,0.054007,-0.423563,
1625008236.000000,849874973.000000,0.242098,-0.505774,-0.016409,0.015658,0.018830,-0.837092,0.546513,0.176545,0.011739,0.003598,0.014610,0.117545,-0.435071,
1625008236.000000,854877949.000000,0.241799,-0.506531,-0.016404,0.015905,0.019016,-0.837692,0.545581,0.171646,0.010604,0.004588,-0.005847,0.103301,-0.441680,
1625008236.000000,859880686.000000,0.241500,-0.507345,-0.016424,0.016044,0.019169,-0.838291,0.544649,0.173215,0.012100,0.003391,-0.015362,0.084557,-0.448951,
1625008236.000000,864883900.000000,0.241204,-0.508167,-0.016451,0.016162,0.019346,-0.838907,0.543691,0.174743,0.013612,0.002296,-0.032380,0.059704,-0.457610,
1625008236.000000,954938889.000000,0.233018,-0.519463,-0.015562,0.016110,0.018934,-0.849353,0.527240,0.172393,0.006375,0.010488,0.021108,0.180806,-0.439281,
1625008236.000000,959941864.000000,0.232661,-0.520268,-0.015557,0.016556,0.019210,-0.849924,0.526294,0.176997,0.008776,0.007832,-0.007674,0.202046,-0.435144,
1625008236.000000,964944839.000000,0.232322,-0.521018,-0.015513,0.016792,0.019453,-0.850487,0.525368,0.170168,0.008498,0.011784,-0.028136,0.053325,-0.437091,
1625008236.000000,969947577.000000,0.231981,-0.521800,-0.015496,0.016779,0.019557,-0.851072,0.524417,0.170012,0.009830,0.011381,-0.026956,0.035492,-0.456364,
1625008236.000000,974951744.000000,0.231645,-0.522584,-0.015482,0.016861,0.019712,-0.851675,0.523428,0.169909,0.011177,0.010947,-0.018465,0.071431,-0.468107,
1625008236.000000,979954720.000000,0.231013,-0.521883,-0.017303,0.016537,0.019419,-0.852234,0.522539,0.151574,0.006191,-0.005412,-0.058607,-0.012343,-0.435161,
1625008236.000000,984957933.000000,0.230681,-0.522584,-0.017346,0.016324,0.019544,-0.852783,0.521645,0.150814,0.006568,-0.004886,-0.071965,-0.048875,-0.424148,
1625008236.000000,989960909.000000,0.230372,-0.523262,-0.017425,0.016287,0.019628,-0.853352,0.520711,0.149205,0.007009,-0.006598,0.037779,0.098191,-0.450988,
1625008236.000000,994963884.000000,0.230016,-0.523893,-0.017289,0.016704,0.019655,-0.853947,0.519720,0.145081,-0.002249,0.022728,0.115068,0.150281,-0.462760,
1625008236.000000,999966860.000000,0.229663,-0.524529,-0.017174,0.017114,0.019612,-0.854539,0.518735,0.142435,-0.005703,0.034114,0.098863,0.141776,-0.442549,
1625008237.000000,49996853.000000,0.226057,-0.530072,-0.015690,0.015976,0.018211,-0.859991,0.509734,0.157896,0.004356,0.021378,-0.016102,0.110567,-0.411660,
1625008237.000000,54999590.000000,0.225693,-0.530790,-0.015630,0.016160,0.018415,-0.860515,0.508835,0.163870,0.005962,0.019983,-0.011149,0.123852,-0.432736,
1625008237.000000,60002565.000000,0.225394,-0.531422,-0.015627,0.016430,0.018611,-0.861076,0.507870,0.155247,0.008625,0.012684,-0.007484,0.134892,-0.446921,
1625008237.000000,65006733.000000,0.225056,-0.532133,-0.015604,0.016671,0.018812,-0.861637,0.506903,0.157060,0.010593,0.010288,0.000660,0.124043,-0.450945,
1625008237.000000,70009708.000000,0.224721,-0.532854,-0.015592,0.016880,0.018959,-0.862210,0.505915,0.158836,0.012578,0.008110,-0.009613,0.071360,-0.457465,
1625008237.000000,75012922.000000,0.224404,-0.533536,-0.015571,0.016934,0.019111,-0.862782,0.504932,0.153305,0.012909,0.008745,-0.049258,0.058112,-0.452096,
1625008237.000000,80015898.000000,0.223178,-0.534504,-0.017361,0.016749,0.019209,-0.863349,0.503964,0.151225,0.008500,-0.009866,-0.062094,0.038513,-0.448872,
1625008237.000000,85018635.000000,0.222848,-0.535179,-0.017453,0.016656,0.019354,-0.863909,0.503000,0.149749,0.009794,-0.012685,-0.055557,-0.045256,-0.441509,
1625008237.000000,90021849.000000,0.222409,-0.535837,-0.017220,0.016493,0.019381,-0.864463,0.502052,0.152058,-0.001843,0.022678,0.010208,-0.009914,-0.444576,
1625008237.000000,95024824.000000,0.222017,-0.536495,-0.017123,0.016674,0.019363,-0.865032,0.501066,0.151837,-0.004784,0.031913,0.086216,0.137844,-0.461702,
1625008237.000000,135050058.000000,0.219253,-0.539308,-0.017008,0.015707,0.017778,-0.869330,0.493663,0.088580,0.004307,0.000312,0.037877,-0.117857,-0.432954,
1625008237.000000,140068054.000000,0.218840,-0.539970,-0.016885,0.015580,0.017569,-0.869870,0.492721,0.122512,0.001334,0.012465,0.051280,-0.017201,-0.435040,
1625008237.000000,145070791.000000,0.217758,-0.540421,-0.015567,0.015696,0.017721,-0.870420,0.491740,0.146059,-0.004560,0.038639,0.006223,0.090409,-0.439327,
1625008237.000000,150073767.000000,0.217349,-0.541062,-0.015409,0.015941,0.017902,-0.870950,0.490787,0.153034,-0.004086,0.040705,-0.007771,0.155933,-0.426604,
1625008237.000000,155076742.000000,0.217022,-0.541700,-0.015437,0.016275,0.018138,-0.871460,0.489862,0.152721,0.003791,0.021983,-0.010781,0.159300,-0.422197,
1625008237.000000,160079718.000000,0.216639,-0.542379,-0.015372,0.016564,0.018341,-0.871976,0.488924,0.157306,0.006538,0.018443,0.011393,0.131496,-0.430811,
1625008237.000000,165082693.000000,0.216256,-0.543084,-0.015324,0.016848,0.018483,-0.872507,0.487962,0.161773,0.009314,0.015240,0.005363,0.136733,-0.448865,
1625008237.000000,170085907.000000,0.215899,-0.543726,-0.015233,0.017122,0.018704,-0.873057,0.486959,0.153448,0.008919,0.019984,-0.026865,0.144316,-0.460682,
1625008237.000000,175088882.000000,0.215536,-0.544407,-0.015170,0.017324,0.018933,-0.873610,0.485949,0.152869,0.010428,0.019807,-0.025834,0.074606,-0.458513,
1625008237.000000,180091619.000000,0.214137,-0.544195,-0.017228,0.017291,0.018867,-0.874139,0.485001,0.142977,0.004219,-0.004035,-0.040458,-0.014709,-0.444653,
1625008237.000000,230123043.000000,0.209737,-0.549909,-0.016233,0.016513,0.017780,-0.879390,0.475484,0.112336,-0.009325,0.035230,-0.013427,-0.207689,-0.406481,
1625008237.000000,235126019.000000,0.209387,-0.550365,-0.016082,0.016073,0.017501,-0.879876,0.474609,0.114931,-0.008435,0.034767,0.048990,-0.164444,-0.410360,
1625008237.000000,240128756.000000,0.209032,-0.550835,-0.015934,0.015945,0.017315,-0.880386,0.473674,0.117465,-0.007515,0.034793,0.041523,0.023355,-0.436185,
1625008237.000000,245131969.000000,0.208908,-0.551367,-0.015324,0.016081,0.017441,-0.880930,0.472651,0.124153,-0.003438,0.033899,0.024231,0.031905,-0.433072,
1625008237.000000,250134945.000000,0.208499,-0.552033,-0.015283,0.016142,0.017470,-0.881436,0.471704,0.141590,0.001818,0.024643,-0.012772,0.085150,-0.429675,
1625008237.000000,255137920.000000,0.208108,-0.552646,-0.015192,0.016406,0.017708,-0.881940,0.470744,0.148194,0.004063,0.022971,-0.016382,0.150203,-0.434051,
1625008237.000000,260141134.000000,0.207706,-0.553293,-0.015114,0.016751,0.017917,-0.882447,0.469772,0.154744,0.006348,0.020968,0.015871,0.207401,-0.442501,
1625008237.000000,265143871.000000,0.207345,-0.553884,-0.015036,0.017185,0.018143,-0.882958,0.468786,0.146957,0.007365,0.020307,-0.005297,0.126115,-0.435173,
1625008237.000000,270146847.000000,0.206964,-0.554523,-0.014971,0.017295,0.018274,-0.883468,0.467816,0.148258,0.009150,0.019228,-0.012063,0.056711,-0.451964,
1625008237.000000,275150061.000000,0.206584,-0.555172,-0.014912,0.017413,0.018391,-0.884008,0.466785,0.149620,0.010961,0.018172,-0.012808,0.058758,-0.469295,
1625008237.000000,360201836.000000,0.197863,-0.564210,-0.015368,0.016887,0.017500,-0.892562,0.450269,0.152462,0.008195,0.005755,0.016954,0.149044,-0.439379,
1625008237.000000,365205050.000000,0.197442,-0.564858,-0.015374,0.017267,0.017701,-0.893055,0.449268,0.155956,0.010399,0.002842,-0.009650,0.147277,-0.447924,
1625008237.000000,370208025.000000,0.197018,-0.565523,-0.015395,0.017478,0.017887,-0.893552,0.448263,0.159281,0.012617,0.000085,-0.016275,0.102732,-0.445802,
1625008237.000000,375211954.000000,0.196641,-0.566113,-0.015368,0.017648,0.018053,-0.894048,0.447259,0.150378,0.012767,0.004133,-0.030893,0.068415,-0.454230,
1625008237.000000,380214930.000000,0.195297,-0.565971,-0.015169,0.017829,0.018185,-0.894527,0.446289,0.136773,0.007662,0.012549,-0.022648,0.070120,-0.459620,
1625008237.000000,385217905.000000,0.194921,-0.566542,-0.015131,0.017906,0.018291,-0.895030,0.445272,0.135741,0.009129,0.012916,-0.010682,-0.003338,-0.443653,
1625008237.000000,390220881.000000,0.194524,-0.567039,-0.015007,0.017764,0.018296,-0.895515,0.444301,0.129822,0.003524,0.021960,-0.025655,-0.061401,-0.428642,
1625008237.000000,395224094.000000,0.194143,-0.567567,-0.014918,0.017657,0.018329,-0.895994,0.443337,0.127480,0.002787,0.025356,-0.001380,0.023471,-0.439269,
1625008237.000000,400227070.000000,0.193766,-0.568083,-0.014820,0.017843,0.018342,-0.896489,0.442327,0.125076,0.002071,0.028020,0.088142,0.107619,-0.454287,
1625008237.000000,405229807.000000,0.193367,-0.568546,-0.014570,0.018189,0.018216,-0.896989,0.441302,0.119752,-0.005522,0.050202,0.123732,0.084390,-0.445798,
1625008237.000000,455260992.000000,0.188635,-0.574631,-0.017103,0.016785,0.016961,-0.901718,0.431666,0.148489,0.013785,-0.008032,0.029042,0.108182,-0.442713,
1625008237.000000,460263968.000000,0.188225,-0.575258,-0.017192,0.017060,0.017084,-0.902188,0.430667,0.152882,0.016171,-0.010784,0.003049,0.127682,-0.443622,
1625008237.000000,465266705.000000,0.187850,-0.575841,-0.017280,0.017324,0.017249,-0.902663,0.429654,0.146314,0.017068,-0.012320,-0.013868,0.132733,-0.443768,
1625008237.000000,470269918.000000,0.187459,-0.576461,-0.017384,0.017607,0.017466,-0.903131,0.428648,0.146660,0.018861,-0.014259,-0.020358,0.153978,-0.445782,
1625008237.000000,475272894.000000,0.187073,-0.577087,-0.017496,0.017858,0.017669,-0.903605,0.427630,0.147042,0.020662,-0.016180,-0.021327,0.074966,-0.448007,
1625008237.000000,480275869.000000,0.186844,-0.578497,-0.018843,0.018034,0.017566,-0.904127,0.426521,0.148298,0.028255,-0.025588,-0.006418,-0.037960,-0.442727,
1625008237.000000,485279083.000000,0.186491,-0.579056,-0.018903,0.017908,0.017551,-0.904606,0.425510,0.139263,0.024172,-0.016161,-0.010572,-0.023269,-0.460715,
1625008237.000000,490281820.000000,0.186139,-0.579663,-0.019018,0.017883,0.017619,-0.905100,0.424458,0.136579,0.024222,-0.014822,-0.023476,0.028041,-0.458852,
1625008237.000000,495284796.000000,0.185800,-0.580255,-0.019121,0.017930,0.017694,-0.905570,0.423447,0.134019,0.024258,-0.013976,0.021080,0.031205,-0.435222,
1625008237.000000,500288010.000000,0.185429,-0.580828,-0.019099,0.018077,0.017657,-0.906034,0.422451,0.133666,0.018646,0.004107,0.066181,0.092217,-0.448979,
1625008237.000000,550318718.000000,0.181196,-0.585075,-0.020408,0.016924,0.016083,-0.910571,0.412693,0.132797,0.025066,-0.010771,0.007572,-0.002706,-0.424737,
1625008237.000000,555321693.000000,0.180850,-0.585664,-0.020500,0.016966,0.016087,-0.911017,0.411706,0.137518,0.026807,-0.011993,0.024666,0.086537,-0.443891,
1625008237.000000,560324907.000000,0.180529,-0.586232,-0.020642,0.017273,0.016189,-0.911472,0.410681,0.135375,0.028481,-0.018845,0.012050,0.137508,-0.441927,
1625008237.000000,565327883.000000,0.180189,-0.586834,-0.020778,0.017553,0.016356,-0.911912,0.409684,0.137676,0.030212,-0.021999,-0.020063,0.150374,-0.432163,
1625008237.000000,570330858.000000,0.179845,-0.587450,-0.020929,0.017816,0.016564,-0.912349,0.408691,0.139940,0.031956,-0.025351,-0.016966,0.077113,-0.435408,
1625008237.000000,575333595.000000,0.179532,-0.588024,-0.021043,0.017896,0.016648,-0.912797,0.407682,0.132956,0.031778,-0.021131,-0.001884,0.066309,-0.450285,
1625008237.000000,580336809.000000,0.178199,-0.589602,-0.021838,0.017929,0.016562,-0.913278,0.406605,0.135416,0.031205,-0.024189,-0.004930,0.028261,-0.461107,
1625008237.000000,585340738.000000,0.177866,-0.590206,-0.021996,0.017874,0.016610,-0.913739,0.405569,0.133961,0.032169,-0.023810,-0.030500,-0.019196,-0.438797,
1625008237.000000,590342760.000000,0.177547,-0.590803,-0.022145,0.017830,0.016715,-0.914177,0.404579,0.132301,0.033127,-0.023531,-0.031747,0.038183,-0.440651,
1625008237.000000,595345974.000000,0.177201,-0.591341,-0.022163,0.017929,0.016806,-0.914626,0.403554,0.128484,0.027906,-0.010564,0.028946,0.048191,-0.444147,
1625008237.000000,640391111.000000,0.173589,-0.595083,-0.021835,0.017038,0.015278,-0.918539,0.394668,0.109478,0.024011,0.003639,0.033389,-0.093529,-0.422676,
1625008237.000000,645394087.000000,0.172020,-0.597367,-0.021429,0.016984,0.015170,-0.918999,0.393602,0.132880,0.027475,-0.000078,0.026244,0.000157,-0.434686,
1625008237.000000,650397062.000000,0.171657,-0.597950,-0.021462,0.017028,0.015164,-0.919425,0.392604,0.135893,0.028613,-0.000593,0.010244,0.021489,-0.432487,
1625008237.000000,655400038.000000,0.171283,-0.598585,-0.021557,0.017065,0.015176,-0.919851,0.391603,0.142551,0.032643,-0.007566,0.019710,0.022231,-0.438840,
1625008237.000000,660403013.000000,0.170904,-0.599220,-0.021641,0.017159,0.015200,-0.920284,0.390580,0.146650,0.034752,-0.010894,-0.003395,0.069860,-0.447416,
1625008237.000000,665406227.000000,0.170517,-0.599876,-0.021748,0.017397,0.015357,-0.920716,0.389544,0.150861,0.036887,-0.014515,0.001439,0.168371,-0.447418,
1625008237.000000,670410156.000000,0.170151,-0.600502,-0.021861,0.017780,0.015529,-0.921141,0.388513,0.146872,0.037056,-0.016339,-0.007603,0.129936,-0.441012,
1625008237.000000,675413370.000000,0.169773,-0.601157,-0.021985,0.017950,0.015670,-0.921565,0.387493,0.147878,0.038406,-0.018212,-0.007047,0.075913,-0.445219,
1625008237.000000,680415869.000000,0.168466,-0.601687,-0.021296,0.018154,0.015670,-0.922029,0.386378,0.144723,0.034076,-0.004026,-0.019218,0.057362,-0.458150,
1625008237.000000,685418844.000000,0.168109,-0.602250,-0.021293,0.018207,0.015787,-0.922470,0.385317,0.136818,0.031685,0.001705,-0.011142,0.032755,-0.457139,
1625008237.000000,730446100.000000,0.163623,-0.606170,-0.020025,0.017888,0.014671,-0.926316,0.376036,0.099665,0.014413,0.042780,0.026315,-0.203276,-0.426210,
1625008237.000000,735448837.000000,0.163261,-0.606643,-0.019891,0.017583,0.014500,-0.926732,0.375031,0.107604,0.016451,0.034992,0.024394,-0.104419,-0.438132,
1625008237.000000,740453005.000000,0.162931,-0.607083,-0.019749,0.017359,0.014367,-0.927141,0.374035,0.106847,0.017451,0.031807,0.030658,-0.095367,-0.419966,
1625008237.000000,745455027.000000,0.161147,-0.608599,-0.019872,0.017277,0.014255,-0.927556,0.373012,0.126433,0.020515,0.011408,0.031923,-0.059574,-0.427297,
1625008237.000000,750458002.000000,0.160710,-0.609191,-0.019808,0.017242,0.014191,-0.927966,0.371995,0.136354,0.023674,0.013674,0.021295,0.021133,-0.443491,
1625008237.000000,755462170.000000,0.160296,-0.609757,-0.019773,0.017344,0.014225,-0.928373,0.370972,0.139572,0.025422,0.012537,0.002095,0.056291,-0.431758,
1625008237.000000,760464907.000000,0.159875,-0.610339,-0.019749,0.017446,0.014291,-0.928767,0.369977,0.142682,0.027173,0.011148,0.003067,0.041327,-0.428428,
1625008237.000000,765467882.000000,0.159451,-0.610925,-0.019756,0.017553,0.014340,-0.929167,0.368964,0.144162,0.028186,0.006223,0.007464,0.075979,-0.442340,
1625008237.000000,770471096.000000,0.159020,-0.611529,-0.019765,0.017777,0.014449,-0.929580,0.367908,0.146768,0.029676,0.003562,-0.005335,0.118741,-0.464697,
1625008237.000000,775474072.000000,0.158583,-0.612147,-0.019789,0.018028,0.014613,-0.930006,0.366811,0.149534,0.031194,0.000935,-0.021353,0.118647,-0.469075,
1625008237.000000,825504780.000000,0.149523,-0.615971,-0.017997,0.018921,0.014247,-0.934079,0.356281,0.142707,-0.001935,0.055551,0.061850,-0.209689,-0.421120,
1625008237.000000,830507994.000000,0.149318,-0.616297,-0.018273,0.018345,0.013925,-0.934463,0.355315,0.119991,0.005232,0.023362,0.017348,-0.289419,-0.411496,
1625008237.000000,835510969.000000,0.148883,-0.616721,-0.018138,0.017743,0.013694,-0.934845,0.354349,0.115098,0.005910,0.022817,0.032667,-0.179581,-0.429513,
1625008237.000000,840513945.000000,0.148468,-0.617131,-0.018015,0.017529,0.013506,-0.935238,0.353327,0.110267,0.006586,0.021971,0.041953,-0.053657,-0.437193,
1625008237.000000,845516920.000000,0.146131,-0.616238,-0.017856,0.017476,0.013516,-0.935617,0.352324,0.141155,-0.000895,0.026599,0.035118,-0.014609,-0.426403,
1625008237.000000,850519896.000000,0.145587,-0.616715,-0.017760,0.017473,0.013463,-0.935995,0.351321,0.145296,0.000468,0.024954,0.014005,0.006361,-0.435891,
1625008237.000000,855522871.000000,0.145032,-0.617209,-0.017672,0.017489,0.013499,-0.936384,0.350282,0.149377,0.001854,0.023427,-0.012790,0.014968,-0.446688,
1625008237.000000,860526085.000000,0.144492,-0.617725,-0.017614,0.017550,0.013560,-0.936774,0.349232,0.151828,0.005617,0.019196,0.014786,0.071822,-0.449812,
1625008237.000000,865529060.000000,0.143932,-0.618254,-0.017562,0.017748,0.013595,-0.937162,0.348178,0.155138,0.007763,0.016137,0.016261,0.057729,-0.442421,
1625008237.000000,870532036.000000,0.143368,-0.618799,-0.017525,0.017878,0.013653,-0.937545,0.347136,0.158232,0.009915,0.013219,0.004185,0.103249,-0.451848,
1625008237.000000,960586786.000000,0.130507,-0.624588,-0.017568,0.017742,0.012958,-0.944346,0.328220,0.149762,0.001414,0.012695,0.039433,0.061922,-0.447718,
1625008237.000000,965590000.000000,0.129917,-0.625069,-0.017540,0.017909,0.012983,-0.944709,0.327164,0.153917,0.003267,0.011336,-0.010471,0.102583,-0.450691,
1625008237.000000,970593929.000000,0.129362,-0.625549,-0.017529,0.018118,0.013189,-0.945074,0.326086,0.151275,0.006953,0.008280,-0.060863,0.080155,-0.455118,
1625008237.000000,975595951.000000,0.127873,-0.625613,-0.017652,0.018483,0.013358,-0.945418,0.325063,0.152271,0.007852,-0.000299,0.001749,0.075135,-0.455009,
1625008237.000000,980600119.000000,0.127297,-0.626113,-0.017670,0.018667,0.013396,-0.945789,0.323969,0.154042,0.010437,-0.003283,0.004754,0.064020,-0.470907,
1625008237.000000,985602856.000000,0.126746,-0.626514,-0.017565,0.018748,0.013502,-0.946170,0.322845,0.145759,0.004446,0.009103,-0.024753,0.041401,-0.470029,
1625008237.000000,990605831.000000,0.126182,-0.626976,-0.017551,0.018772,0.013625,-0.946541,0.321749,0.144697,0.004358,0.009486,-0.054142,0.003570,-0.459211,
1625008237.000000,995609045.000000,0.125621,-0.627431,-0.017544,0.018703,0.013745,-0.946907,0.320669,0.143578,0.004253,0.008836,0.000573,0.001022,-0.453948,
1625008238.000000,612020.000000,0.125034,-0.627858,-0.017431,0.018722,0.013689,-0.947273,0.319587,0.143070,-0.001239,0.023865,0.035585,-0.010126,-0.462389,
1625008238.000000,5614996.000000,0.124455,-0.628285,-0.017324,0.018741,0.013618,-0.947649,0.318471,0.142096,-0.003486,0.031046,0.067816,0.044268,-0.475270,
1625008238.000000,50642967.000000,0.116958,-0.630526,-0.017986,0.017734,0.012636,-0.950785,0.309085,0.141618,-0.004356,0.015586,0.029333,0.048020,-0.448591,
1625008238.000000,55646181.000000,0.116364,-0.630941,-0.017917,0.017883,0.012589,-0.951127,0.308026,0.146409,-0.002509,0.015744,0.027998,0.047068,-0.438939,
1625008238.000000,60649157.000000,0.115751,-0.631378,-0.017854,0.017997,0.012615,-0.951465,0.306970,0.151516,-0.000641,0.015523,0.019789,0.065767,-0.452702,
1625008238.000000,65652132.000000,0.115192,-0.631795,-0.017852,0.018216,0.012673,-0.951811,0.305882,0.147383,0.002273,0.008229,-0.016827,0.121053,-0.448672,
1625008238.000000,70655107.000000,0.114592,-0.632249,-0.017822,0.018463,0.012864,-0.952142,0.304827,0.149589,0.004489,0.006758,-0.022892,0.098059,-0.440984,
1625008238.000000,75658083.000000,0.112961,-0.631621,-0.018140,0.018872,0.012901,-0.952472,0.303768,0.157399,0.002677,-0.003289,-0.020325,0.035192,-0.452717,
1625008238.000000,80661058.000000,0.112381,-0.631995,-0.018126,0.018908,0.013001,-0.952820,0.302669,0.149410,-0.000262,0.000710,-0.023688,0.036107,-0.470834,
1625008238.000000,85664034.000000,0.111775,-0.632423,-0.018153,0.018966,0.013097,-0.953176,0.301536,0.148684,0.000433,0.000198,-0.012993,0.021704,-0.474111,
1625008238.000000,90667009.000000,0.111169,-0.632851,-0.018179,0.018917,0.013167,-0.953528,0.300421,0.148158,0.001107,0.000137,-0.043688,-0.036755,-0.461272,
1625008238.000000,95669746.000000,0.110539,-0.633262,-0.018122,0.018781,0.013264,-0.953873,0.299330,0.148621,-0.002214,0.011656,-0.016538,-0.011696,-0.460137,
1625008238.000000,145701170.000000,0.102934,-0.632976,-0.018041,0.017759,0.012201,-0.957175,0.288708,0.124093,-0.018307,0.012145,0.019763,-0.086925,-0.442958,
1625008238.000000,150704145.000000,0.102361,-0.633248,-0.018009,0.017709,0.012144,-0.957501,0.287628,0.125974,-0.017109,0.010340,0.020083,0.035382,-0.450688,
1625008238.000000,155706882.000000,0.101743,-0.633573,-0.017979,0.017889,0.012170,-0.957821,0.286549,0.134660,-0.014190,0.009740,0.032536,0.103213,-0.451570,
1625008238.000000,160710096.000000,0.101137,-0.633891,-0.017971,0.018178,0.012196,-0.958138,0.285469,0.138475,-0.012387,0.007565,0.014853,0.125385,-0.438953,
1625008238.000000,165713072.000000,0.100522,-0.634223,-0.017972,0.018453,0.012314,-0.958443,0.284419,0.142047,-0.010580,0.005625,-0.013239,0.111630,-0.445087,
1625008238.000000,170716047.000000,0.099967,-0.634526,-0.017996,0.018680,0.012461,-0.958759,0.283332,0.133747,-0.008606,0.001264,-0.035366,0.109309,-0.451743,
1625008238.000000,175719261.000000,0.099209,-0.633621,-0.017178,0.019215,0.012722,-0.959068,0.282236,0.129276,-0.010546,0.004916,-0.029231,0.031403,-0.451597,
1625008238.000000,180721998.000000,0.098643,-0.633927,-0.017177,0.019182,0.012775,-0.959388,0.281147,0.129153,-0.008682,0.002887,0.001760,-0.014853,-0.456947,
1625008238.000000,185725927.000000,0.098079,-0.634245,-0.017190,0.019158,0.012802,-0.959713,0.280037,0.128977,-0.006792,0.001338,-0.025679,0.009876,-0.470765,
1625008238.000000,190729141.000000,0.097498,-0.634497,-0.017092,0.019146,0.012944,-0.960039,0.278910,0.126430,-0.012254,0.011693,-0.052725,0.013147,-0.461327,
1625008238.000000,235756159.000000,0.091261,-0.637974,-0.016473,0.018767,0.012107,-0.962815,0.269238,0.107286,-0.018019,0.029359,0.038101,-0.174493,-0.431370,
1625008238.000000,240758896.000000,0.090754,-0.638179,-0.016357,0.018437,0.011963,-0.963117,0.268184,0.106004,-0.017346,0.026009,0.028223,-0.110770,-0.443190,
1625008238.000000,245761871.000000,0.089014,-0.638452,-0.016238,0.018085,0.011958,-0.963431,0.267079,0.117880,-0.017327,0.018592,-0.012040,-0.081208,-0.438940,
1625008238.000000,250765085.000000,0.088346,-0.638777,-0.016116,0.017945,0.011981,-0.963726,0.266019,0.133807,-0.014542,0.023371,0.006617,-0.005082,-0.446320,
1625008238.000000,255768061.000000,0.087725,-0.639069,-0.016032,0.018052,0.011945,-0.964024,0.264932,0.138333,-0.013098,0.022938,0.050805,0.079905,-0.448573,
1625008238.000000,260771036.000000,0.087085,-0.639378,-0.015936,0.018312,0.011942,-0.964315,0.263853,0.142957,-0.011641,0.023719,0.009324,0.117013,-0.443164,
1625008238.000000,265774965.000000,0.086479,-0.639690,-0.015884,0.018568,0.012057,-0.964600,0.262787,0.140770,-0.008105,0.017565,-0.006084,0.103228,-0.436805,
1625008238.000000,270777941.000000,0.085848,-0.640021,-0.015831,0.018780,0.012170,-0.964885,0.261718,0.142915,-0.005803,0.014551,-0.036421,0.098759,-0.454790,
1625008238.000000,275780916.000000,0.084843,-0.640543,-0.015774,0.019235,0.012411,-0.965177,0.260596,0.142472,-0.001701,0.004411,-0.032897,0.096806,-0.461378,
1625008238.000000,280784130.000000,0.084245,-0.640816,-0.015691,0.019327,0.012499,-0.965470,0.259496,0.135940,-0.006285,0.010549,-0.010952,-0.030912,-0.448484,
1625008238.000000,325811148.000000,0.077946,-0.642895,-0.014504,0.020042,0.012335,-0.968037,0.249700,0.108077,-0.020709,0.068604,0.036572,-0.146363,-0.413339,
1625008238.000000,330814123.000000,0.077448,-0.643088,-0.014362,0.019540,0.012121,-0.968304,0.248712,0.102219,-0.017146,0.047528,0.044160,-0.251024,-0.409008,
1625008238.000000,335818052.000000,0.076964,-0.643261,-0.014155,0.018949,0.011877,-0.968575,0.247716,0.096838,-0.016480,0.043473,0.045182,-0.238047,-0.419678,
1625008238.000000,340821266.000000,0.076506,-0.643421,-0.013963,0.018498,0.011695,-0.968849,0.246684,0.091394,-0.015836,0.039737,0.016553,-0.120630,-0.435682,
1625008238.000000,345824003.000000,0.075241,-0.642390,-0.014567,0.018218,0.011785,-0.969110,0.245674,0.113522,-0.014671,0.020644,0.004483,-0.024674,-0.428272,
1625008238.000000,350826740.000000,0.074695,-0.642608,-0.014490,0.018165,0.011765,-0.969370,0.244649,0.117854,-0.013273,0.019610,0.016376,-0.028956,-0.422774,
1625008238.000000,355829954.000000,0.074135,-0.642839,-0.014421,0.018141,0.011725,-0.969635,0.243602,0.121856,-0.011859,0.018558,0.029114,0.042392,-0.444107,
1625008238.000000,360832930.000000,0.073579,-0.643082,-0.014388,0.018406,0.011753,-0.969904,0.242506,0.123690,-0.009287,0.013153,0.009045,0.165862,-0.448522,
1625008238.000000,365835905.000000,0.073005,-0.643340,-0.014353,0.018821,0.011893,-0.970161,0.241437,0.126876,-0.007389,0.010817,-0.010385,0.158728,-0.426077,
1625008238.000000,370839119.000000,0.072422,-0.643613,-0.014332,0.019092,0.012003,-0.970409,0.240412,0.129883,-0.005488,0.008277,-0.003900,0.080953,-0.422752,
1625008238.000000,460894108.000000,0.057921,-0.648495,-0.012660,0.018384,0.011586,-0.974966,0.221289,0.138964,-0.005777,0.028568,0.023712,0.051014,-0.438642,
1625008238.000000,465897083.000000,0.057264,-0.648784,-0.012543,0.018638,0.011621,-0.975208,0.220200,0.144009,-0.003984,0.028069,0.002449,0.153221,-0.442095,
1625008238.000000,470900059.000000,0.056636,-0.649065,-0.012438,0.019034,0.011748,-0.975439,0.219130,0.141589,-0.002489,0.026100,-0.001060,0.162960,-0.434461,
1625008238.000000,475903273.000000,0.055400,-0.650584,-0.012942,0.019729,0.011980,-0.975672,0.218017,0.139935,0.004841,0.005593,-0.008202,0.062117,-0.430246,
1625008238.000000,480906963.000000,0.054783,-0.650907,-0.012947,0.019803,0.012076,-0.975907,0.216951,0.140997,0.006530,0.002684,-0.028721,0.046742,-0.448278,
1625008238.000000,485909224.000000,0.054216,-0.651190,-0.012909,0.019914,0.012191,-0.976151,0.215832,0.133728,0.005893,0.006083,-0.016975,0.047434,-0.462288,
1625008238.000000,490912914.000000,0.053628,-0.651495,-0.012914,0.019960,0.012280,-0.976393,0.214725,0.131737,0.006782,0.004580,-0.035915,0.015332,-0.437807,
1625008238.000000,495915890.000000,0.053053,-0.651796,-0.012929,0.019894,0.012399,-0.976622,0.213680,0.129530,0.007643,0.002809,-0.034168,-0.055360,-0.430112,
1625008238.000000,500918865.000000,0.052437,-0.652073,-0.012817,0.019758,0.012438,-0.976859,0.212604,0.131866,0.001935,0.019566,-0.004079,0.013615,-0.453671,
1625008238.000000,505922079.000000,0.051837,-0.652353,-0.012731,0.019954,0.012464,-0.977101,0.211471,0.131593,0.000200,0.025823,0.046859,0.123815,-0.467589,
1625008238.000000,550950050.000000,0.043969,-0.656225,-0.011474,0.018585,0.011460,-0.979131,0.202054,0.128273,0.003977,0.021710,0.021389,-0.050159,-0.433456,
