1625007619.000000,297907352.000000,0.000064,-0.000093,0.000150,0.000936,0.026283,0.000057,0.999654,-0.001263,0.000669,0.008129,0.000262,-0.000944,0.002572,
1625007619.000000,302910328.000000,0.000061,-0.000089,0.000195,0.000933,0.026288,0.000062,0.999654,-0.001250,0.000703,0.008918,-0.008123,-0.005946,0.002547,
1625007619.000000,307912350.000000,0.000060,-0.000087,0.000252,0.000917,0.026266,0.000067,0.999655,-0.000996,0.000498,0.010777,0.005493,0.000088,-0.000613,
1625007619.000000,312916279.000000,0.000057,-0.000085,0.000308,0.000941,0.026286,0.000067,0.999654,-0.001022,0.000437,0.011421,0.001567,0.007784,0.004639,
1625007619.000000,317918539.000000,0.000091,-0.000141,0.000017,0.000914,0.026280,0.000094,0.999654,-0.000431,-0.000467,0.005157,-0.002987,-0.002891,-0.002680,
1625007619.000000,322921515.000000,0.000077,-0.000144,0.000042,0.000914,0.026271,0.000081,0.999654,-0.001753,-0.000534,0.005396,0.000365,0.001245,-0.000731,
1625007619.000000,327924252.000000,0.000071,-0.000147,0.000071,0.000912,0.026271,0.000086,0.999654,-0.001888,-0.000596,0.005872,-0.000768,-0.010208,-0.000551,
1625007619.000000,332928419.000000,0.000064,-0.000150,0.000102,0.000912,0.026245,0.000079,0.999655,-0.002029,-0.000657,0.006317,0.000321,0.003248,-0.000693,
1625007619.000000,337931395.000000,0.000064,-0.000153,0.000138,0.000918,0.026268,0.000084,0.999655,-0.001172,-0.000710,0.007082,0.005620,0.000474,0.001534,
1625007619.000000,342933416.000000,0.000060,-0.000157,0.000175,0.000932,0.026252,0.000085,0.999655,-0.001061,-0.000769,0.007542,0.002496,-0.002017,0.001480,
1625007619.000000,387961149.000000,0.000070,-0.000111,0.000036,0.000933,0.026226,0.000049,0.999656,-0.000852,0.000864,0.006383,-0.008131,-0.060781,-0.001766,
1625007619.000000,392964363.000000,0.000055,-0.000107,0.000070,0.000886,0.025589,0.000032,0.999672,-0.001186,0.000902,0.007191,-0.029477,-0.543740,-0.019704,
1625007619.000000,397967339.000000,0.000071,-0.000103,0.000119,0.000820,0.023806,-0.000119,0.999716,-0.000091,0.000935,0.008700,-0.006245,-0.706428,-0.118643,
1625007619.000000,402969360.000000,0.000433,-0.000193,0.000234,0.000837,0.022420,-0.000591,0.999748,0.041230,-0.009962,0.018622,0.019637,-0.394876,-0.255268,
1625007619.000000,407972097.000000,0.000638,-0.000251,0.000344,0.000906,0.021921,-0.001304,0.999758,0.053033,-0.013498,0.023230,0.060875,0.019035,-0.283341,
1625007619.000000,412975311.000000,0.000934,-0.000328,0.000498,0.001038,0.022326,-0.001976,0.999748,0.066115,-0.016993,0.029205,0.025266,0.230157,-0.259390,
1625007619.000000,417978287.000000,0.002652,-0.000533,0.000266,0.001048,0.022835,-0.002645,0.999735,0.139919,-0.018104,0.009196,0.022362,0.184021,-0.298669,
1625007619.000000,422982216.000000,0.003402,-0.000631,0.000268,0.001124,0.023194,-0.003506,0.999724,0.159579,-0.019439,0.006075,0.042021,0.123925,-0.391539,
1625007619.000000,427984476.000000,0.004252,-0.000738,0.000251,0.001194,0.023604,-0.004567,0.999710,0.179513,-0.020633,0.003219,0.032282,0.236032,-0.441838,
1625007619.000000,432987213.000000,0.004847,-0.000812,0.000383,0.001270,0.024330,-0.005647,0.999687,0.161087,-0.017668,0.016519,0.056642,0.311127,-0.406677,
1625007619.000000,483018398.000000,0.007973,-0.002209,-0.000853,0.001406,0.025504,-0.015620,0.999552,0.114939,-0.025794,-0.017648,-0.019608,0.082070,-0.449897,
1625007619.000000,488020182.000000,0.008544,-0.002356,-0.000979,0.001319,0.025678,-0.016742,0.999529,0.117577,-0.025591,-0.020032,-0.019949,0.084490,-0.452946,
1625007619.000000,493024349.000000,0.009036,-0.002476,-0.001065,0.001240,0.025842,-0.017862,0.999506,0.109281,-0.022459,-0.016831,-0.031401,0.000805,-0.435014,
1625007619.000000,498026371.000000,0.009575,-0.002605,-0.001175,0.001112,0.025688,-0.018924,0.999490,0.108716,-0.021303,-0.017024,-0.038056,-0.093505,-0.426237,
1625007619.000000,503030539.000000,0.010108,-0.002730,-0.001290,0.001014,0.025563,-0.020004,0.999473,0.107826,-0.020147,-0.017669,-0.014527,0.028219,-0.438103,
1625007619.000000,508032560.000000,0.010634,-0.002849,-0.001402,0.001012,0.025718,-0.021104,0.999446,0.106802,-0.018996,-0.017847,0.040771,0.031755,-0.439183,
1625007619.000000,513035297.000000,0.011221,-0.003042,-0.001278,0.001134,0.025803,-0.022203,0.999420,0.112269,-0.026607,0.009387,0.063464,0.105112,-0.438072,
1625007619.000000,518038273.000000,0.013278,-0.003136,0.000173,0.001332,0.026454,-0.023422,0.999375,0.130531,-0.029106,0.052961,0.083359,0.169197,-0.443641,
1625007619.000000,523041487.000000,0.013941,-0.003319,0.000434,0.001525,0.026858,-0.024536,0.999337,0.131412,-0.030804,0.063452,0.073039,0.174612,-0.441559,
1625007619.000000,528045416.000000,0.014425,-0.003420,0.000474,0.001631,0.027203,-0.025616,0.999300,0.114574,-0.024285,0.045379,0.030196,0.048509,-0.414957,
1625007619.000000,578155279.000000,0.023077,-0.004545,0.000489,0.001742,0.025993,-0.036427,0.998997,0.157439,-0.018932,0.010459,-0.028341,0.155605,-0.434319,
1625007619.000000,583157301.000000,0.024648,-0.004750,-0.000240,0.001732,0.026712,-0.037606,0.998934,0.175439,-0.015545,-0.009605,-0.041965,0.118279,-0.432406,
1625007619.000000,588160276.000000,0.025434,-0.004857,-0.000250,0.001617,0.026913,-0.038686,0.998888,0.168430,-0.011157,-0.002813,-0.016683,0.070645,-0.437670,
1625007619.000000,593163013.000000,0.026269,-0.004973,-0.000321,0.001579,0.027060,-0.039800,0.998840,0.168874,-0.008872,-0.003897,-0.009852,0.023721,-0.455806,
1625007619.000000,598167181.000000,0.027110,-0.005079,-0.000392,0.001493,0.027106,-0.040946,0.998793,0.169553,-0.006574,-0.004602,-0.030385,0.049350,-0.455910,
1625007619.000000,603170156.000000,0.027937,-0.005222,-0.000388,0.001375,0.027225,-0.042062,0.998743,0.167948,-0.010932,0.005890,-0.045197,-0.008683,-0.439844,
1625007619.000000,608172178.000000,0.028769,-0.005349,-0.000398,0.001265,0.027144,-0.043164,0.998698,0.167791,-0.011314,0.010246,0.004539,0.000324,-0.452512,
1625007619.000000,613175392.000000,0.029601,-0.005480,-0.000382,0.001346,0.027288,-0.044325,0.998644,0.167669,-0.011675,0.014748,0.069946,0.097827,-0.469741,
1625007619.000000,618178129.000000,0.029410,-0.005734,-0.000603,0.001596,0.027210,-0.045584,0.998589,0.142676,-0.021397,0.033110,0.096484,0.067303,-0.455013,
1625007619.000000,623181105.000000,0.030120,-0.005912,-0.000451,0.001833,0.027379,-0.046712,0.998532,0.140575,-0.023515,0.041900,0.112356,0.120230,-0.448450,
1625007619.000000,668208361.000000,0.035296,-0.007187,-0.000468,0.002029,0.026240,-0.056361,0.998064,0.136246,-0.022537,0.005079,0.049827,0.041513,-0.436865,
1625007619.000000,673211098.000000,0.035968,-0.007378,-0.000483,0.002083,0.026375,-0.057459,0.997997,0.139278,-0.022607,0.003616,0.007021,0.065896,-0.429710,
1625007619.000000,678214312.000000,0.036653,-0.007572,-0.000506,0.002031,0.026600,-0.058515,0.997930,0.142169,-0.022678,0.002114,-0.032494,0.121830,-0.428316,
1625007619.000000,683218241.000000,0.037924,-0.008037,-0.000691,0.001933,0.027043,-0.059659,0.997851,0.152649,-0.016223,-0.001660,-0.032516,0.129644,-0.429762,
1625007619.000000,688221455.000000,0.038678,-0.008203,-0.000751,0.001858,0.027316,-0.060734,0.997778,0.154536,-0.013102,-0.004663,-0.020617,0.090048,-0.439213,
1625007619.000000,693224430.000000,0.039443,-0.008355,-0.000826,0.001793,0.027444,-0.061843,0.997707,0.156438,-0.009960,-0.007669,-0.011113,-0.012321,-0.445752,
1625007619.000000,698227167.000000,0.040187,-0.008528,-0.000867,0.001724,0.027386,-0.062966,0.997638,0.154136,-0.012027,-0.003395,-0.024809,0.018381,-0.461567,
1625007619.000000,703229189.000000,0.040943,-0.008683,-0.000928,0.001599,0.027509,-0.064122,0.997562,0.153899,-0.010960,-0.003319,-0.053714,0.027239,-0.456490,
1625007619.000000,708232164.000000,0.041697,-0.008834,-0.000988,0.001469,0.027505,-0.065231,0.997490,0.153654,-0.009903,-0.003889,-0.004986,-0.015047,-0.440283,
1625007619.000000,713235140.000000,0.042449,-0.009051,-0.000874,0.001530,0.027518,-0.066352,0.997416,0.153346,-0.018812,0.021144,0.068924,0.041225,-0.462625,
1625007619.000000,763265133.000000,0.048007,-0.011338,-0.001077,0.002116,0.025937,-0.077225,0.996674,0.136767,-0.031415,0.003521,0.055042,-0.026609,-0.425594,
1625007619.000000,768268108.000000,0.048674,-0.011602,-0.001111,0.002252,0.025993,-0.078317,0.996587,0.143029,-0.031433,0.000727,0.055238,0.091094,-0.448066,
1625007619.000000,773271322.000000,0.049377,-0.011873,-0.001149,0.002317,0.026364,-0.079434,0.996489,0.149729,-0.031409,-0.001090,-0.008840,0.196292,-0.437557,
1625007619.000000,778275251.000000,0.050070,-0.012065,-0.001213,0.002241,0.026828,-0.080486,0.996392,0.149183,-0.020237,-0.005889,-0.047411,0.128895,-0.411809,
1625007619.000000,783277035.000000,0.051375,-0.011529,-0.000806,0.002163,0.027520,-0.081657,0.996278,0.153541,0.001285,-0.003382,-0.025997,0.042070,-0.423550,
1625007619.000000,788280249.000000,0.052139,-0.011638,-0.000877,0.002124,0.027617,-0.082750,0.996185,0.155779,0.005803,-0.008103,0.011419,0.041211,-0.452456,
1625007619.000000,793284178.000000,0.052844,-0.011816,-0.000827,0.002131,0.027751,-0.083899,0.996086,0.151049,-0.000519,0.003013,-0.002259,0.068827,-0.465262,
1625007619.000000,798287392.000000,0.053586,-0.011943,-0.000851,0.002063,0.027905,-0.085038,0.995985,0.150716,0.000560,0.003615,-0.031287,0.028907,-0.442954,
1625007619.000000,803290367.000000,0.054325,-0.012065,-0.000871,0.001923,0.027930,-0.086119,0.995891,0.150156,0.001617,0.004195,-0.062021,0.000800,-0.438433,
1625007619.000000,808292150.000000,0.055050,-0.012239,-0.000795,0.001761,0.027977,-0.087231,0.995794,0.148313,-0.005397,0.017430,-0.021954,0.027536,-0.454596,
1625007619.000000,898346186.000000,0.066746,-0.017134,-0.001602,0.002454,0.027662,-0.106880,0.993884,0.150886,-0.010450,-0.005766,-0.019368,0.008960,-0.463552,
1625007619.000000,903349161.000000,0.067466,-0.017379,-0.001636,0.002365,0.027694,-0.108025,0.993760,0.151425,-0.014273,-0.001890,-0.022700,0.049128,-0.461294,
1625007619.000000,908352137.000000,0.068189,-0.017614,-0.001686,0.002288,0.027854,-0.109160,0.993631,0.151805,-0.014973,-0.001640,-0.034238,0.020775,-0.448615,
1625007619.000000,913355350.000000,0.068911,-0.017854,-0.001740,0.002195,0.027874,-0.110260,0.993509,0.152079,-0.015684,-0.001918,0.001612,0.038384,-0.444199,
1625007619.000000,918358088.000000,0.068867,-0.018311,-0.001900,0.002340,0.027671,-0.111394,0.993388,0.134215,-0.031079,0.027658,0.086023,0.051254,-0.458177,
1625007619.000000,923362255.000000,0.069486,-0.018620,-0.001781,0.002573,0.027730,-0.112545,0.993256,0.132363,-0.034466,0.037156,0.101199,0.028428,-0.457209,
1625007619.000000,928364277.000000,0.070094,-0.018946,-0.001609,0.002781,0.027882,-0.113684,0.993122,0.130450,-0.037861,0.047157,0.079567,0.142562,-0.461315,
1625007619.000000,933368206.000000,0.070618,-0.019188,-0.001605,0.002949,0.028239,-0.114813,0.992981,0.117484,-0.029639,0.026114,0.038200,0.082584,-0.430697,
1625007619.000000,938371420.000000,0.071148,-0.019462,-0.001513,0.002982,0.028208,-0.115833,0.992864,0.111702,-0.028466,0.024274,0.029355,-0.077693,-0.399465,
1625007619.000000,943373203.000000,0.071650,-0.019725,-0.001427,0.002996,0.027822,-0.116826,0.992758,0.105762,-0.027324,0.022393,0.031818,-0.250683,-0.398534,
1625007619.000000,993404388.000000,0.078700,-0.022247,-0.001255,0.002884,0.027616,-0.127602,0.991437,0.157096,-0.010165,0.000527,-0.022589,0.005270,-0.450916,
1625007619.000000,998406172.000000,0.079386,-0.022522,-0.001247,0.002812,0.027623,-0.128735,0.991290,0.153323,-0.012917,0.003732,-0.014984,0.019685,-0.463699,
1625007620.000000,3410339.000000,0.080110,-0.022780,-0.001272,0.002753,0.027770,-0.129887,0.991136,0.153678,-0.012350,0.003124,-0.021435,0.088925,-0.462699,
1625007620.000000,8413315.000000,0.080839,-0.023038,-0.001302,0.002691,0.027974,-0.131014,0.990982,0.154220,-0.011785,0.002469,-0.021472,0.033218,-0.447738,
1625007620.000000,13416290.000000,0.081543,-0.023329,-0.001216,0.002641,0.028001,-0.132113,0.990836,0.151332,-0.016912,0.017983,0.011471,0.021617,-0.442351,
1625007620.000000,18418312.000000,0.081953,-0.023640,-0.002049,0.002722,0.027632,-0.133238,0.990695,0.140982,-0.023482,0.025246,0.044670,0.032049,-0.458418,
1625007620.000000,23422241.000000,0.082605,-0.023946,-0.001947,0.002858,0.027711,-0.134393,0.990536,0.139851,-0.025240,0.031216,0.087097,0.065415,-0.465981,
1625007620.000000,28424025.000000,0.083187,-0.024260,-0.001816,0.003073,0.027827,-0.135542,0.990376,0.132064,-0.028731,0.036840,0.076824,0.010121,-0.455287,
1625007620.000000,33428192.000000,0.083785,-0.024582,-0.001645,0.003204,0.027792,-0.136652,0.990224,0.128737,-0.031079,0.043598,0.072046,0.026846,-0.435046,
1625007620.000000,38431168.000000,0.084363,-0.024913,-0.001435,0.003358,0.027877,-0.137719,0.990073,0.125226,-0.033450,0.050648,0.045922,0.010235,-0.428562,
1625007620.000000,78455210.000000,0.089123,-0.026784,-0.002107,0.003393,0.026686,-0.146163,0.988895,0.141496,-0.011868,-0.003982,-0.005519,0.119831,-0.433886,
1625007620.000000,83458185.000000,0.090207,-0.027380,-0.001813,0.003403,0.027117,-0.147298,0.988715,0.159516,-0.012227,-0.000795,-0.017083,0.067776,-0.429832,
1625007620.000000,88461161.000000,0.090958,-0.027669,-0.001873,0.003354,0.027260,-0.148370,0.988550,0.163946,-0.010494,-0.004348,-0.011783,0.055874,-0.447793,
1625007620.000000,93464136.000000,0.091575,-0.027918,-0.001859,0.003311,0.027420,-0.149497,0.988376,0.151947,-0.009526,0.000380,-0.023341,0.061450,-0.456550,
1625007620.000000,98467350.000000,0.092287,-0.028185,-0.001897,0.003231,0.027557,-0.150609,0.988204,0.151882,-0.008007,-0.000215,-0.020393,0.031795,-0.445765,
1625007620.000000,103470325.000000,0.092998,-0.028446,-0.001938,0.003163,0.027600,-0.151708,0.988035,0.151651,-0.006495,-0.000780,-0.022257,-0.002224,-0.447865,
1625007620.000000,108472109.000000,0.093699,-0.028739,-0.001949,0.003054,0.027621,-0.152829,0.987862,0.151110,-0.010646,0.003518,-0.038394,0.021978,-0.461740,
1625007620.000000,113476276.000000,0.093942,-0.028943,-0.002646,0.003029,0.027387,-0.153959,0.987693,0.145129,-0.015150,-0.000231,0.011435,0.027711,-0.455465,
1625007620.000000,118479252.000000,0.094608,-0.029238,-0.002679,0.003116,0.027413,-0.155073,0.987518,0.145131,-0.015947,0.000926,0.066189,0.007364,-0.448934,
1625007620.000000,123481274.000000,0.095212,-0.029586,-0.002414,0.003273,0.027475,-0.156199,0.987338,0.138930,-0.023475,0.032992,0.069291,0.089631,-0.460680,
1625007620.000000,168508291.000000,0.099338,-0.032729,-0.001467,0.003749,0.026146,-0.165672,0.985827,0.125273,-0.023217,0.014338,0.039472,-0.003182,-0.425531,
1625007620.000000,173511982.000000,0.099906,-0.033047,-0.001430,0.003833,0.026205,-0.166718,0.985649,0.130181,-0.022620,0.013932,0.040469,0.056286,-0.422338,
1625007620.000000,178515196.000000,0.100498,-0.033372,-0.001395,0.003905,0.026427,-0.167772,0.985464,0.134950,-0.022002,0.013932,-0.003029,0.139724,-0.436146,
1625007620.000000,183518171.000000,0.100682,-0.034104,-0.001613,0.003914,0.026807,-0.168889,0.985263,0.131822,-0.022379,0.008054,-0.037449,0.125522,-0.433108,
1625007620.000000,188520908.000000,0.101281,-0.034429,-0.001604,0.003844,0.027007,-0.169948,0.985075,0.133945,-0.019875,0.006058,-0.011862,0.027495,-0.435060,
1625007620.000000,193524122.000000,0.101887,-0.034744,-0.001603,0.003820,0.027041,-0.171039,0.984886,0.135763,-0.017354,0.004121,0.003313,0.017708,-0.449015,
1625007620.000000,198527098.000000,0.102456,-0.035078,-0.001575,0.003795,0.027140,-0.172151,0.984689,0.132581,-0.020779,0.008652,-0.013836,0.054083,-0.452219,
1625007620.000000,203530073.000000,0.103047,-0.035402,-0.001569,0.003727,0.027252,-0.173252,0.984493,0.132363,-0.020641,0.009022,-0.027746,0.004562,-0.440515,
1625007620.000000,208533287.000000,0.103638,-0.035727,-0.001561,0.003613,0.027231,-0.174335,0.984303,0.131986,-0.020510,0.009340,-0.035165,-0.007785,-0.448885,
1625007620.000000,213536263.000000,0.105289,-0.036062,-0.002938,0.003480,0.027135,-0.175452,0.984108,0.140076,-0.017644,-0.007777,-0.045847,-0.012505,-0.450171,
1625007620.000000,273572206.000000,0.111679,-0.040463,-0.002990,0.004305,0.026221,-0.188310,0.981750,0.135354,-0.022213,-0.000194,0.026720,0.042731,-0.444906,
1625007620.000000,278575182.000000,0.112299,-0.040802,-0.003075,0.004314,0.026340,-0.189377,0.981542,0.141216,-0.017940,-0.007648,-0.007599,0.066582,-0.428707,
1625007620.000000,283578396.000000,0.113131,-0.041272,-0.002580,0.004202,0.026694,-0.190458,0.981323,0.145480,-0.014524,-0.005133,-0.032967,0.099653,-0.438272,
1625007620.000000,288581371.000000,0.113786,-0.041608,-0.002657,0.004145,0.026955,-0.191535,0.981107,0.148540,-0.012308,-0.009479,-0.010898,0.092196,-0.434187,
1625007620.000000,293584347.000000,0.114388,-0.041968,-0.002650,0.004167,0.027113,-0.192596,0.980895,0.144831,-0.015902,-0.001922,0.017188,0.023467,-0.438224,
1625007620.000000,298587322.000000,0.115028,-0.042315,-0.002705,0.004166,0.027137,-0.193693,0.980678,0.145522,-0.015608,-0.002758,-0.003130,0.028127,-0.452236,
1625007620.000000,303590298.000000,0.115671,-0.042664,-0.002759,0.004102,0.027278,-0.194809,0.980453,0.146300,-0.015303,-0.003238,-0.045773,0.057407,-0.460696,
1625007620.000000,308593273.000000,0.116296,-0.043007,-0.002783,0.003958,0.027406,-0.195925,0.980228,0.143935,-0.015212,0.000060,-0.049184,0.013858,-0.444839,
1625007620.000000,313596249.000000,0.116929,-0.043353,-0.002820,0.003820,0.027362,-0.197000,0.980014,0.143807,-0.015005,0.000743,-0.031906,-0.076184,-0.443525,
1625007620.000000,318599463.000000,0.118055,-0.043362,-0.003180,0.003799,0.026923,-0.198081,0.979808,0.141441,-0.010049,0.003772,0.023243,-0.026045,-0.456429,
1625007620.000000,363626242.000000,0.122630,-0.046911,-0.002434,0.004551,0.026316,-0.207837,0.977799,0.121084,-0.018408,0.016419,0.038140,-0.066007,-0.428711,
1625007620.000000,368629217.000000,0.123149,-0.047240,-0.002375,0.004615,0.026192,-0.208889,0.977578,0.121032,-0.017150,0.016244,0.034306,-0.046196,-0.431873,
1625007620.000000,373632193.000000,0.123728,-0.047586,-0.002312,0.004634,0.026126,-0.209957,0.977350,0.129560,-0.015374,0.017454,0.029531,0.035515,-0.439402,
1625007620.000000,378635168.000000,0.124299,-0.047925,-0.002259,0.004706,0.026301,-0.211033,0.977114,0.132965,-0.013876,0.016801,0.002319,0.073699,-0.439392,
1625007620.000000,383638144.000000,0.124758,-0.048500,-0.002683,0.004647,0.026619,-0.212155,0.976862,0.147757,-0.015186,-0.002538,-0.018361,0.032769,-0.430903,
1625007620.000000,388641119.000000,0.125366,-0.048856,-0.002744,0.004597,0.026721,-0.213209,0.976630,0.146458,-0.013437,-0.005303,-0.020217,0.063130,-0.439306,
1625007620.000000,393644333.000000,0.126006,-0.049220,-0.002814,0.004571,0.026930,-0.214294,0.976387,0.148470,-0.011798,-0.007421,-0.002323,0.075408,-0.445863,
1625007620.000000,398647308.000000,0.126657,-0.049582,-0.002893,0.004592,0.027078,-0.215387,0.976143,0.150475,-0.010148,-0.009445,0.007535,0.050649,-0.453183,
1625007620.000000,403650045.000000,0.127273,-0.049943,-0.002961,0.004574,0.027197,-0.216501,0.975893,0.146564,-0.011352,-0.008372,-0.020241,0.040152,-0.456499,
1625007620.000000,408653259.000000,0.127910,-0.050303,-0.003046,0.004467,0.027297,-0.217607,0.975644,0.146384,-0.010839,-0.009336,-0.054385,0.017943,-0.453226,
1625007620.000000,468689203.000000,0.133455,-0.055342,-0.002282,0.005016,0.025931,-0.230532,0.972706,0.122381,-0.022320,0.024504,0.025063,-0.011374,-0.433039,
1625007620.000000,473692417.000000,0.133970,-0.055722,-0.002192,0.005067,0.025897,-0.231579,0.972458,0.127607,-0.021100,0.024288,0.021510,0.018638,-0.438111,
1625007620.000000,478695393.000000,0.134510,-0.056110,-0.002106,0.005077,0.026010,-0.232670,0.972195,0.132837,-0.019850,0.024073,0.001843,0.055210,-0.452236,
1625007620.000000,483698368.000000,0.136023,-0.056694,-0.002541,0.004962,0.026166,-0.233767,0.971928,0.153336,-0.014499,0.005958,-0.010715,0.070641,-0.434063,
1625007620.000000,488701344.000000,0.136681,-0.057109,-0.002559,0.004946,0.026351,-0.234810,0.971672,0.157241,-0.013187,0.003708,-0.005544,0.055092,-0.433881,
1625007620.000000,493704081.000000,0.137360,-0.057529,-0.002588,0.004965,0.026484,-0.235883,0.971408,0.161216,-0.011843,0.001534,0.018000,0.073638,-0.446820,
1625007620.000000,498707056.000000,0.137891,-0.057885,-0.002566,0.005003,0.026716,-0.236985,0.971133,0.152219,-0.011604,0.003008,-0.026467,0.101669,-0.464842,
1625007620.000000,503710270.000000,0.138535,-0.058283,-0.002568,0.004905,0.026936,-0.238120,0.970850,0.152851,-0.010490,0.003229,-0.045152,0.036045,-0.465002,
1625007620.000000,508713245.000000,0.139189,-0.058681,-0.002584,0.004780,0.026961,-0.239231,0.970577,0.153766,-0.009374,0.002692,-0.041502,-0.024760,-0.455261,
1625007620.000000,513715982.000000,0.139809,-0.059094,-0.002540,0.004639,0.026921,-0.240334,0.970306,0.150001,-0.012979,0.010403,-0.023706,-0.024659,-0.456357,
1625007620.000000,608537912.000000,0.151036,-0.067358,-0.003416,0.005094,0.026728,-0.260913,0.964979,0.155271,-0.007043,0.002664,-0.035446,0.018425,-0.466030,
1625007620.000000,613540888.000000,0.150972,-0.067827,-0.004386,0.005048,0.026564,-0.262038,0.964679,0.144540,-0.012526,-0.013707,-0.047916,-0.028484,-0.462847,
1625007620.000000,618543625.000000,0.151559,-0.068244,-0.004499,0.004878,0.026491,-0.263146,0.964380,0.144100,-0.012079,-0.015595,-0.023850,-0.025138,-0.456475,
1625007620.000000,623546839.000000,0.152124,-0.068737,-0.004319,0.004854,0.026438,-0.264248,0.964080,0.144406,-0.020548,0.016690,0.036122,-0.053792,-0.459605,
1625007620.000000,628549814.000000,0.152695,-0.069202,-0.004251,0.004945,0.026319,-0.265380,0.963772,0.144328,-0.022998,0.025987,0.085044,0.048588,-0.477741,
1625007620.000000,633552790.000000,0.153263,-0.069682,-0.004128,0.005226,0.026594,-0.266543,0.963442,0.144491,-0.025426,0.036095,0.084188,0.187737,-0.476793,
1625007620.000000,638556004.000000,0.153786,-0.070111,-0.004076,0.005509,0.026978,-0.267667,0.963118,0.136381,-0.022910,0.028511,0.091243,0.147259,-0.452219,
1625007620.000000,643558741.000000,0.154309,-0.070562,-0.003962,0.005752,0.027151,-0.268726,0.962817,0.133106,-0.023410,0.030530,0.061916,0.035781,-0.422379,
1625007620.000000,648561716.000000,0.154175,-0.071116,-0.003982,0.005858,0.027080,-0.269701,0.962545,0.119219,-0.027732,0.028633,0.037937,-0.133442,-0.421183,
1625007620.000000,653564692.000000,0.154645,-0.071513,-0.004010,0.005773,0.026573,-0.270740,0.962268,0.117845,-0.022896,0.013627,0.021237,-0.241270,-0.435177,
1625007620.000000,693588734.000000,0.159312,-0.075388,-0.004027,0.005580,0.026185,-0.279415,0.959797,0.152286,-0.010101,-0.004258,-0.002597,0.088563,-0.455430,
1625007620.000000,698591471.000000,0.159933,-0.075837,-0.004093,0.005617,0.026388,-0.280501,0.959475,0.154124,-0.007798,-0.006402,-0.014740,0.070627,-0.445917,
1625007620.000000,703594685.000000,0.160535,-0.076297,-0.004116,0.005556,0.026573,-0.281583,0.959153,0.152879,-0.009770,-0.001404,-0.033410,0.069341,-0.471245,
1625007620.000000,708597660.000000,0.161148,-0.076749,-0.004165,0.005479,0.026705,-0.282727,0.958813,0.152745,-0.009160,-0.001507,-0.038391,-0.014817,-0.465304,
1625007620.000000,713600636.000000,0.161456,-0.077108,-0.004780,0.005305,0.026431,-0.283787,0.958508,0.146453,-0.011485,-0.012746,-0.063984,-0.068591,-0.469122,
1625007620.000000,718603849.000000,0.161979,-0.077587,-0.004669,0.005102,0.026344,-0.284920,0.958176,0.142457,-0.017717,0.008472,-0.021800,-0.038564,-0.465246,
1625007620.000000,723606586.000000,0.162527,-0.078056,-0.004653,0.005106,0.026295,-0.286022,0.957849,0.141749,-0.019311,0.013572,0.052137,0.006975,-0.462790,
1625007620.000000,728609562.000000,0.163067,-0.078531,-0.004607,0.005276,0.026337,-0.287149,0.957509,0.140937,-0.020900,0.019168,0.089348,0.069464,-0.469397,
1625007620.000000,733612776.000000,0.163588,-0.079018,-0.004490,0.005553,0.026524,-0.288275,0.957164,0.138999,-0.024118,0.031206,0.100009,0.139409,-0.468236,
1625007620.000000,738615751.000000,0.164102,-0.079510,-0.004351,0.005835,0.026833,-0.289385,0.956819,0.137442,-0.026365,0.039072,0.058566,0.146020,-0.450237,
1625007620.000000,793648720.000000,0.169559,-0.084999,-0.004159,0.005860,0.026380,-0.300975,0.953249,0.152885,-0.006358,-0.006251,-0.006363,0.077074,-0.445863,
1625007620.000000,798651934.000000,0.170061,-0.085442,-0.004098,0.005833,0.026494,-0.302044,0.952908,0.144499,-0.008634,0.003691,-0.017157,0.000645,-0.451183,
1625007620.000000,803654909.000000,0.170628,-0.085892,-0.004118,0.005739,0.026488,-0.303131,0.952563,0.144153,-0.007454,0.003807,-0.028854,-0.001890,-0.464981,
1625007620.000000,808657646.000000,0.171198,-0.086339,-0.004135,0.005630,0.026569,-0.304246,0.952206,0.143936,-0.006263,0.004077,-0.051193,0.030358,-0.468291,
1625007620.000000,813660622.000000,0.171609,-0.086947,-0.005110,0.005538,0.026326,-0.305322,0.951869,0.141831,-0.013712,-0.005268,-0.043884,-0.055103,-0.455475,
1625007620.000000,818663597.000000,0.172144,-0.087415,-0.005175,0.005379,0.026143,-0.306400,0.951528,0.141277,-0.013886,-0.005251,-0.007524,-0.081441,-0.455392,
1625007620.000000,823666573.000000,0.172673,-0.087883,-0.005238,0.005355,0.026072,-0.307501,0.951176,0.140630,-0.014062,-0.005190,0.031874,0.037512,-0.469295,
1625007620.000000,828669786.000000,0.173169,-0.088423,-0.004977,0.005516,0.026250,-0.308625,0.950805,0.140295,-0.022583,0.029794,0.070243,0.119549,-0.469365,
1625007620.000000,833672523.000000,0.173672,-0.088936,-0.004838,0.005786,0.026492,-0.309724,0.950440,0.139647,-0.025365,0.040785,0.097942,0.128864,-0.449099,
1625007620.000000,838675499.000000,0.174164,-0.089460,-0.004638,0.006087,0.026731,-0.310778,0.950087,0.138859,-0.028154,0.052306,0.085276,0.130883,-0.439407,
1625007620.000000,883702755.000000,0.178297,-0.093857,-0.004468,0.006069,0.025692,-0.320163,0.946995,0.158812,-0.011960,0.008880,-0.015020,0.138619,-0.438533,
1625007620.000000,888705492.000000,0.178800,-0.094310,-0.004463,0.006105,0.025959,-0.321181,0.946642,0.149294,-0.009998,0.006967,-0.002144,0.085144,-0.428838,
1625007620.000000,893708706.000000,0.179369,-0.094804,-0.004481,0.006115,0.026131,-0.322211,0.946287,0.150489,-0.008117,0.004238,-0.020083,0.048242,-0.445896,
1625007620.000000,898711681.000000,0.179949,-0.095296,-0.004516,0.006056,0.026289,-0.323279,0.945919,0.151816,-0.006214,0.001438,-0.031012,0.081789,-0.452427,
1625007620.000000,903714657.000000,0.180538,-0.095785,-0.004557,0.006026,0.026455,-0.324348,0.945549,0.153058,-0.004307,-0.000831,-0.008542,-0.013522,-0.457610,
1625007620.000000,908717871.000000,0.181079,-0.096282,-0.004557,0.005931,0.026374,-0.325441,0.945176,0.149646,-0.007515,0.001925,-0.032791,0.006913,-0.464099,
1625007620.000000,913720608.000000,0.181277,-0.096838,-0.005472,0.005808,0.026210,-0.326528,0.944806,0.139769,-0.012999,-0.002735,-0.058674,0.010827,-0.466241,
1625007620.000000,918723583.000000,0.181786,-0.097320,-0.005525,0.005639,0.026214,-0.327618,0.944430,0.139435,-0.012855,-0.002600,-0.041541,-0.028221,-0.455653,
1625007620.000000,923726797.000000,0.182256,-0.097859,-0.005332,0.005577,0.026191,-0.328680,0.944062,0.138393,-0.019800,0.022239,0.039252,0.001675,-0.447025,
1625007620.000000,928729773.000000,0.182738,-0.098374,-0.005244,0.005762,0.026219,-0.329754,0.943685,0.137962,-0.021795,0.029119,0.100398,0.083119,-0.462992,
1625007620.000000,978759527.000000,0.186631,-0.103215,-0.004726,0.006222,0.025036,-0.339903,0.940107,0.130085,-0.016640,0.020149,0.013958,0.073687,-0.446023,
1625007620.000000,983762741.000000,0.187745,-0.104208,-0.005231,0.006174,0.025446,-0.341006,0.939696,0.149509,-0.010948,0.001928,-0.019146,0.197462,-0.445028,
1625007620.000000,988765717.000000,0.188290,-0.104729,-0.005258,0.006259,0.025930,-0.342027,0.939312,0.152828,-0.008477,-0.001023,-0.018156,0.126422,-0.423735,
1625007620.000000,993768454.000000,0.188849,-0.105248,-0.005310,0.006277,0.026117,-0.343011,0.938947,0.155810,-0.006001,-0.004453,0.002196,0.070805,-0.424619,
1625007620.000000,998771429.000000,0.189354,-0.105743,-0.005334,0.006313,0.026304,-0.344033,0.938568,0.147717,-0.007599,-0.000895,-0.013639,0.053920,-0.445001,
1625007621.000000,3774643.000000,0.189891,-0.106247,-0.005381,0.006237,0.026387,-0.345092,0.938177,0.146553,-0.006738,-0.001357,-0.036234,0.001470,-0.458851,
1625007621.000000,8778572.000000,0.190424,-0.106743,-0.005428,0.006110,0.026397,-0.346165,0.937783,0.145520,-0.005875,-0.001951,-0.035118,-0.028005,-0.451453,
1625007621.000000,13780594.000000,0.190691,-0.107331,-0.006287,0.006074,0.026115,-0.347222,0.937400,0.142775,-0.009170,-0.012925,-0.044567,-0.002538,-0.456638,
1625007621.000000,18783808.000000,0.191169,-0.107842,-0.006322,0.005943,0.026180,-0.348298,0.936999,0.141168,-0.011477,-0.007592,-0.040451,0.012389,-0.456832,
1625007621.000000,23786545.000000,0.191661,-0.108344,-0.006396,0.005862,0.026227,-0.349351,0.936607,0.140568,-0.011551,-0.006537,-0.005269,-0.000327,-0.444997,
1625007621.000000,68852901.000000,0.195457,-0.113326,-0.005633,0.006394,0.025191,-0.358393,0.933209,0.124239,-0.016753,0.014420,0.037077,-0.096988,-0.433269,
1625007621.000000,73855877.000000,0.195870,-0.113807,-0.005582,0.006437,0.025061,-0.359425,0.932815,0.124639,-0.015655,0.013995,0.030287,0.010261,-0.443014,
1625007621.000000,78858852.000000,0.196351,-0.114334,-0.005547,0.006460,0.025127,-0.360453,0.932416,0.136691,-0.013333,0.012595,0.003124,0.025347,-0.437632,
1625007621.000000,83861828.000000,0.197041,-0.114893,-0.006071,0.006343,0.025349,-0.361506,0.932004,0.150360,-0.009966,-0.002192,0.003306,0.093362,-0.436496,
1625007621.000000,88865042.000000,0.197572,-0.115442,-0.006128,0.006435,0.025677,-0.362529,0.931596,0.154913,-0.008279,-0.005594,-0.016719,0.149352,-0.442943,
1625007621.000000,93868971.000000,0.198040,-0.115934,-0.006132,0.006496,0.026056,-0.363544,0.931190,0.147030,-0.007570,-0.001315,-0.009612,0.164664,-0.424920,
1625007621.000000,98872185.000000,0.198559,-0.116462,-0.006186,0.006567,0.026330,-0.364518,0.930801,0.147977,-0.006217,-0.002911,-0.009212,0.003599,-0.422564,
1625007621.000000,103874922.000000,0.199081,-0.116985,-0.006247,0.006459,0.026248,-0.365533,0.930406,0.148470,-0.004851,-0.004510,-0.015905,-0.006950,-0.451433,
1625007621.000000,108877897.000000,0.199587,-0.117500,-0.006320,0.006404,0.026362,-0.366605,0.929981,0.146481,-0.005103,-0.006329,-0.046492,0.023668,-0.467507,
1625007621.000000,113880873.000000,0.199608,-0.118093,-0.006645,0.006398,0.026180,-0.367645,0.929576,0.140938,-0.009391,-0.007988,-0.036205,-0.029027,-0.451520,
1625007621.000000,173916817.000000,0.204795,-0.124525,-0.006887,0.006660,0.025065,-0.379691,0.924750,0.128557,-0.013576,0.001717,0.035742,-0.071188,-0.439747,
1625007621.000000,178920031.000000,0.205213,-0.125031,-0.006911,0.006648,0.024994,-0.380726,0.924326,0.132444,-0.012606,0.002508,0.016009,0.034307,-0.452533,
1625007621.000000,183922768.000000,0.205903,-0.126099,-0.006766,0.006606,0.024959,-0.381765,0.923899,0.155611,-0.013043,0.020375,-0.013369,0.071850,-0.444004,
1625007621.000000,188925743.000000,0.206433,-0.126676,-0.006851,0.006589,0.025170,-0.382775,0.923475,0.159677,-0.008808,0.005338,-0.023420,0.095742,-0.435407,
1625007621.000000,193928957.000000,0.206978,-0.127278,-0.006875,0.006658,0.025472,-0.383788,0.923046,0.164268,-0.006707,0.001871,0.002428,0.152046,-0.448160,
1625007621.000000,198931932.000000,0.207546,-0.127891,-0.006913,0.006774,0.025835,-0.384827,0.922602,0.169029,-0.004576,-0.000996,-0.015573,0.133288,-0.447259,
1625007621.000000,203934908.000000,0.208059,-0.128470,-0.006886,0.006811,0.026108,-0.385846,0.922169,0.161071,-0.006073,0.006385,-0.001047,0.093647,-0.442827,
1625007621.000000,208938122.000000,0.208603,-0.129064,-0.006896,0.006836,0.026267,-0.386867,0.921736,0.160490,-0.005405,0.006450,-0.032392,0.015683,-0.440808,
1625007621.000000,213940859.000000,0.208963,-0.129471,-0.007572,0.006774,0.026357,-0.387899,0.921300,0.144536,-0.006486,-0.006193,-0.053336,0.005387,-0.449271,
1625007621.000000,218943834.000000,0.209413,-0.130005,-0.007616,0.006634,0.026385,-0.388937,0.920863,0.140711,-0.008044,-0.003984,-0.045385,-0.072929,-0.447297,
1625007621.000000,308997869.000000,0.217082,-0.140034,-0.007241,0.007043,0.026131,-0.406807,0.913113,0.155877,-0.000346,-0.002582,-0.020063,0.035884,-0.438712,
1625007621.000000,314000845.000000,0.217542,-0.140890,-0.007310,0.007108,0.026220,-0.407821,0.912657,0.150120,-0.001080,-0.002074,-0.037767,-0.006347,-0.446187,
1625007621.000000,319003820.000000,0.218035,-0.141446,-0.007358,0.006962,0.026293,-0.408844,0.912199,0.148511,0.000265,-0.003810,-0.059353,-0.015784,-0.449463,
1625007621.000000,324006796.000000,0.218529,-0.141996,-0.007426,0.006773,0.026261,-0.409853,0.911748,0.147162,0.001607,-0.006232,-0.039086,-0.051372,-0.435607,
1625007621.000000,329009771.000000,0.219001,-0.142615,-0.007285,0.006657,0.026139,-0.410837,0.911310,0.150429,-0.006987,0.021528,0.025857,-0.079623,-0.431247,
1625007621.000000,334012985.000000,0.219471,-0.143211,-0.007190,0.006765,0.026058,-0.411857,0.910851,0.151037,-0.009602,0.031166,0.100552,0.134171,-0.468472,
1625007621.000000,339015961.000000,0.219936,-0.143821,-0.007048,0.007174,0.026448,-0.412947,0.910343,0.151986,-0.012171,0.041823,0.064721,0.182293,-0.468834,
1625007621.000000,344018698.000000,0.220376,-0.144353,-0.006939,0.007380,0.026713,-0.413969,0.909869,0.141383,-0.007899,0.039574,0.050047,0.132395,-0.431275,
1625007621.000000,349021673.000000,0.219810,-0.144801,-0.007000,0.007730,0.026919,-0.414941,0.909417,0.118411,-0.016278,0.036439,0.062404,-0.006859,-0.417417,
1625007621.000000,354024887.000000,0.220134,-0.145298,-0.006842,0.007755,0.026675,-0.415897,0.908988,0.112718,-0.016267,0.038939,0.068439,-0.107002,-0.416467,
1625007621.000000,399051905.000000,0.223646,-0.150830,-0.007173,0.007251,0.025569,-0.424638,0.904973,0.151173,-0.004675,-0.000133,-0.020003,0.083163,-0.425955,
1625007621.000000,404054880.000000,0.224120,-0.151427,-0.007218,0.007277,0.025746,-0.425613,0.904510,0.154029,-0.002065,-0.002863,-0.008989,0.041279,-0.436709,
1625007621.000000,409057856.000000,0.224574,-0.152019,-0.007217,0.007274,0.025879,-0.426626,0.904029,0.152017,-0.002775,0.002754,-0.011313,0.099769,-0.465388,
1625007621.000000,414061069.000000,0.225077,-0.152639,-0.007385,0.007378,0.026131,-0.427661,0.903531,0.152230,-0.001550,-0.000137,-0.025001,0.052412,-0.458186,
1625007621.000000,419064045.000000,0.225556,-0.153232,-0.007428,0.007279,0.026173,-0.428669,0.903053,0.153372,-0.000266,-0.000418,-0.034652,-0.019710,-0.441953,
1625007621.000000,424067020.000000,0.225980,-0.153807,-0.007417,0.007143,0.026196,-0.429667,0.902579,0.148180,-0.003067,0.005148,-0.051596,-0.005518,-0.444163,
1625007621.000000,429069996.000000,0.226435,-0.154392,-0.007414,0.007047,0.026254,-0.430672,0.902099,0.147350,-0.003109,0.008085,0.012937,0.021994,-0.449492,
1625007621.000000,434072971.000000,0.226886,-0.154977,-0.007396,0.007166,0.026269,-0.431689,0.901612,0.146632,-0.003147,0.011100,0.070070,0.025343,-0.446341,
1625007621.000000,439075708.000000,0.227297,-0.155592,-0.007217,0.007355,0.026292,-0.432708,0.901121,0.144750,-0.010538,0.035138,0.086733,0.084203,-0.461112,
1625007621.000000,444078922.000000,0.227794,-0.155840,-0.007032,0.007720,0.026490,-0.433768,0.900602,0.140177,-0.013967,0.046418,0.074201,0.172501,-0.462484,
1625007621.000000,489105701.000000,0.230910,-0.161087,-0.007057,0.007497,0.024839,-0.442394,0.896445,0.148774,-0.003065,0.008478,0.025401,0.081658,-0.433647,
1625007621.000000,494108915.000000,0.231361,-0.161696,-0.007058,0.007589,0.025038,-0.443364,0.895960,0.153489,-0.001300,0.006676,-0.003584,0.105685,-0.430513,
1625007621.000000,499111891.000000,0.231832,-0.162318,-0.007069,0.007655,0.025319,-0.444321,0.895477,0.158177,0.000480,0.004880,-0.029059,0.109165,-0.428315,
1625007621.000000,504114866.000000,0.232289,-0.162898,-0.007078,0.007645,0.025530,-0.445287,0.894991,0.153608,0.003170,0.004443,-0.019665,0.028696,-0.440026,
1625007621.000000,509117842.000000,0.232771,-0.163501,-0.007103,0.007615,0.025579,-0.446292,0.894490,0.154613,0.005337,0.002821,-0.001311,0.036451,-0.458174,
1625007621.000000,514120817.000000,0.233067,-0.164503,-0.007693,0.007783,0.025765,-0.447340,0.893959,0.152913,0.003830,-0.003270,-0.021416,0.038447,-0.459309,
1625007621.000000,519123793.000000,0.233486,-0.165116,-0.007697,0.007739,0.025878,-0.448357,0.893446,0.151067,-0.000093,0.000721,-0.011099,0.060935,-0.453901,
1625007621.000000,524127007.000000,0.233937,-0.165721,-0.007739,0.007756,0.026047,-0.449359,0.892938,0.151144,0.000169,0.000086,-0.032963,0.037452,-0.442245,
1625007621.000000,529129982.000000,0.234386,-0.166327,-0.007786,0.007629,0.026118,-0.450334,0.892446,0.151129,0.000418,-0.000807,-0.038861,-0.008847,-0.437883,
1625007621.000000,534132719.000000,0.234795,-0.166950,-0.007668,0.007600,0.026128,-0.451326,0.891944,0.148430,-0.005730,0.021644,0.048601,0.015707,-0.453884,
1625007621.000000,594168901.000000,0.237409,-0.173313,-0.006597,0.007919,0.024729,-0.462860,0.886051,0.149712,-0.006035,0.015239,0.018060,0.065286,-0.429324,
1625007621.000000,599171877.000000,0.237787,-0.173859,-0.006581,0.008007,0.024912,-0.463826,0.885540,0.143839,-0.001709,0.011097,-0.003278,0.082876,-0.440141,
1625007621.000000,604174852.000000,0.238196,-0.174455,-0.006565,0.008050,0.025133,-0.464794,0.885025,0.145772,0.000616,0.009133,-0.023558,0.108876,-0.434798,
1625007621.000000,609177828.000000,0.238617,-0.175052,-0.006566,0.008081,0.025399,-0.465749,0.884515,0.147626,0.002944,0.006878,-0.027845,0.061908,-0.434724,
1625007621.000000,614180565.000000,0.238100,-0.175669,-0.006997,0.008204,0.025491,-0.466751,0.883983,0.145658,-0.000739,-0.005691,-0.017113,-0.003257,-0.450751,
1625007621.000000,619183779.000000,0.238516,-0.176276,-0.007076,0.008156,0.025520,-0.467767,0.883446,0.148066,0.001626,-0.008469,-0.004310,0.032613,-0.469908,
1625007621.000000,624186754.000000,0.238943,-0.176882,-0.007173,0.008164,0.025637,-0.468801,0.882894,0.150253,0.003996,-0.011389,-0.014874,0.033269,-0.459401,
1625007621.000000,629189730.000000,0.239145,-0.177483,-0.006852,0.008104,0.025707,-0.469788,0.882368,0.141469,-0.007079,0.014220,-0.024620,0.011537,-0.440032,
1625007621.000000,634192944.000000,0.239516,-0.178099,-0.006796,0.008077,0.025778,-0.470760,0.881848,0.141900,-0.007494,0.018076,0.010467,0.036036,-0.446431,
1625007621.000000,639195919.000000,0.239883,-0.178717,-0.006738,0.008198,0.025844,-0.471759,0.881310,0.142199,-0.007896,0.021178,0.076597,0.057315,-0.456104,
1625007621.000000,679220915.000000,0.241477,-0.183750,-0.006349,0.008373,0.024519,-0.479662,0.877071,0.129137,-0.014566,0.018674,0.022178,-0.030872,-0.428547,
1625007621.000000,684223890.000000,0.241777,-0.184343,-0.006295,0.008391,0.024504,-0.480596,0.876559,0.131684,-0.013099,0.018160,0.011767,0.010049,-0.430488,
1625007621.000000,689225912.000000,0.242111,-0.184946,-0.006293,0.008423,0.024584,-0.481559,0.876028,0.136100,-0.009409,0.012302,0.010503,0.096127,-0.444512,
1625007621.000000,694229126.000000,0.242448,-0.185553,-0.006280,0.008584,0.024854,-0.482531,0.875484,0.138998,-0.007183,0.010002,0.018112,0.120451,-0.442362,
1625007621.000000,699231863.000000,0.242800,-0.186167,-0.006269,0.008696,0.025062,-0.483488,0.874949,0.142001,-0.004951,0.008174,-0.003152,0.088934,-0.432754,
1625007621.000000,704235792.000000,0.243131,-0.186746,-0.006257,0.008726,0.025260,-0.484434,0.874420,0.137050,-0.003939,0.007538,-0.025657,0.052267,-0.439063,
1625007621.000000,709239006.000000,0.243482,-0.187336,-0.006259,0.008654,0.025356,-0.485400,0.873881,0.136697,-0.002197,0.005941,-0.039437,-0.004116,-0.442402,
1625007621.000000,714241982.000000,0.243515,-0.187977,-0.007009,0.008608,0.025195,-0.486405,0.873327,0.135959,-0.003307,-0.006794,-0.010870,-0.047511,-0.458248,
1625007621.000000,719244957.000000,0.243866,-0.188566,-0.007078,0.008516,0.025109,-0.487425,0.872762,0.136173,-0.001549,-0.008191,-0.015752,-0.030654,-0.469048,
1625007621.000000,724246740.000000,0.244182,-0.189219,-0.007021,0.008425,0.025163,-0.488439,0.872195,0.139913,-0.006824,0.003634,-0.035326,0.043565,-0.460474,
1625007621.000000,769274712.000000,0.246720,-0.195187,-0.006340,0.009057,0.024710,-0.496994,0.867355,0.116762,-0.015859,0.026976,0.026517,-0.200745,-0.415684,
1625007621.000000,774277925.000000,0.246953,-0.195736,-0.006243,0.008846,0.024277,-0.497914,0.866842,0.117191,-0.014849,0.023226,0.015952,-0.140120,-0.429554,
1625007621.000000,779280663.000000,0.247235,-0.196487,-0.006997,0.008600,0.024053,-0.498892,0.866288,0.118183,-0.012620,0.006991,0.015737,-0.011368,-0.438199,
1625007621.000000,784283638.000000,0.247549,-0.197143,-0.006953,0.008630,0.024062,-0.499827,0.865748,0.132100,-0.011243,0.010462,0.018089,0.002853,-0.419061,
1625007621.000000,789286852.000000,0.247846,-0.197763,-0.006927,0.008680,0.024057,-0.500728,0.865227,0.136971,-0.010075,0.010696,0.054005,0.053802,-0.423087,
1625007621.000000,794289827.000000,0.248154,-0.198396,-0.006882,0.008885,0.024225,-0.501666,0.864677,0.141593,-0.008878,0.012135,0.009958,0.130825,-0.438227,
1625007621.000000,799292803.000000,0.248479,-0.198983,-0.006869,0.008980,0.024561,-0.502600,0.864124,0.139306,-0.002980,0.008178,-0.029247,0.138048,-0.425427,
1625007621.000000,804296017.000000,0.248819,-0.199597,-0.006868,0.009033,0.024820,-0.503502,0.863590,0.141184,0.000100,0.006086,-0.024486,0.040891,-0.417852,
1625007621.000000,809298754.000000,0.249166,-0.200579,-0.007411,0.009044,0.024935,-0.504485,0.863013,0.141910,0.002505,-0.012959,-0.006629,0.007392,-0.438213,
1625007621.000000,814301729.000000,0.249451,-0.201183,-0.007393,0.009035,0.024983,-0.505454,0.862444,0.137802,-0.002136,-0.003599,-0.002166,0.022636,-0.460583,
1625007621.000000,869334936.000000,0.252199,-0.208379,-0.006460,0.009545,0.024549,-0.515902,0.856243,0.112416,-0.014054,0.030756,-0.003364,-0.166872,-0.431956,
1625007621.000000,874337912.000000,0.252400,-0.208902,-0.006349,0.009278,0.024199,-0.516821,0.855701,0.107432,-0.012879,0.026441,0.009093,-0.175478,-0.420228,
1625007621.000000,879341125.000000,0.252763,-0.210291,-0.007382,0.008979,0.023687,-0.517731,0.855168,0.135346,-0.011815,0.007307,0.031937,-0.105577,-0.438210,
1625007621.000000,884344101.000000,0.253027,-0.210919,-0.007377,0.008964,0.023559,-0.518695,0.854588,0.138761,-0.010635,0.005921,0.038073,0.026753,-0.453366,
1625007621.000000,889346838.000000,0.253306,-0.211568,-0.007374,0.009106,0.023673,-0.519655,0.854000,0.142673,-0.009429,0.004939,0.023371,0.081382,-0.442624,
1625007621.000000,894349813.000000,0.253611,-0.212216,-0.007403,0.009203,0.023839,-0.520584,0.853428,0.145587,-0.005648,0.000931,0.000794,0.086103,-0.428752,
1625007621.000000,899353027.000000,0.253926,-0.212880,-0.007442,0.009305,0.024053,-0.521499,0.852862,0.149178,-0.003398,-0.001533,0.005075,0.102179,-0.438250,
1625007621.000000,904355764.000000,0.254257,-0.213555,-0.007496,0.009399,0.024270,-0.522438,0.852280,0.152914,-0.001122,-0.003747,-0.020272,0.082104,-0.436328,
1625007621.000000,909358740.000000,0.254429,-0.214315,-0.007621,0.009477,0.024599,-0.523396,0.851682,0.149329,-0.002297,-0.001913,-0.010071,0.043658,-0.436174,
1625007621.000000,914361715.000000,0.254758,-0.214984,-0.007690,0.009481,0.024667,-0.524339,0.851100,0.149665,-0.000885,-0.003030,-0.006420,-0.005681,-0.449067,
1625007622.000000,9418964.000000,0.262412,-0.228616,-0.010894,0.009709,0.024437,-0.542191,0.839844,0.170583,0.023886,-0.029387,-0.013157,0.119442,-0.452309,
1625007622.000000,14421940.000000,0.263306,-0.229970,-0.011422,0.009904,0.024697,-0.543147,0.839216,0.183288,0.033254,-0.034879,-0.015258,0.046134,-0.452460,
1625007622.000000,19424915.000000,0.263771,-0.230678,-0.011612,0.009866,0.024761,-0.544096,0.838599,0.176483,0.031276,-0.032573,-0.010035,0.005432,-0.458726,
1625007622.000000,24427891.000000,0.264266,-0.231408,-0.011830,0.009808,0.024811,-0.545065,0.837969,0.175520,0.032043,-0.033750,-0.038548,0.005741,-0.462055,
1625007622.000000,29430866.000000,0.264762,-0.232134,-0.012056,0.009666,0.024889,-0.546019,0.837347,0.174759,0.032811,-0.035097,-0.051710,-0.014369,-0.451347,
1625007622.000000,34433842.000000,0.265230,-0.232890,-0.012157,0.009492,0.024846,-0.546960,0.836736,0.175319,0.027677,-0.018284,-0.021704,-0.101044,-0.451290,
1625007622.000000,39437056.000000,0.265702,-0.233636,-0.012284,0.009369,0.024686,-0.547925,0.836111,0.175147,0.026081,-0.011935,0.042084,0.017406,-0.472594,
1625007622.000000,44440031.000000,0.266166,-0.234388,-0.012376,0.009620,0.024799,-0.548926,0.835448,0.175171,0.024499,-0.005224,0.090296,0.115644,-0.474889,
1625007622.000000,49442768.000000,0.266532,-0.235525,-0.012521,0.009955,0.024839,-0.549909,0.834796,0.170047,0.022177,0.005899,0.094472,0.130408,-0.451449,
1625007622.000000,54445982.000000,0.266966,-0.236262,-0.012524,0.010279,0.024979,-0.550830,0.834180,0.167484,0.020851,0.012033,0.083744,0.082332,-0.431144,
1625007622.000000,99473000.000000,0.270678,-0.242779,-0.015080,0.009719,0.023487,-0.559062,0.828736,0.177427,0.039151,-0.042401,-0.029228,0.100159,-0.439771,
1625007622.000000,104476929.000000,0.271194,-0.243527,-0.015345,0.009796,0.023748,-0.559960,0.828122,0.181684,0.041451,-0.045051,-0.007850,0.127124,-0.437517,
1625007622.000000,109478712.000000,0.271726,-0.244291,-0.015624,0.009963,0.024029,-0.560870,0.827495,0.185940,0.043768,-0.047573,0.008327,0.114970,-0.440870,
1625007622.000000,114481688.000000,0.271732,-0.245479,-0.015628,0.010344,0.024347,-0.561834,0.826827,0.196420,0.042770,-0.062139,0.012530,0.119413,-0.454625,
1625007622.000000,119484901.000000,0.272289,-0.246304,-0.015999,0.010447,0.024562,-0.562780,0.826176,0.199898,0.045139,-0.066958,-0.035114,0.020929,-0.451682,
1625007622.000000,124488831.000000,0.272861,-0.247142,-0.016397,0.010258,0.024580,-0.563701,0.825549,0.203320,0.047532,-0.071884,-0.054819,-0.045042,-0.450352,
1625007622.000000,129490852.000000,0.273240,-0.247754,-0.016475,0.010070,0.024566,-0.564639,0.824911,0.184256,0.041855,-0.053247,-0.048016,-0.067356,-0.455856,
1625007622.000000,134493828.000000,0.273761,-0.248527,-0.016772,0.009837,0.024439,-0.565584,0.824270,0.183077,0.042476,-0.052109,-0.008950,-0.103883,-0.464260,
1625007622.000000,139496803.000000,0.274283,-0.249295,-0.017067,0.009708,0.024232,-0.566553,0.823612,0.181937,0.043090,-0.051159,0.028719,-0.077326,-0.467577,
1625007622.000000,144499779.000000,0.274778,-0.250130,-0.017175,0.009782,0.024185,-0.567528,0.822940,0.187364,0.036394,-0.024801,0.077371,0.132898,-0.484455,
1625007622.000000,189526796.000000,0.275641,-0.255763,-0.016641,0.009832,0.022536,-0.575828,0.817201,0.152017,0.024013,-0.016502,0.006385,-0.020372,-0.451814,
1625007622.000000,194530010.000000,0.276110,-0.256561,-0.016851,0.009810,0.022547,-0.576748,0.816552,0.167969,0.030466,-0.025205,0.003092,0.008568,-0.443412,
1625007622.000000,199533939.000000,0.276541,-0.257307,-0.017029,0.009865,0.022648,-0.577651,0.815910,0.172975,0.033121,-0.028097,0.002217,0.122264,-0.450688,
1625007622.000000,204536915.000000,0.276992,-0.258075,-0.017222,0.010052,0.022987,-0.578566,0.815249,0.178223,0.035811,-0.030673,-0.015953,0.136244,-0.439246,
1625007622.000000,209540129.000000,0.277435,-0.258829,-0.017389,0.010144,0.023201,-0.579446,0.814617,0.177171,0.036539,-0.028500,0.012594,0.069536,-0.438913,
1625007622.000000,214542627.000000,0.276408,-0.259305,-0.016751,0.010498,0.023432,-0.580437,0.813900,0.169486,0.028510,-0.028035,-0.008079,0.107369,-0.465801,
1625007622.000000,219545603.000000,0.276820,-0.260056,-0.016941,0.010586,0.023746,-0.581395,0.813206,0.171022,0.030413,-0.029490,-0.043733,0.113436,-0.473384,
1625007622.000000,224548817.000000,0.277185,-0.260740,-0.017143,0.010546,0.023938,-0.582334,0.812529,0.163216,0.029037,-0.031780,-0.048860,-0.020160,-0.450962,
1625007622.000000,229551792.000000,0.277582,-0.261459,-0.017347,0.010324,0.023867,-0.583245,0.811880,0.162210,0.029872,-0.033165,-0.031935,-0.092882,-0.457159,
1625007622.000000,234554768.000000,0.277978,-0.262171,-0.017555,0.010122,0.023739,-0.584196,0.811202,0.161044,0.030714,-0.034463,-0.023206,-0.078690,-0.474421,
1625007622.000000,279581785.000000,0.277443,-0.266771,-0.016617,0.010105,0.022326,-0.592470,0.805220,0.122557,0.011964,-0.012809,0.033293,-0.141999,-0.445871,
1625007622.000000,284584999.000000,0.277718,-0.267508,-0.016658,0.010002,0.022067,-0.593379,0.804559,0.141157,0.011678,-0.008583,0.042912,-0.034920,-0.453298,
1625007622.000000,289587975.000000,0.277983,-0.268167,-0.016746,0.010073,0.022058,-0.594295,0.803882,0.145480,0.012929,-0.010074,0.020619,0.020267,-0.452298,
1625007622.000000,294590950.000000,0.278260,-0.268845,-0.016842,0.010085,0.022090,-0.595205,0.803207,0.149730,0.014203,-0.011478,-0.000868,0.029949,-0.457516,
1625007622.000000,299593925.000000,0.278548,-0.269541,-0.016940,0.010132,0.022223,-0.596126,0.802520,0.153923,0.015503,-0.012601,-0.012478,0.077962,-0.455522,
1625007622.000000,304596901.000000,0.278849,-0.270210,-0.017096,0.010234,0.022455,-0.597031,0.801838,0.153300,0.018723,-0.019268,-0.004079,0.128680,-0.454320,
1625007622.000000,309599876.000000,0.279159,-0.270910,-0.017247,0.010411,0.022732,-0.597935,0.801154,0.155692,0.020675,-0.022544,0.000371,0.116329,-0.444874,
1625007622.000000,314602852.000000,0.277915,-0.271129,-0.016677,0.010640,0.022781,-0.598892,0.800435,0.150697,0.012104,-0.021272,-0.007147,0.067166,-0.449096,
1625007622.000000,319606066.000000,0.278142,-0.271747,-0.016771,0.010675,0.022923,-0.599809,0.799744,0.142587,0.011831,-0.018331,-0.016728,0.060568,-0.469413,
1625007622.000000,324608803.000000,0.278398,-0.272408,-0.016902,0.010657,0.023087,-0.600750,0.799033,0.141466,0.013084,-0.019620,-0.058148,0.021860,-0.469503,
1625007622.000000,369635820.000000,0.278642,-0.277395,-0.015438,0.010993,0.022608,-0.608926,0.792828,0.107107,-0.003660,0.023311,0.037403,-0.237842,-0.425732,
1625007622.000000,374638796.000000,0.278765,-0.277907,-0.015358,0.010694,0.022114,-0.609807,0.792170,0.101303,-0.001772,0.018465,0.017589,-0.232481,-0.447258,
1625007622.000000,379641771.000000,0.278107,-0.278764,-0.015722,0.010190,0.021675,-0.610721,0.791484,0.115690,-0.006368,0.010795,0.022429,-0.164162,-0.451543,
1625007622.000000,384644747.000000,0.278227,-0.279342,-0.015707,0.010066,0.021433,-0.611623,0.790795,0.118902,-0.005555,0.010826,0.028142,-0.043199,-0.456835,
1625007622.000000,389647722.000000,0.278353,-0.279933,-0.015689,0.010111,0.021424,-0.612535,0.790088,0.122047,-0.004725,0.011061,0.035302,0.056494,-0.464313,
1625007622.000000,394650936.000000,0.278513,-0.280526,-0.015781,0.010263,0.021546,-0.613445,0.789377,0.125699,0.000381,-0.003199,0.006913,0.088357,-0.451605,
1625007622.000000,399653912.000000,0.278675,-0.281137,-0.015846,0.010341,0.021744,-0.614318,0.788691,0.129183,0.002935,-0.007903,-0.021193,0.077597,-0.440806,
1625007622.000000,404656649.000000,0.278854,-0.281765,-0.015928,0.010409,0.021945,-0.615188,0.788006,0.132626,0.005506,-0.012656,-0.013566,0.096497,-0.446186,
1625007622.000000,409659863.000000,0.277511,-0.282521,-0.015411,0.010747,0.022129,-0.616108,0.787277,0.135950,-0.003258,-0.018250,0.002418,0.115691,-0.445234,
1625007622.000000,414662838.000000,0.277601,-0.283108,-0.015381,0.010867,0.022323,-0.616983,0.786585,0.129020,-0.005318,-0.006456,-0.007074,0.050326,-0.448357,
1625007622.000000,509720087.000000,0.274930,-0.295246,-0.012543,0.010916,0.021813,-0.633642,0.773242,0.126730,-0.023136,0.009144,-0.009444,0.093225,-0.455912,
1625007622.000000,514723539.000000,0.274954,-0.295898,-0.012537,0.011030,0.022044,-0.634526,0.772509,0.128782,-0.021386,0.007760,-0.011677,0.094712,-0.463300,
1625007622.000000,519726038.000000,0.274982,-0.296557,-0.012531,0.011088,0.022214,-0.635423,0.771765,0.130852,-0.019660,0.006479,-0.022196,0.045690,-0.466550,
1625007622.000000,524729013.000000,0.274986,-0.297161,-0.012509,0.011041,0.022342,-0.636323,0.771020,0.126241,-0.019566,0.006984,-0.049948,0.021254,-0.470748,
1625007622.000000,529731989.000000,0.275014,-0.297799,-0.012505,0.010969,0.022520,-0.637226,0.770270,0.126143,-0.018309,0.006426,-0.054326,0.075111,-0.466574,
1625007622.000000,534734726.000000,0.275051,-0.298438,-0.012512,0.010965,0.022721,-0.638102,0.769538,0.126262,-0.017042,0.005446,-0.024460,0.006142,-0.445239,
1625007622.000000,539737701.000000,0.275033,-0.299049,-0.012370,0.010876,0.022640,-0.638946,0.768841,0.119981,-0.023127,0.025057,0.039416,-0.055468,-0.435555,
1625007622.000000,544740677.000000,0.275128,-0.299805,-0.012282,0.010800,0.022281,-0.639804,0.768139,0.110770,-0.029807,0.048394,0.077940,0.010593,-0.465382,
1625007622.000000,549743652.000000,0.275082,-0.300387,-0.012042,0.011015,0.022279,-0.640719,0.767373,0.108102,-0.031553,0.056932,0.074638,0.098803,-0.472037,
1625007622.000000,554747820.000000,0.275032,-0.300974,-0.011862,0.011274,0.022374,-0.641605,0.766626,0.107797,-0.032555,0.054949,0.056503,0.068427,-0.451619,
1625007622.000000,594763279.000000,0.274972,-0.305194,-0.012206,0.010388,0.020884,-0.648107,0.761192,0.109877,-0.017480,0.011699,0.032029,0.038908,-0.450430,
1625007622.000000,599766016.000000,0.274993,-0.305750,-0.012243,0.010536,0.021055,-0.648982,0.760440,0.113490,-0.013683,0.001884,-0.014884,0.122358,-0.459236,
1625007622.000000,604769230.000000,0.275022,-0.306330,-0.012271,0.010662,0.021352,-0.649833,0.759702,0.117226,-0.011403,-0.001616,-0.028978,0.125230,-0.442032,
1625007622.000000,609772205.000000,0.275062,-0.306925,-0.012315,0.010777,0.021597,-0.650662,0.758983,0.120850,-0.009117,-0.005276,-0.008560,0.076623,-0.438796,
1625007622.000000,614775181.000000,0.275080,-0.307473,-0.012317,0.010851,0.021739,-0.651503,0.758257,0.114621,-0.010424,-0.000799,-0.004230,0.076132,-0.451596,
1625007622.000000,619778156.000000,0.275149,-0.308107,-0.013251,0.011224,0.022159,-0.652401,0.757467,0.119144,-0.011592,-0.008888,-0.015090,0.080785,-0.460150,
1625007622.000000,624781370.000000,0.275180,-0.308703,-0.013324,0.011237,0.022325,-0.653262,0.756719,0.119276,-0.010739,-0.009555,-0.045927,0.027657,-0.449514,
1625007622.000000,629784107.000000,0.275198,-0.309272,-0.013362,0.011137,0.022439,-0.654104,0.755990,0.115676,-0.011238,-0.006267,-0.036623,0.008348,-0.449381,
1625007622.000000,634787083.000000,0.275223,-0.309845,-0.013426,0.011040,0.022500,-0.654953,0.755254,0.114303,-0.010849,-0.006530,-0.048938,-0.031494,-0.445281,
1625007622.000000,639790297.000000,0.275248,-0.310410,-0.013500,0.010878,0.022516,-0.655791,0.754528,0.112801,-0.010469,-0.007537,-0.005939,-0.005673,-0.451492,
1625007622.000000,684817076.000000,0.276113,-0.316518,-0.013853,0.010337,0.021217,-0.663138,0.748125,0.106765,-0.002080,-0.003915,0.013342,-0.098649,-0.436702,
1625007622.000000,689820051.000000,0.276171,-0.317049,-0.013907,0.010276,0.021066,-0.663968,0.747393,0.107174,0.000143,-0.008223,0.048561,-0.029544,-0.443189,
1625007622.000000,694823027.000000,0.276222,-0.317705,-0.013892,0.010329,0.020988,-0.664794,0.746661,0.120700,-0.001196,-0.001649,0.030615,0.017944,-0.436760,
1625007622.000000,699826241.000000,0.276289,-0.318316,-0.013928,0.010397,0.021073,-0.665605,0.745934,0.125381,-0.000076,-0.002264,-0.012221,0.076199,-0.435647,
1625007622.000000,704829216.000000,0.276363,-0.318949,-0.013975,0.010512,0.021313,-0.666421,0.745196,0.129920,0.001067,-0.003313,-0.018680,0.131331,-0.445248,
1625007622.000000,709831953.000000,0.276449,-0.319543,-0.014061,0.010680,0.021592,-0.667243,0.744450,0.126533,0.004068,-0.009561,-0.012145,0.110401,-0.434707,
1625007622.000000,714835167.000000,0.276541,-0.320170,-0.014146,0.010772,0.021776,-0.668047,0.743722,0.128268,0.005961,-0.012500,-0.011113,0.060238,-0.441929,
1625007622.000000,719838142.000000,0.276524,-0.321060,-0.014029,0.011097,0.021990,-0.668934,0.742914,0.130529,0.008093,-0.008627,-0.011310,0.018945,-0.457069,
1625007622.000000,724841118.000000,0.276604,-0.321670,-0.014068,0.011082,0.022082,-0.669791,0.742138,0.127355,0.006870,-0.006352,-0.029349,0.056704,-0.471841,
1625007622.000000,729844093.000000,0.276703,-0.322290,-0.014128,0.011083,0.022276,-0.670656,0.741351,0.126539,0.007729,-0.006789,-0.047578,0.026865,-0.450789,
1625007622.000000,774871111.000000,0.276727,-0.328135,-0.012991,0.011133,0.021685,-0.678000,0.734658,0.101635,-0.003206,0.032701,0.004624,-0.167443,-0.415414,
1625007622.000000,779874325.000000,0.276757,-0.328640,-0.012863,0.010859,0.021431,-0.678768,0.733960,0.097726,-0.001674,0.028303,0.008575,-0.119908,-0.416489,
1625007622.000000,784877300.000000,0.275886,-0.328923,-0.013095,0.010510,0.021109,-0.679509,0.733288,0.092055,-0.004587,0.000781,0.035457,-0.141741,-0.406939,
1625007622.000000,789880037.000000,0.275913,-0.329617,-0.012975,0.010329,0.020817,-0.680266,0.732597,0.112899,-0.003881,0.013079,0.029102,-0.088418,-0.423807,
1625007622.000000,794883251.000000,0.275939,-0.330191,-0.012935,0.010275,0.020738,-0.681068,0.731855,0.116355,-0.002564,0.013335,0.000274,0.004393,-0.443203,
1625007622.000000,799886227.000000,0.275973,-0.330785,-0.012896,0.010295,0.020817,-0.681871,0.731104,0.120150,-0.001224,0.013331,-0.003060,0.058226,-0.432515,
1625007622.000000,804889202.000000,0.276025,-0.331415,-0.012920,0.010399,0.020951,-0.682656,0.730365,0.126774,0.001768,0.004723,0.007738,0.073194,-0.434501,
1625007622.000000,809892416.000000,0.276082,-0.332059,-0.012934,0.010540,0.021124,-0.683465,0.729601,0.131565,0.003807,0.001347,-0.006058,0.132065,-0.453765,
1625007622.000000,814895391.000000,0.276149,-0.332727,-0.012968,0.010763,0.021454,-0.684289,0.728816,0.136569,0.005876,-0.002021,-0.018979,0.166571,-0.448540,
1625007622.000000,819898129.000000,0.275396,-0.333356,-0.011970,0.011269,0.021954,-0.685081,0.728049,0.130338,0.000137,0.011387,-0.012645,0.093496,-0.444028,
1625007622.000000,859922171.000000,0.274627,-0.338321,-0.011551,0.011800,0.022487,-0.691508,0.721922,0.110673,-0.018175,0.060084,0.066264,0.047954,-0.427020,
1625007622.000000,864925146.000000,0.274560,-0.338897,-0.011247,0.011885,0.022416,-0.692272,0.721190,0.108905,-0.020067,0.069625,0.050039,-0.034830,-0.426806,
1625007622.000000,869927883.000000,0.274546,-0.339307,-0.011192,0.011786,0.022190,-0.693040,0.720461,0.090505,-0.013458,0.044099,0.032129,-0.158566,-0.403731,
1625007622.000000,874931097.000000,0.274502,-0.339772,-0.010992,0.011421,0.021766,-0.693757,0.719790,0.083959,-0.012592,0.042000,0.017057,-0.270135,-0.400092,
1625007622.000000,879935026.000000,0.273591,-0.341208,-0.011735,0.010969,0.021347,-0.694439,0.719152,0.086009,-0.017352,0.020645,0.031835,-0.159362,-0.426868,
1625007622.000000,884938240.000000,0.273534,-0.341885,-0.011690,0.010835,0.021143,-0.695217,0.718407,0.105539,-0.016028,0.017082,0.009763,-0.070066,-0.429073,
1625007622.000000,889941216.000000,0.273475,-0.342422,-0.011630,0.010697,0.021014,-0.695978,0.717676,0.106828,-0.015007,0.015476,0.025221,-0.063443,-0.416191,
1625007622.000000,894944191.000000,0.273419,-0.342962,-0.011574,0.010640,0.020869,-0.696733,0.716948,0.107827,-0.013983,0.014166,0.020519,-0.052604,-0.427823,
1625007622.000000,899945974.000000,0.273388,-0.343556,-0.011503,0.010594,0.020826,-0.697517,0.716188,0.115651,-0.010315,0.016458,0.012525,0.036936,-0.440767,
1625007622.000000,904950142.000000,0.273357,-0.344148,-0.011450,0.010720,0.020950,-0.698297,0.715421,0.119402,-0.008200,0.015667,-0.004086,0.075960,-0.429030,
1625007623.000000,5010128.000000,0.270447,-0.359680,-0.013160,0.011123,0.021117,-0.713585,0.700162,0.137160,-0.010377,-0.002272,0.011481,0.034394,-0.430812,
1625007623.000000,10013103.000000,0.270403,-0.360343,-0.013245,0.011238,0.021224,-0.714342,0.699385,0.138007,-0.006371,-0.008440,0.010414,0.119783,-0.432972,
1625007623.000000,15016079.000000,0.270328,-0.361040,-0.012112,0.011671,0.021703,-0.715073,0.698615,0.149407,-0.000368,0.004079,-0.018321,0.153297,-0.432830,
1625007623.000000,20019054.000000,0.270314,-0.361796,-0.012138,0.011845,0.021992,-0.715826,0.697832,0.153349,0.002167,0.001643,-0.015397,0.112685,-0.436033,
1625007623.000000,25022268.000000,0.270272,-0.362465,-0.012144,0.011976,0.022190,-0.716595,0.697033,0.145729,0.000326,0.002083,-0.013998,0.084016,-0.453026,
1625007623.000000,30025244.000000,0.270256,-0.363192,-0.012169,0.012044,0.022353,-0.717396,0.696202,0.145881,0.001512,0.001126,-0.011067,0.047080,-0.465921,
1625007623.000000,35027981.000000,0.270243,-0.363924,-0.012197,0.012032,0.022424,-0.718201,0.695370,0.146298,0.002702,0.000341,-0.024639,-0.008058,-0.457385,
1625007623.000000,40030956.000000,0.270220,-0.364635,-0.012187,0.011924,0.022491,-0.718983,0.694561,0.143388,0.001549,0.005505,-0.046178,0.012791,-0.445603,
1625007623.000000,45034170.000000,0.270203,-0.365351,-0.012191,0.011902,0.022630,-0.719749,0.693763,0.142434,0.001781,0.007137,-0.013238,0.045081,-0.441349,
1625007623.000000,50037146.000000,0.269565,-0.366541,-0.013233,0.011586,0.022263,-0.720409,0.693096,0.135745,-0.004270,-0.003113,0.050791,0.040770,-0.442239,
1625007623.000000,95079899.000000,0.267718,-0.371950,-0.012544,0.011138,0.020772,-0.727031,0.686200,0.119497,-0.011601,0.005080,0.017396,0.024883,-0.438865,
1625007623.000000,100082874.000000,0.267628,-0.372540,-0.012566,0.011265,0.020843,-0.727787,0.685394,0.121576,-0.010570,0.003029,0.013657,0.062478,-0.434733,
1625007623.000000,105085850.000000,0.267561,-0.373209,-0.012593,0.011335,0.020919,-0.728517,0.684614,0.131004,-0.006703,0.001814,0.012165,0.030216,-0.421794,
1625007623.000000,110088825.000000,0.267489,-0.373878,-0.012631,0.011405,0.020960,-0.729245,0.683837,0.136109,-0.004687,-0.000024,0.011430,0.052325,-0.432433,
1625007623.000000,115091801.000000,0.266912,-0.374792,-0.011696,0.011762,0.021302,-0.729926,0.683093,0.142749,-0.005194,0.003117,-0.014280,0.137116,-0.445171,
1625007623.000000,120095015.000000,0.266848,-0.375453,-0.011693,0.011991,0.021619,-0.730680,0.682272,0.141189,-0.002917,0.002308,-0.014472,0.145066,-0.440926,
1625007623.000000,125097990.000000,0.266790,-0.376161,-0.011717,0.012165,0.021843,-0.731427,0.681461,0.143700,-0.000783,0.000563,-0.004681,0.088479,-0.444013,
1625007623.000000,130100727.000000,0.266739,-0.376884,-0.011754,0.012246,0.021999,-0.732191,0.680633,0.146158,0.001370,-0.000926,-0.027031,0.055630,-0.454746,
1625007623.000000,135103941.000000,0.266678,-0.377555,-0.011766,0.012224,0.022117,-0.732963,0.679799,0.139126,0.000178,0.001830,-0.020896,-0.009799,-0.452633,
1625007623.000000,140106678.000000,0.266628,-0.378248,-0.011797,0.012111,0.022117,-0.733733,0.678969,0.137936,0.000985,0.001322,-0.034355,-0.024089,-0.458929,
1625007623.000000,190136671.000000,0.263979,-0.385159,-0.011885,0.011558,0.020783,-0.740994,0.671091,0.103779,-0.014191,0.001632,0.013288,-0.151033,-0.427819,
1625007623.000000,195139647.000000,0.263846,-0.385895,-0.011820,0.011287,0.020507,-0.741708,0.670315,0.127224,-0.012052,0.009060,0.031298,-0.105842,-0.421300,
1625007623.000000,200142860.000000,0.263724,-0.386540,-0.011810,0.011265,0.020409,-0.742432,0.669515,0.133146,-0.010501,0.008240,0.019890,0.037943,-0.446836,
1625007623.000000,205145836.000000,0.263604,-0.387221,-0.011807,0.011412,0.020539,-0.743186,0.668672,0.139454,-0.008905,0.007486,0.013128,0.113215,-0.442848,
1625007623.000000,210148811.000000,0.263518,-0.387885,-0.011870,0.011615,0.020718,-0.743901,0.667868,0.139202,-0.003570,-0.002182,-0.004635,0.092091,-0.420223,
1625007623.000000,215151787.000000,0.262808,-0.388167,-0.010282,0.012125,0.021245,-0.744568,0.667098,0.134334,-0.004238,0.012488,-0.014616,0.110659,-0.425366,
1625007623.000000,220154762.000000,0.262720,-0.388839,-0.010255,0.012310,0.021466,-0.745285,0.666287,0.136400,-0.001163,0.009364,0.001507,0.105793,-0.435081,
1625007623.000000,225158691.000000,0.262644,-0.389523,-0.010246,0.012441,0.021625,-0.746013,0.665464,0.138474,0.001933,0.006422,-0.014347,0.066329,-0.443530,
1625007623.000000,230161905.000000,0.262510,-0.390153,-0.010135,0.012461,0.021757,-0.746761,0.664620,0.134337,-0.003118,0.014874,-0.024173,0.018767,-0.460587,
1625007623.000000,235163927.000000,0.262417,-0.390820,-0.010089,0.012458,0.021856,-0.747535,0.663746,0.134483,-0.002412,0.015106,-0.014463,0.069102,-0.471291,
1625007623.000000,275188923.000000,0.260634,-0.395872,-0.010691,0.012825,0.021552,-0.753296,0.657203,0.100132,-0.015850,0.028976,0.008736,-0.110764,-0.421065,
1625007623.000000,280191898.000000,0.260125,-0.396940,-0.010849,0.012667,0.021349,-0.753921,0.656496,0.099948,-0.011824,0.007888,0.025860,-0.243088,-0.409095,
1625007623.000000,285194635.000000,0.260004,-0.397414,-0.010842,0.012225,0.020894,-0.754604,0.655734,0.094606,-0.009823,0.002511,0.029214,-0.235640,-0.413390,
1625007623.000000,290197849.000000,0.259844,-0.398060,-0.010732,0.011900,0.020539,-0.755297,0.654953,0.111425,-0.010635,0.013176,0.041785,-0.129585,-0.424060,
1625007623.000000,295200586.000000,0.259715,-0.398609,-0.010701,0.011780,0.020350,-0.755995,0.654155,0.113048,-0.009523,0.012140,0.011267,-0.051858,-0.418806,
1625007623.000000,300203562.000000,0.259589,-0.399163,-0.010676,0.011677,0.020311,-0.756681,0.653365,0.114504,-0.008413,0.010995,-0.005218,-0.026650,-0.426093,
1625007623.000000,305206776.000000,0.259468,-0.399778,-0.010681,0.011688,0.020313,-0.757392,0.652540,0.123275,-0.005861,0.005839,0.030159,0.060955,-0.441158,
1625007623.000000,310209751.000000,0.259350,-0.400396,-0.010684,0.011920,0.020436,-0.758115,0.651692,0.127825,-0.004127,0.003233,0.022914,0.130360,-0.446436,
1625007623.000000,315212727.000000,0.258050,-0.401934,-0.009805,0.012297,0.020795,-0.758761,0.650922,0.153716,-0.012391,0.020181,-0.005092,0.115421,-0.424015,
1625007623.000000,320215940.000000,0.257902,-0.402597,-0.009783,0.012433,0.020977,-0.759439,0.650121,0.146886,-0.008989,0.014203,-0.017745,0.065545,-0.429055,
1625007623.000000,370245934.000000,0.256016,-0.409409,-0.010078,0.013228,0.021369,-0.766644,0.641580,0.119236,-0.017081,0.040404,0.063202,-0.029417,-0.420549,
1625007623.000000,375248909.000000,0.255829,-0.409978,-0.009896,0.013114,0.021152,-0.767315,0.640788,0.113910,-0.017093,0.042697,0.031199,-0.118038,-0.410990,
1625007623.000000,380251646.000000,0.255183,-0.410755,-0.010130,0.012963,0.020959,-0.767908,0.640085,0.098032,-0.020346,0.032921,0.011913,-0.151562,-0.415114,
1625007623.000000,385254860.000000,0.255015,-0.411323,-0.010132,0.012617,0.020651,-0.768573,0.639304,0.103805,-0.016132,0.018688,0.024693,-0.226508,-0.401392,
1625007623.000000,390257835.000000,0.254845,-0.411822,-0.010072,0.012204,0.020216,-0.769223,0.638544,0.101619,-0.014862,0.014956,0.049272,-0.203955,-0.411778,
1625007623.000000,395260811.000000,0.254682,-0.412309,-0.010017,0.011947,0.019906,-0.769906,0.637735,0.099307,-0.013595,0.012093,0.012230,-0.116407,-0.429092,
1625007623.000000,400264025.000000,0.254509,-0.412926,-0.009915,0.011776,0.019789,-0.770596,0.636908,0.116921,-0.011072,0.018607,0.016964,-0.037201,-0.436421,
1625007623.000000,405266762.000000,0.254346,-0.413508,-0.009845,0.011784,0.019747,-0.771294,0.636064,0.122228,-0.009255,0.018337,0.010170,0.016004,-0.434376,
1625007623.000000,410269737.000000,0.254186,-0.414116,-0.009782,0.011880,0.019851,-0.771980,0.635226,0.127471,-0.007420,0.017834,0.013838,0.128800,-0.434265,
1625007623.000000,415272951.000000,0.253354,-0.415243,-0.009749,0.012296,0.020211,-0.772614,0.634435,0.142094,-0.009452,0.004539,0.007952,0.163542,-0.424630,
1625007623.000000,505327940.000000,0.249243,-0.426548,-0.009864,0.012089,0.019378,-0.784795,0.619335,0.117129,-0.008834,0.015480,0.013402,0.002404,-0.443565,
1625007623.000000,510329962.000000,0.249072,-0.427169,-0.009839,0.012103,0.019445,-0.785478,0.618466,0.126496,-0.005129,0.011295,-0.006467,0.055029,-0.436125,
1625007623.000000,515333652.000000,0.247838,-0.428588,-0.008576,0.012411,0.019741,-0.786133,0.617617,0.148567,-0.010420,0.007690,-0.006021,0.085995,-0.437985,
1625007623.000000,520335674.000000,0.247613,-0.429312,-0.008585,0.012620,0.019947,-0.786809,0.616745,0.153250,-0.008314,0.003489,0.009692,0.180817,-0.437079,
1625007623.000000,525339842.000000,0.247415,-0.429957,-0.008554,0.012981,0.020227,-0.787471,0.615883,0.145667,-0.006590,0.006042,-0.004834,0.133308,-0.431636,
1625007623.000000,530341864.000000,0.247211,-0.430660,-0.008556,0.013067,0.020370,-0.788134,0.615027,0.146318,-0.004620,0.004862,-0.006366,0.028249,-0.433808,
1625007623.000000,535345793.000000,0.247015,-0.431364,-0.008560,0.013075,0.020431,-0.788813,0.614154,0.146694,-0.002644,0.003852,-0.025059,0.019053,-0.456096,
1625007623.000000,540349007.000000,0.246814,-0.432039,-0.008528,0.013061,0.020555,-0.789524,0.613236,0.142855,-0.003760,0.008229,-0.018137,0.047630,-0.465875,
1625007623.000000,545351744.000000,0.246620,-0.432726,-0.008517,0.013093,0.020654,-0.790225,0.612328,0.141715,-0.003021,0.008261,-0.027150,0.002554,-0.449807,
1625007623.000000,550354719.000000,0.246229,-0.433549,-0.009624,0.012737,0.020483,-0.790854,0.611530,0.141194,-0.004709,-0.003086,-0.035106,-0.032906,-0.446453,
1625007623.000000,595359087.000000,0.244511,-0.438912,-0.008703,0.012795,0.019528,-0.796857,0.603717,0.108911,-0.003819,0.013585,0.016129,-0.148727,-0.423144,
1625007623.000000,600362062.000000,0.244350,-0.439427,-0.008672,0.012511,0.019295,-0.797497,0.602884,0.106167,-0.002442,0.008916,0.021374,-0.107184,-0.425081,
1625007623.000000,605365276.000000,0.244173,-0.440048,-0.008617,0.012403,0.019174,-0.798152,0.602023,0.120468,-0.000043,0.011804,0.013090,-0.026101,-0.439042,
1625007623.000000,610368252.000000,0.244008,-0.440640,-0.008586,0.012407,0.019185,-0.798819,0.601138,0.124592,0.001784,0.010681,0.009638,0.047784,-0.445419,
1625007623.000000,615371227.000000,0.244034,-0.441610,-0.008485,0.012309,0.019305,-0.799465,0.600277,0.146304,0.008529,0.019859,0.008769,0.081949,-0.442189,
1625007623.000000,620374203.000000,0.243877,-0.442307,-0.008484,0.012499,0.019467,-0.800126,0.599385,0.147217,0.010036,0.012545,0.000142,0.140908,-0.446409,
1625007623.000000,625377178.000000,0.243719,-0.443039,-0.008464,0.012800,0.019718,-0.800794,0.598479,0.150506,0.011853,0.010183,0.004402,0.157334,-0.448609,
1625007623.000000,630380154.000000,0.243564,-0.443789,-0.008450,0.013041,0.019940,-0.801457,0.597578,0.153863,0.013685,0.008213,-0.022047,0.109353,-0.444314,
1625007623.000000,635383368.000000,0.243427,-0.444474,-0.008398,0.013123,0.020128,-0.802116,0.596684,0.145047,0.014042,0.012519,-0.025590,0.033188,-0.445351,
1625007623.000000,640386343.000000,0.243289,-0.445189,-0.008371,0.013105,0.020187,-0.802785,0.595782,0.143564,0.015271,0.012541,-0.004037,0.013707,-0.453891,
1625007623.000000,685413361.000000,0.241771,-0.451107,-0.008186,0.013645,0.019802,-0.808710,0.587715,0.108396,0.008959,0.028019,0.033458,-0.217294,-0.413294,
1625007623.000000,690416336.000000,0.241652,-0.451629,-0.008077,0.013204,0.019465,-0.809331,0.586881,0.102587,0.010060,0.025530,0.012775,-0.214694,-0.420856,
1625007623.000000,695419312.000000,0.241548,-0.452123,-0.007977,0.012873,0.019185,-0.809964,0.586025,0.096696,0.011147,0.022711,0.031127,-0.096414,-0.433608,
1625007623.000000,700422287.000000,0.241418,-0.452725,-0.007882,0.012756,0.019052,-0.810603,0.585147,0.110711,0.013037,0.022021,0.007837,-0.095210,-0.428408,
1625007623.000000,705425262.000000,0.241308,-0.453282,-0.007796,0.012524,0.018892,-0.811228,0.584291,0.113022,0.014463,0.020752,0.025499,-0.077600,-0.427149,
1625007623.000000,710428238.000000,0.241199,-0.453851,-0.007715,0.012487,0.018789,-0.811871,0.583401,0.115121,0.015905,0.019856,0.019708,-0.008849,-0.451708,
1625007623.000000,715431452.000000,0.239972,-0.453389,-0.007459,0.012518,0.018944,-0.812549,0.582451,0.123554,0.010956,0.021953,0.010712,0.078643,-0.452977,
1625007623.000000,720434427.000000,0.239829,-0.454001,-0.007367,0.012726,0.019098,-0.813192,0.581543,0.125874,0.012456,0.021837,-0.012240,0.106742,-0.436837,
1625007623.000000,725437164.000000,0.239688,-0.454630,-0.007279,0.012900,0.019313,-0.813826,0.580644,0.128347,0.013976,0.021756,-0.008505,0.132567,-0.447434,
1625007623.000000,730440378.000000,0.239601,-0.455188,-0.007337,0.013216,0.019557,-0.814480,0.579712,0.124442,0.017192,0.011549,0.002620,0.186955,-0.455052,
1625007623.000000,775467157.000000,0.237153,-0.461623,-0.007480,0.014312,0.020014,-0.820342,0.571344,0.112769,0.007647,0.039333,0.048329,0.007512,-0.421890,
1625007623.000000,780470133.000000,0.237000,-0.462160,-0.007310,0.014177,0.019816,-0.820941,0.570493,0.106991,0.008411,0.039662,0.047122,-0.148206,-0.417543,
1625007623.000000,785473108.000000,0.236644,-0.463068,-0.007322,0.013921,0.019402,-0.821549,0.569638,0.092727,0.009934,0.035854,0.046319,-0.237853,-0.433651,
1625007623.000000,790477276.000000,0.236487,-0.463692,-0.007236,0.013419,0.018987,-0.822180,0.568752,0.106987,0.012747,0.028351,0.012222,-0.259157,-0.433718,
1625007623.000000,795479298.000000,0.236362,-0.464225,-0.007108,0.012967,0.018674,-0.822803,0.567872,0.107171,0.014166,0.026625,0.022571,-0.150222,-0.435723,
1625007623.000000,800483227.000000,0.236242,-0.464759,-0.006991,0.012834,0.018513,-0.823434,0.566965,0.107153,0.015585,0.024910,0.027262,-0.016221,-0.446443,
1625007623.000000,805486441.000000,0.236127,-0.465290,-0.006889,0.012871,0.018501,-0.824064,0.566049,0.106825,0.016993,0.022961,0.023750,0.026203,-0.436922,
1625007623.000000,810489178.000000,0.235984,-0.465941,-0.006793,0.012929,0.018502,-0.824679,0.565150,0.121054,0.019588,0.022023,0.011214,0.017522,-0.440998,
1625007623.000000,815491199.000000,0.235287,-0.466125,-0.005741,0.013144,0.018762,-0.825356,0.564147,0.131859,0.019781,0.024197,-0.001708,0.048124,-0.443377,
1625007623.000000,820495367.000000,0.235139,-0.466787,-0.005654,0.013270,0.018883,-0.825979,0.563228,0.135648,0.021661,0.022259,-0.001664,0.092802,-0.448552,
1625007623.000000,865522146.000000,0.233051,-0.473910,-0.006269,0.013993,0.019623,-0.831691,0.554715,0.126580,0.021173,0.042083,0.092253,0.080776,-0.477402,
1625007623.000000,870525360.000000,0.232915,-0.474514,-0.006091,0.014349,0.019675,-0.832354,0.553709,0.121239,0.020420,0.046353,0.030677,0.166217,-0.472229,
1625007623.000000,875528336.000000,0.232775,-0.475116,-0.005876,0.014635,0.019848,-0.832985,0.552746,0.118094,0.019619,0.052794,0.037315,0.074257,-0.446538,
1625007623.000000,880531311.000000,0.231013,-0.475298,-0.006764,0.014811,0.019645,-0.833603,0.551816,0.116653,0.007116,0.041114,0.050919,-0.175959,-0.410420,
1625007623.000000,885534525.000000,0.230872,-0.475807,-0.006703,0.014399,0.019211,-0.834179,0.550971,0.108645,0.009739,0.029817,0.100263,-0.222650,-0.422936,
1625007623.000000,890537262.000000,0.230718,-0.476310,-0.006632,0.014071,0.018732,-0.834796,0.550061,0.103423,0.010037,0.024989,0.038561,-0.249637,-0.444603,
1625007623.000000,895539999.000000,0.230567,-0.476796,-0.006559,0.013515,0.018471,-0.835409,0.549151,0.098761,0.010283,0.021251,-0.061639,-0.167547,-0.437027,
1625007623.000000,900543213.000000,0.230373,-0.477438,-0.006444,0.013324,0.018492,-0.836009,0.548242,0.118690,0.014175,0.022519,0.010803,0.040125,-0.441223,
1625007623.000000,905546188.000000,0.230197,-0.478031,-0.006355,0.013508,0.018484,-0.836617,0.547309,0.123626,0.015927,0.020853,0.070115,0.039557,-0.442386,
1625007623.000000,910549164.000000,0.230021,-0.478648,-0.006286,0.013584,0.018403,-0.837221,0.546386,0.128545,0.017702,0.019610,0.025194,0.013025,-0.439122,
1625007624.000000,5606174.000000,0.222174,-0.490128,-0.003178,0.013459,0.018051,-0.848826,0.528193,0.142316,-0.004271,0.061687,0.021931,0.027302,-0.461650,
1625007624.000000,10609388.000000,0.221843,-0.490805,-0.002918,0.013637,0.018121,-0.849439,0.527200,0.148736,-0.000641,0.057763,0.027178,0.113407,-0.455541,
1625007624.000000,15612364.000000,0.221727,-0.489882,-0.004294,0.013829,0.018362,-0.850065,0.526175,0.132076,0.003386,0.019913,-0.006730,0.095482,-0.442577,
1625007624.000000,20615339.000000,0.221444,-0.490497,-0.004235,0.013944,0.018508,-0.850641,0.525236,0.136068,0.005563,0.017481,-0.008164,0.061205,-0.434207,
1625007624.000000,25618315.000000,0.221189,-0.491067,-0.004160,0.014087,0.018630,-0.851214,0.524299,0.132089,0.006833,0.016797,-0.005639,0.110871,-0.452112,
1625007624.000000,30621290.000000,0.220931,-0.491672,-0.004098,0.014311,0.018827,-0.851811,0.523315,0.132762,0.008738,0.015241,-0.006972,0.100948,-0.454567,
1625007624.000000,35624266.000000,0.220676,-0.492284,-0.004046,0.014428,0.018968,-0.852403,0.522343,0.133372,0.010634,0.013938,-0.032247,0.057966,-0.465939,
1625007624.000000,40628195.000000,0.220426,-0.492904,-0.004002,0.014508,0.019166,-0.853015,0.521332,0.133948,0.012540,0.012866,-0.030541,0.103484,-0.467343,
1625007624.000000,45631170.000000,0.220169,-0.493482,-0.003965,0.014688,0.019359,-0.853612,0.520342,0.130042,0.010508,0.011946,-0.014193,0.075564,-0.463868,
1625007624.000000,50634146.000000,0.219134,-0.494362,-0.005631,0.014712,0.019318,-0.854229,0.519330,0.133608,0.005266,0.006138,-0.025935,-0.030699,-0.439685,
1625007624.000000,95712662.000000,0.215177,-0.497273,-0.005189,0.014113,0.018197,-0.859404,0.510779,0.099016,-0.009682,0.017193,0.031457,-0.172446,-0.448258,
1625007624.000000,100715637.000000,0.214903,-0.497687,-0.005129,0.013860,0.017974,-0.859979,0.509824,0.096546,-0.008179,0.013776,0.028436,-0.080457,-0.437607,
1625007624.000000,105718851.000000,0.214563,-0.498227,-0.005042,0.013774,0.017903,-0.860530,0.508898,0.115760,-0.007076,0.017623,0.003810,-0.011402,-0.428930,
1625007624.000000,110721588.000000,0.214247,-0.498735,-0.004981,0.013811,0.017946,-0.861086,0.507955,0.121860,-0.005694,0.017178,0.007962,0.074072,-0.451289,
1625007624.000000,115724564.000000,0.212581,-0.500322,-0.005684,0.013971,0.018046,-0.861670,0.506956,0.144364,-0.010691,0.006344,0.011391,0.123239,-0.457950,
1625007624.000000,120727777.000000,0.212224,-0.500888,-0.005705,0.014217,0.018195,-0.862237,0.505978,0.142100,-0.007607,0.001833,0.008066,0.107229,-0.442952,
1625007624.000000,125730753.000000,0.211844,-0.501500,-0.005737,0.014396,0.018326,-0.862792,0.505021,0.145097,-0.005586,-0.001229,-0.014150,0.077458,-0.444992,
1625007624.000000,130733728.000000,0.211463,-0.502128,-0.005790,0.014510,0.018493,-0.863358,0.504044,0.147934,-0.003555,-0.004445,-0.026097,0.087918,-0.456808,
1625007624.000000,135736942.000000,0.211090,-0.502721,-0.005816,0.014631,0.018664,-0.863932,0.503049,0.143803,-0.004177,-0.001658,-0.026986,0.052356,-0.460000,
1625007624.000000,140739679.000000,0.210717,-0.503336,-0.005862,0.014647,0.018776,-0.864513,0.502045,0.143922,-0.003203,-0.002121,-0.017534,0.033753,-0.471654,
1625007624.000000,190769672.000000,0.206402,-0.509339,-0.007102,0.015031,0.018388,-0.870088,0.492324,0.099928,-0.011627,0.008058,0.015629,-0.265503,-0.399403,
1625007624.000000,195772648.000000,0.206108,-0.509723,-0.007095,0.014464,0.018023,-0.870598,0.491452,0.093986,-0.009959,0.002502,0.038963,-0.219624,-0.419564,
1625007624.000000,200775623.000000,0.205749,-0.510214,-0.007046,0.014183,0.017778,-0.871134,0.490519,0.109324,-0.009615,0.008295,0.024365,-0.075850,-0.433639,
1625007624.000000,205778599.000000,0.205422,-0.510665,-0.007030,0.014081,0.017720,-0.871661,0.489586,0.112053,-0.008450,0.007878,0.003758,-0.033274,-0.422880,
1625007624.000000,210781574.000000,0.205093,-0.511129,-0.007015,0.014032,0.017703,-0.872182,0.488660,0.114576,-0.007280,0.007365,0.004993,0.021185,-0.434487,
1625007624.000000,215784788.000000,0.204869,-0.512252,-0.006850,0.014362,0.018001,-0.872773,0.487583,0.140933,-0.001403,-0.001026,0.018796,0.109573,-0.449647,
1625007624.000000,220787525.000000,0.204493,-0.512859,-0.006903,0.014687,0.018160,-0.873315,0.486596,0.145553,0.000645,-0.004400,0.005140,0.192018,-0.445350,
1625007624.000000,225790501.000000,0.204108,-0.513496,-0.006979,0.015045,0.018416,-0.873841,0.485630,0.150368,0.002700,-0.007545,-0.021687,0.119668,-0.430429,
1625007624.000000,230793715.000000,0.203755,-0.514081,-0.007017,0.015156,0.018560,-0.874357,0.484691,0.143000,0.003735,-0.005099,-0.008965,0.064399,-0.432448,
1625007624.000000,235796690.000000,0.203394,-0.514698,-0.007077,0.015279,0.018674,-0.874891,0.483719,0.142848,0.005380,-0.006289,-0.014015,0.056753,-0.453833,
1625007624.000000,280823708.000000,0.199299,-0.520037,-0.006892,0.016220,0.018891,-0.879742,0.474799,0.106373,-0.009010,0.024888,0.041171,-0.096904,-0.415580,
1625007624.000000,285827637.000000,0.198977,-0.520449,-0.006789,0.015960,0.018658,-0.880243,0.473888,0.099847,-0.008899,0.024688,0.043433,-0.143866,-0.419834,
1625007624.000000,290830851.000000,0.198672,-0.520835,-0.006680,0.015636,0.018425,-0.880750,0.472964,0.093329,-0.008812,0.024829,0.005249,-0.180400,-0.421008,
1625007624.000000,295833826.000000,0.198329,-0.521351,-0.006667,0.015191,0.018222,-0.881250,0.472055,0.104391,-0.004261,0.015339,0.008002,-0.184067,-0.411375,
1625007624.000000,300836802.000000,0.198025,-0.521777,-0.006623,0.014823,0.017983,-0.881743,0.471155,0.103359,-0.002812,0.011780,0.029724,-0.167760,-0.415567,
1625007624.000000,305839777.000000,0.197730,-0.522200,-0.006594,0.014561,0.017784,-0.882246,0.470228,0.102206,-0.001364,0.008480,0.031691,-0.048726,-0.428422,
1625007624.000000,310842752.000000,0.197387,-0.522714,-0.006542,0.014597,0.017759,-0.882753,0.469275,0.116293,0.000855,0.011682,0.010531,0.032831,-0.430583,
1625007624.000000,315845728.000000,0.196377,-0.522170,-0.005309,0.014886,0.017873,-0.883287,0.468255,0.131923,-0.004399,0.019402,-0.000241,0.047138,-0.419933,
1625007624.000000,320848942.000000,0.195984,-0.522718,-0.005244,0.015015,0.017961,-0.883779,0.467319,0.136814,-0.002566,0.018509,0.004097,0.092586,-0.432584,
1625007624.000000,325851917.000000,0.195626,-0.523239,-0.005237,0.015269,0.018115,-0.884290,0.466337,0.134552,0.000040,0.011491,-0.001189,0.149929,-0.443434,
1625007624.000000,375881672.000000,0.192074,-0.528426,-0.005122,0.016687,0.018991,-0.889472,0.456290,0.113885,-0.006626,0.053470,0.081808,0.079326,-0.444537,
1625007624.000000,380884647.000000,0.191811,-0.528524,-0.005344,0.016953,0.018838,-0.889974,0.455306,0.104184,-0.014002,0.056955,0.085217,-0.041503,-0.425377,
1625007624.000000,385887623.000000,0.191448,-0.528906,-0.005044,0.016735,0.018594,-0.890455,0.454383,0.099365,-0.015969,0.065776,0.012967,-0.194211,-0.407241,
1625007624.000000,390890598.000000,0.191216,-0.529291,-0.005111,0.016196,0.018365,-0.890924,0.453491,0.090711,-0.005312,0.032894,0.008002,-0.231728,-0.408254,
1625007624.000000,395893574.000000,0.190937,-0.529638,-0.004978,0.015731,0.018099,-0.891405,0.452573,0.084749,-0.003618,0.027849,0.010910,-0.190996,-0.423228,
1625007624.000000,400896788.000000,0.190682,-0.529966,-0.004871,0.015321,0.017889,-0.891893,0.451633,0.078953,-0.001943,0.022555,0.032642,-0.175059,-0.421176,
1625007624.000000,405899763.000000,0.190337,-0.530407,-0.004739,0.015032,0.017645,-0.892374,0.450701,0.097742,-0.002035,0.025750,0.033288,-0.092851,-0.423173,
1625007624.000000,410902500.000000,0.190033,-0.530808,-0.004633,0.014930,0.017593,-0.892858,0.449747,0.101541,-0.001039,0.024602,-0.008655,-0.007553,-0.430713,
1625007624.000000,415905714.000000,0.189228,-0.530720,-0.004392,0.014855,0.017743,-0.893372,0.448722,0.117200,-0.005121,0.027957,0.005093,0.044133,-0.437121,
1625007624.000000,420908689.000000,0.188847,-0.531240,-0.004387,0.014982,0.017777,-0.893860,0.447743,0.126047,-0.001329,0.016847,0.020454,0.053863,-0.431852,
1625007624.000000,470938683.000000,0.184708,-0.535699,-0.004181,0.016604,0.018677,-0.898777,0.437693,0.112616,-0.007570,0.038289,0.035648,0.182306,-0.452173,
1625007624.000000,475941896.000000,0.184324,-0.536124,-0.003998,0.016980,0.018776,-0.899253,0.436695,0.112212,-0.009930,0.045237,0.093142,0.120596,-0.430685,
1625007624.000000,480944872.000000,0.183013,-0.535868,-0.004560,0.017315,0.018496,-0.899719,0.435735,0.098199,-0.015274,0.038538,0.126384,0.005167,-0.430676,
1625007624.000000,485947847.000000,0.182664,-0.536190,-0.004403,0.017250,0.018275,-0.900189,0.434774,0.089976,-0.014880,0.035615,0.023675,-0.116845,-0.414875,
1625007624.000000,490950584.000000,0.182339,-0.536481,-0.004275,0.016845,0.018144,-0.900633,0.433874,0.081915,-0.014542,0.031755,-0.028905,-0.207927,-0.397641,
1625007624.000000,495953798.000000,0.182035,-0.536752,-0.004122,0.016250,0.017908,-0.901077,0.432985,0.074346,-0.014217,0.029965,0.024418,-0.298896,-0.404075,
1625007624.000000,500956774.000000,0.181659,-0.537134,-0.004029,0.015666,0.017533,-0.901538,0.432061,0.086936,-0.012333,0.022646,0.038793,-0.180149,-0.428568,
1625007624.000000,505959749.000000,0.181348,-0.537428,-0.003929,0.015449,0.017366,-0.902010,0.431090,0.085218,-0.011491,0.019229,0.037233,-0.075789,-0.425559,
1625007624.000000,510962725.000000,0.181042,-0.537721,-0.003843,0.015347,0.017242,-0.902464,0.430147,0.083725,-0.010658,0.015973,0.020566,-0.001756,-0.416807,
1625007624.000000,515965700.000000,0.179068,-0.538133,-0.004255,0.015326,0.017446,-0.902914,0.429194,0.121332,-0.011959,0.021263,-0.022185,0.053988,-0.421132,
1625007624.000000,606020689.000000,0.170790,-0.545587,-0.005869,0.015684,0.017096,-0.911137,0.411449,0.095303,-0.012413,0.014145,0.071245,-0.142935,-0.419069,
1625007624.000000,611023664.000000,0.170419,-0.545917,-0.005805,0.015579,0.016856,-0.911582,0.410477,0.100098,-0.012373,0.015429,0.050742,-0.003409,-0.432888,
1625007624.000000,616026878.000000,0.169081,-0.547582,-0.006946,0.015338,0.016876,-0.912017,0.409517,0.135362,-0.010930,0.002409,-0.037052,0.056191,-0.415950,
1625007624.000000,621029854.000000,0.168576,-0.548045,-0.006967,0.015406,0.017036,-0.912437,0.408572,0.141007,-0.010861,0.002378,-0.001376,0.042354,-0.425266,
1625007624.000000,626032829.000000,0.168161,-0.548520,-0.007189,0.015543,0.017045,-0.912878,0.407579,0.139486,-0.003183,-0.018236,0.031474,0.094804,-0.431975,
1625007624.000000,631035805.000000,0.167680,-0.549032,-0.007315,0.015829,0.017143,-0.913313,0.406588,0.143651,-0.000766,-0.023149,0.015012,0.127308,-0.438120,
1625007624.000000,636038780.000000,0.167192,-0.549568,-0.007467,0.016106,0.017284,-0.913756,0.405577,0.147949,0.001683,-0.027857,-0.018829,0.143687,-0.434084,
1625007624.000000,641041756.000000,0.166719,-0.550092,-0.007565,0.016391,0.017522,-0.914188,0.404581,0.146008,0.002894,-0.021774,-0.029819,0.130403,-0.443402,
1625007624.000000,646044970.000000,0.166752,-0.550663,-0.007025,0.016940,0.017779,-0.914662,0.403472,0.135526,0.007551,-0.013136,-0.005225,0.123670,-0.456397,
1625007624.000000,651047945.000000,0.166326,-0.551191,-0.007120,0.017118,0.017894,-0.915120,0.402420,0.136432,0.009509,-0.014336,-0.014533,0.018352,-0.458504,
1625007624.000000,701077700.000000,0.161157,-0.554875,-0.007000,0.016739,0.017195,-0.919437,0.392504,0.098866,-0.007910,0.009504,0.042171,-0.316085,-0.404217,
1625007624.000000,706080675.000000,0.160790,-0.555203,-0.006985,0.016096,0.016821,-0.919850,0.391579,0.097363,-0.007223,0.004991,0.054450,-0.241948,-0.410549,
1625007624.000000,711083651.000000,0.159321,-0.554964,-0.007534,0.015520,0.016506,-0.920270,0.390626,0.103842,-0.013200,0.010762,0.048259,-0.062564,-0.431872,
1625007624.000000,716086626.000000,0.158796,-0.555465,-0.007588,0.015563,0.016483,-0.920693,0.389628,0.125702,-0.007574,0.001625,-0.010240,0.086935,-0.426672,
1625007624.000000,721089602.000000,0.158312,-0.555905,-0.007556,0.015745,0.016657,-0.921099,0.388653,0.132656,-0.005225,0.001331,-0.020287,0.064090,-0.425385,
1625007624.000000,726092815.000000,0.157821,-0.556376,-0.007572,0.015826,0.016708,-0.921515,0.387661,0.139362,-0.002800,-0.000550,0.025828,0.051353,-0.430868,
1625007624.000000,731095791.000000,0.157308,-0.556886,-0.007632,0.016031,0.016737,-0.921937,0.386647,0.146301,-0.000323,-0.003357,0.019634,0.111237,-0.452017,
1625007624.000000,736098766.000000,0.156839,-0.557340,-0.007664,0.016329,0.016871,-0.922370,0.385593,0.140324,0.000001,-0.002497,0.000157,0.159865,-0.442734,
1625007624.000000,741101742.000000,0.156331,-0.557857,-0.007722,0.016654,0.017062,-0.922782,0.384584,0.143464,0.001769,-0.004123,-0.031564,0.120001,-0.439163,
1625007624.000000,746105671.000000,0.155583,-0.557224,-0.007533,0.017172,0.017206,-0.923224,0.383493,0.143887,-0.002440,-0.016134,-0.018098,0.120416,-0.452130,
1625007624.000000,786129951.000000,0.152362,-0.560997,-0.005234,0.018111,0.017313,-0.926661,0.375063,0.111379,-0.015653,0.062431,0.110004,0.059780,-0.447980,
1625007624.000000,791132927.000000,0.151903,-0.561333,-0.004893,0.018138,0.017170,-0.927069,0.374057,0.107842,-0.018130,0.073704,-0.007829,-0.070944,-0.419118,
1625007624.000000,796135664.000000,0.151544,-0.561671,-0.004733,0.017778,0.017146,-0.927454,0.373122,0.097866,-0.008070,0.049297,-0.009074,-0.199018,-0.393573,
1625007624.000000,801138639.000000,0.151176,-0.561983,-0.004509,0.017216,0.016869,-0.927834,0.372214,0.092067,-0.005589,0.044054,0.031596,-0.276594,-0.408324,
1625007624.000000,806141615.000000,0.150835,-0.562282,-0.004318,0.016649,0.016592,-0.928234,0.371253,0.086403,-0.003120,0.038714,0.038397,-0.183679,-0.418218,
1625007624.000000,811144590.000000,0.150366,-0.562677,-0.004069,0.016356,0.016378,-0.928630,0.370283,0.106912,-0.005066,0.046679,0.037728,-0.132815,-0.427566,
1625007624.000000,816147804.000000,0.149045,-0.564428,-0.004530,0.016092,0.016396,-0.929040,0.369266,0.122864,-0.000468,0.036868,0.010915,-0.001793,-0.428848,
1625007624.000000,821150541.000000,0.148589,-0.564854,-0.004354,0.016226,0.016477,-0.929434,0.368263,0.126879,0.000299,0.038074,-0.006288,0.068750,-0.440353,
1625007624.000000,826153517.000000,0.148153,-0.565312,-0.004288,0.016329,0.016541,-0.929837,0.367236,0.129148,0.005023,0.027038,0.012895,0.058007,-0.428932,
1625007624.000000,831156731.000000,0.147687,-0.565789,-0.004192,0.016480,0.016575,-0.930225,0.366244,0.133334,0.007150,0.023554,0.014173,0.056443,-0.437056,
1625007624.000000,886189699.000000,0.141952,-0.573567,-0.002873,0.018221,0.017121,-0.934711,0.354529,0.129692,-0.000644,0.095904,0.066313,0.045568,-0.433030,
1625007624.000000,891192675.000000,0.141675,-0.573982,-0.002831,0.018269,0.017042,-0.935092,0.353524,0.110487,0.011119,0.059751,0.038298,-0.044146,-0.423503,
1625007624.000000,896195889.000000,0.141307,-0.574391,-0.002568,0.018016,0.016896,-0.935464,0.352557,0.103498,0.012522,0.056332,0.009845,-0.176824,-0.403283,
1625007624.000000,901198864.000000,0.140970,-0.574780,-0.002325,0.017450,0.016706,-0.935824,0.351638,0.096361,0.013878,0.052560,0.005258,-0.288082,-0.396778,
1625007624.000000,906201601.000000,0.140565,-0.575225,-0.002052,0.016809,0.016413,-0.936193,0.350702,0.106482,0.013906,0.055316,0.057560,-0.221951,-0.413876,
1625007624.000000,911204815.000000,0.140205,-0.575640,-0.001803,0.016483,0.016149,-0.936571,0.349717,0.106208,0.014760,0.053762,0.043061,-0.111864,-0.427783,
1625007624.000000,916207790.000000,0.139544,-0.575632,-0.002023,0.016320,0.016164,-0.936963,0.348674,0.116380,0.012980,0.044974,0.006335,-0.035999,-0.424669,
1625007624.000000,921210766.000000,0.139056,-0.576198,-0.001913,0.016292,0.016168,-0.937333,0.347677,0.134268,0.018511,0.035790,-0.001956,0.012955,-0.430952,
1625007624.000000,926213980.000000,0.138598,-0.576726,-0.001762,0.016404,0.016223,-0.937713,0.346644,0.140487,0.020983,0.033865,0.020229,0.118357,-0.447008,
1625007624.000000,931216717.000000,0.138122,-0.577285,-0.001615,0.016752,0.016307,-0.938093,0.345594,0.147069,0.023503,0.032363,0.016335,0.124674,-0.434323,
1625007624.000000,971241713.000000,0.135608,-0.581157,-0.001498,0.017851,0.017041,-0.941141,0.337113,0.119253,0.021897,0.033865,0.039455,0.068492,-0.433262,
1625007624.000000,976244688.000000,0.135206,-0.581629,-0.001353,0.018037,0.016981,-0.941504,0.336090,0.117813,0.020245,0.039615,0.069417,0.018755,-0.439458,
1625007624.000000,981247663.000000,0.134089,-0.581652,-0.001347,0.017933,0.016758,-0.941894,0.335013,0.116760,0.008854,0.063721,0.084247,0.022791,-0.455629,
1625007624.000000,986250639.000000,0.133731,-0.582033,-0.001079,0.018038,0.016607,-0.942278,0.333932,0.107080,0.009730,0.066840,0.072569,-0.017273,-0.454602,
1625007624.000000,991253614.000000,0.133344,-0.582414,-0.000755,0.017960,0.016436,-0.942655,0.332880,0.102780,0.008793,0.073039,0.059661,-0.036469,-0.434345,
1625007624.000000,996256590.000000,0.132970,-0.582778,-0.000394,0.017900,0.016330,-0.943012,0.331875,0.098388,0.007819,0.079697,0.010907,-0.058776,-0.421469,
1625007625.000000,1259804.000000,0.132647,-0.583160,-0.000187,0.017606,0.016253,-0.943361,0.330902,0.094231,0.014699,0.059005,0.012496,-0.181996,-0.402421,
1625007625.000000,6262779.000000,0.132330,-0.583520,0.000074,0.017112,0.016031,-0.943701,0.329968,0.090346,0.016831,0.053817,0.026917,-0.211112,-0.404345,
1625007625.000000,11265755.000000,0.132034,-0.583875,0.000308,0.016681,0.015829,-0.944052,0.328995,0.086360,0.018952,0.048527,0.041441,-0.160878,-0.422629,
1625007625.000000,16268730.000000,0.130125,-0.584017,-0.000491,0.016457,0.015676,-0.944416,0.327966,0.110487,0.012356,0.030404,0.025837,-0.056415,-0.425875,
1625007625.000000,61295748.000000,0.125427,-0.587431,-0.000969,0.017705,0.016288,-0.947609,0.318526,0.126778,0.016333,0.014660,-0.024485,-0.028738,-0.437550,
1625007625.000000,66298962.000000,0.124971,-0.587879,-0.000923,0.017656,0.016355,-0.947959,0.317481,0.126029,0.016085,0.016367,-0.012871,0.045187,-0.446130,
1625007625.000000,71301699.000000,0.124517,-0.588323,-0.000864,0.017812,0.016423,-0.948312,0.316413,0.125319,0.015840,0.018044,0.022346,0.059912,-0.449364,
1625007625.000000,76304674.000000,0.124062,-0.588764,-0.000798,0.017896,0.016372,-0.948665,0.315351,0.124554,0.015593,0.019656,0.055411,0.011539,-0.441900,
1625007625.000000,81307888.000000,0.122954,-0.588793,-0.001512,0.017817,0.016068,-0.949034,0.314259,0.112665,-0.004955,0.052463,0.074577,0.022084,-0.449378,
1625007625.000000,86310863.000000,0.122483,-0.589109,-0.001250,0.017943,0.015934,-0.949391,0.313180,0.109815,-0.007428,0.062104,0.076703,0.044517,-0.451622,
1625007625.000000,91313839.000000,0.122011,-0.589411,-0.000936,0.018057,0.015813,-0.949738,0.312123,0.107234,-0.009903,0.071967,0.059675,0.004423,-0.430308,
1625007625.000000,96316814.000000,0.121674,-0.589724,-0.000950,0.017954,0.015671,-0.950067,0.311134,0.097050,-0.001286,0.043066,0.043603,-0.123747,-0.403611,
1625007625.000000,101319551.000000,0.121282,-0.590011,-0.000762,0.017620,0.015479,-0.950389,0.310179,0.092572,-0.000504,0.041183,0.037258,-0.121440,-0.413082,
1625007625.000000,106322527.000000,0.120908,-0.590286,-0.000576,0.017340,0.015358,-0.950719,0.309187,0.088174,0.000262,0.039797,-0.007313,-0.160337,-0.415475,
1625007625.000000,206383705.000000,0.109398,-0.594738,-0.002485,0.016951,0.014532,-0.957358,0.288039,0.094677,-0.009134,0.022075,0.006321,-0.134162,-0.437811,
1625007625.000000,211386681.000000,0.108997,-0.594956,-0.002378,0.016743,0.014487,-0.957676,0.286995,0.091335,-0.007346,0.019420,0.015651,-0.061205,-0.424204,
1625007625.000000,216389894.000000,0.108315,-0.595102,-0.003153,0.016449,0.014503,-0.957996,0.285940,0.092471,-0.005768,-0.010400,0.054268,-0.063957,-0.412279,
1625007625.000000,221392870.000000,0.107777,-0.595404,-0.003100,0.016329,0.014353,-0.958298,0.284943,0.106534,-0.006114,0.000258,0.034204,-0.058520,-0.418804,
1625007625.000000,226395845.000000,0.107312,-0.595676,-0.003118,0.016237,0.014306,-0.958608,0.283904,0.109645,-0.004909,0.000535,0.007239,0.001559,-0.458055,
1625007625.000000,231398582.000000,0.106834,-0.595964,-0.003135,0.016322,0.014357,-0.958935,0.282792,0.113370,-0.003661,0.000821,-0.014917,0.073974,-0.444674,
1625007625.000000,236401796.000000,0.106324,-0.596286,-0.003198,0.016490,0.014472,-0.959238,0.281747,0.120654,-0.001242,-0.005079,-0.004541,0.077184,-0.445118,
1625007625.000000,241404772.000000,0.105810,-0.596615,-0.003254,0.016683,0.014505,-0.959556,0.280650,0.124804,0.000489,-0.007454,0.040392,0.102210,-0.450949,
1625007625.000000,246407509.000000,0.105071,-0.596533,-0.002070,0.017108,0.014483,-0.959889,0.279482,0.119398,-0.001952,0.004765,-0.018857,0.129014,-0.461309,
1625007625.000000,251410723.000000,0.104640,-0.596809,-0.001998,0.017320,0.014695,-0.960208,0.278361,0.111573,0.000594,0.009934,-0.041107,0.077115,-0.460490,
1625007625.000000,301440716.000000,0.097568,-0.599813,-0.002961,0.017733,0.014218,-0.963269,0.267574,0.089285,-0.015436,0.020099,0.012821,-0.158483,-0.422174,
1625007625.000000,306443691.000000,0.097161,-0.599973,-0.002881,0.017163,0.014053,-0.963555,0.266590,0.082475,-0.014820,0.016780,0.045100,-0.263777,-0.407020,
1625007625.000000,311446905.000000,0.096781,-0.600118,-0.002824,0.016661,0.013754,-0.963844,0.265589,0.075980,-0.014229,0.013245,0.063118,-0.152311,-0.434692,
1625007625.000000,316449642.000000,0.094864,-0.600340,-0.002685,0.016422,0.013682,-0.964133,0.264558,0.114335,-0.013326,0.013533,0.004181,-0.023553,-0.450880,
1625007625.000000,321452618.000000,0.094335,-0.600579,-0.002633,0.016362,0.013715,-0.964425,0.263494,0.117371,-0.011847,0.011717,-0.006782,-0.037181,-0.426323,
1625007625.000000,326455832.000000,0.093798,-0.600833,-0.002600,0.016222,0.013671,-0.964705,0.262477,0.120222,-0.010346,0.009435,0.028596,-0.054772,-0.428231,
1625007625.000000,331458807.000000,0.093250,-0.601121,-0.002557,0.016186,0.013598,-0.964996,0.261410,0.124022,-0.007062,0.010122,0.025566,0.037400,-0.453972,
1625007625.000000,336461782.000000,0.092692,-0.601412,-0.002533,0.016366,0.013637,-0.965291,0.260307,0.126970,-0.004994,0.008952,0.001940,0.096210,-0.449795,
1625007625.000000,341464758.000000,0.092128,-0.601717,-0.002514,0.016585,0.013751,-0.965576,0.259228,0.129872,-0.002920,0.007945,-0.032033,0.107498,-0.448534,
1625007625.000000,346467733.000000,0.090943,-0.601502,-0.002391,0.017024,0.013870,-0.965869,0.258097,0.129466,-0.006842,0.008923,-0.007872,0.147647,-0.452868,
1625007625.000000,386492968.000000,0.084749,-0.603111,-0.002719,0.017782,0.014039,-0.968173,0.249256,0.126071,-0.026479,0.048687,0.073809,0.177616,-0.463566,
1625007625.000000,391495705.000000,0.084291,-0.603265,-0.002608,0.018050,0.013961,-0.968448,0.248168,0.107811,-0.022758,0.041894,0.080538,0.055114,-0.429346,
1625007625.000000,396498442.000000,0.083766,-0.603426,-0.002429,0.018066,0.013796,-0.968713,0.247143,0.102343,-0.022930,0.043883,0.038667,-0.102798,-0.421790,
1625007625.000000,401501656.000000,0.083268,-0.603569,-0.002249,0.017663,0.013644,-0.968985,0.246111,0.096624,-0.023138,0.045030,0.057901,-0.181315,-0.432551,
1625007625.000000,406504631.000000,0.082756,-0.603737,-0.002211,0.017227,0.013393,-0.969260,0.245068,0.099391,-0.020480,0.025827,0.022912,-0.228928,-0.427285,
1625007625.000000,411507607.000000,0.082273,-0.603885,-0.002119,0.016618,0.013257,-0.969530,0.244050,0.097158,-0.019568,0.021431,0.025877,-0.225616,-0.422906,
1625007625.000000,416510582.000000,0.079440,-0.603682,-0.002425,0.016206,0.013077,-0.969781,0.243087,0.096833,-0.025669,0.013347,0.021635,-0.086820,-0.447270,
1625007625.000000,421513796.000000,0.078961,-0.603791,-0.002377,0.016146,0.013065,-0.970059,0.241979,0.094558,-0.024779,0.009069,0.016675,0.011461,-0.456018,
1625007625.000000,426516533.000000,0.078255,-0.604051,-0.002316,0.016208,0.013033,-0.970329,0.240891,0.119297,-0.021757,0.010270,0.025666,0.041657,-0.437789,
1625007625.000000,431519508.000000,0.077663,-0.604243,-0.002287,0.016321,0.013030,-0.970590,0.239831,0.124930,-0.020204,0.008244,0.020099,0.039786,-0.440875,
1625007625.000000,481549740.000000,0.070559,-0.607440,-0.001892,0.017090,0.013487,-0.973246,0.228734,0.118977,-0.015587,0.037525,0.106382,0.071379,-0.472775,
1625007625.000000,486552715.000000,0.069968,-0.607619,-0.001686,0.017447,0.013300,-0.973513,0.227578,0.118281,-0.019324,0.046001,0.092016,0.188736,-0.467463,
1625007625.000000,491555691.000000,0.069390,-0.607796,-0.001459,0.017970,0.013320,-0.973766,0.226449,0.116644,-0.021169,0.052418,0.011612,0.191520,-0.450418,
1625007625.000000,496558905.000000,0.068812,-0.607962,-0.001223,0.018192,0.013337,-0.974008,0.225387,0.115317,-0.023032,0.056987,0.067638,-0.046783,-0.413171,
1625007625.000000,501561880.000000,0.068325,-0.608120,-0.001130,0.017845,0.013031,-0.974248,0.224395,0.103114,-0.018275,0.037865,0.087813,-0.223835,-0.418211,
1625007625.000000,506564617.000000,0.067830,-0.608264,-0.000968,0.017327,0.012765,-0.974502,0.223343,0.097060,-0.017538,0.034343,0.057300,-0.198054,-0.440903,
1625007625.000000,511567831.000000,0.067365,-0.608396,-0.000820,0.016885,0.012614,-0.974757,0.222271,0.091118,-0.016830,0.031398,-0.026298,-0.186855,-0.441883,
1625007625.000000,516570807.000000,0.065850,-0.609092,-0.001644,0.016425,0.012666,-0.974991,0.221276,0.112888,-0.012131,0.031323,-0.011332,-0.120957,-0.436508,
1625007625.000000,521573782.000000,0.065296,-0.609300,-0.001549,0.016293,0.012578,-0.975237,0.220201,0.117525,-0.010272,0.029713,0.044098,0.003483,-0.453437,
1625007625.000000,526576996.000000,0.064721,-0.609525,-0.001438,0.016395,0.012503,-0.975491,0.219070,0.122191,-0.008402,0.029233,0.058492,0.055519,-0.464291,
