1625007161.000000,654852012.000000,-0.624135,-1.311473,0.000000,0.000000,0.000000,-0.219129,0.975696,0.000767,0.000000,0.000000,0.000000,0.000000,-0.000043,
1625007161.000000,687852012.000000,-0.624158,-1.311462,0.000000,0.000000,0.000000,-0.219134,0.975695,-0.000767,0.000000,0.000000,0.000000,0.000000,-0.000311,
1625007161.000000,720852012.000000,-0.624158,-1.311462,0.000000,0.000000,0.000000,-0.219136,0.975694,0.000000,0.000000,0.000000,0.000000,0.000000,-0.000130,
1625007161.000000,753852012.000000,-0.624158,-1.311462,0.000000,0.000000,0.000000,-0.219137,0.975694,0.000000,0.000000,0.000000,0.000000,0.000000,-0.000065,
1625007172.000000,77468887.000000,-0.624158,-1.311462,0.000000,0.000000,0.000000,-0.219872,0.975529,-0.000767,0.000000,0.000000,0.000000,0.000000,-0.000079,
1625007172.000000,111468887.000000,-0.624158,-1.311462,0.000000,0.000000,0.000000,-0.219870,0.975529,0.000000,0.000000,0.000000,0.000000,0.000000,0.000133,
1625007172.000000,144468887.000000,-0.624158,-1.311462,0.000000,0.000000,0.000000,-0.219879,0.975527,0.000000,0.000000,0.000000,0.000000,0.000000,-0.000535,
1625007172.000000,177468887.000000,-0.624158,-1.311462,0.000000,0.000000,0.000000,-0.219879,0.975527,0.000000,0.000000,0.000000,0.000000,0.000000,0.000014,
1625007172.000000,210468887.000000,-0.624158,-1.311462,0.000000,0.000000,0.000000,-0.219878,0.975527,0.000000,0.000000,0.000000,0.000000,0.000000,0.000036,
1625007172.000000,243468887.000000,-0.624158,-1.311462,0.000000,0.000000,0.000000,-0.219884,0.975526,0.000000,0.000000,0.000000,0.000000,0.000000,-0.000368,
1625007172.000000,276468887.000000,-0.624181,-1.311451,0.000000,0.000000,0.000000,-0.219883,0.975526,-0.000767,0.000000,0.000000,0.000000,0.000000,0.000072,
1625007172.000000,310468887.000000,-0.624158,-1.311462,0.000000,0.000000,0.000000,-0.219884,0.975526,0.000744,0.000000,0.000000,0.000000,0.000000,-0.000098,
1625007172.000000,343468887.000000,-0.624158,-1.311462,0.000000,0.000000,0.000000,-0.219888,0.975525,0.000000,0.000000,0.000000,0.000000,0.000000,-0.000238,
1625007172.000000,376468887.000000,-0.624158,-1.311462,0.000000,0.000000,0.000000,-0.219892,0.975524,0.000000,0.000000,0.000000,0.000000,0.000000,-0.000224,
1625007172.000000,409468887.000000,-0.624158,-1.311462,0.000000,0.000000,0.000000,-0.219893,0.975524,0.000000,0.000000,0.000000,0.000000,0.000000,-0.000065,
1625007172.000000,442468887.000000,-0.624158,-1.311462,0.000000,0.000000,0.000000,-0.219895,0.975523,0.000000,0.000000,0.000000,0.000000,0.000000,-0.000159,
1625007172.000000,476468887.000000,-0.623495,-1.311777,0.000000,0.000000,0.000000,-0.220717,0.975338,0.021589,0.000000,0.000000,0.000000,0.000000,-0.049577,
1625007172.000000,509468887.000000,-0.621991,-1.312504,0.000000,0.000000,0.000000,-0.225548,0.974232,0.050621,0.000000,0.000000,0.000000,0.000000,-0.300321,
1625007172.000000,542468887.000000,-0.620133,-1.313428,0.000000,0.000000,0.000000,-0.231998,0.972716,0.062893,0.000000,0.000000,0.000000,0.000000,-0.401562,
1625007172.000000,575468887.000000,-0.618287,-1.314378,0.000000,0.000000,0.000000,-0.238792,0.971071,0.062893,0.000000,0.000000,0.000000,0.000000,-0.423684,
1625007172.000000,608468887.000000,-0.616478,-1.315342,0.000000,0.000000,0.000000,-0.245774,0.969327,0.062126,0.000000,0.000000,0.000000,0.000000,-0.436147,
1625007172.000000,641468887.000000,-0.614638,-1.316356,0.000000,0.000000,0.000000,-0.252577,0.967577,0.063660,0.000000,0.000000,0.000000,0.000000,-0.425729,
1625007172.000000,674468887.000000,-0.612790,-1.317408,0.000000,0.000000,0.000000,-0.259436,0.965760,0.064427,0.000000,0.000000,0.000000,0.000000,-0.429999,
1625007172.000000,709468887.000000,-0.610937,-1.318500,0.000000,0.000000,0.000000,-0.266728,0.963772,0.061469,0.000000,0.000000,0.000000,0.000000,-0.431905,
1625007172.000000,742468887.000000,-0.609143,-1.319593,0.000000,0.000000,0.000000,-0.273498,0.961873,0.063660,0.000000,0.000000,0.000000,0.000000,-0.426170,
1625007172.000000,775468887.000000,-0.607343,-1.320724,0.000000,0.000000,0.000000,-0.280403,0.959882,0.064427,0.000000,0.000000,0.000000,0.000000,-0.435540,
1625007172.000000,808468887.000000,-0.605581,-1.321868,0.000000,0.000000,0.000000,-0.287532,0.957771,0.063660,0.000000,0.000000,0.000000,0.000000,-0.450604,
1625007172.000000,841468887.000000,-0.603878,-1.323010,0.000000,0.000000,0.000000,-0.294297,0.955714,0.062126,0.000000,0.000000,0.000000,0.000000,-0.428518,
1625007172.000000,874468887.000000,-0.602045,-1.324276,0.000000,0.000000,0.000000,-0.301245,0.953547,0.067495,0.000000,0.000000,0.000000,0.000000,-0.441074,
1625007172.000000,907468887.000000,-0.600314,-1.325511,0.000000,0.000000,0.000000,-0.308410,0.951254,0.064427,0.000000,0.000000,0.000000,0.000000,-0.455943,
1625007172.000000,940468887.000000,-0.601986,-1.324281,0.000000,0.000000,0.000000,0.315191,-0.949028,0.062893,0.000000,0.000000,0.000000,0.000000,189.967026,
1625007172.000000,975468887.000000,-0.600232,-1.325611,0.000000,0.000000,0.000000,0.322280,-0.946645,0.062915,0.000000,0.000000,0.000000,0.000000,-0.427389,
1625007173.000000,8468887.000000,-0.598537,-1.326937,0.000000,0.000000,0.000000,0.329462,-0.944169,0.065194,0.000000,0.000000,0.000000,0.000000,-0.460415,
1625007173.000000,41468887.000000,-0.596862,-1.328287,0.000000,0.000000,0.000000,0.336268,-0.941766,0.065194,0.000000,0.000000,0.000000,0.000000,-0.437419,
1625007173.000000,74468887.000000,-0.595208,-1.329662,0.000000,0.000000,0.000000,0.343189,-0.939266,0.065194,0.000000,0.000000,0.000000,0.000000,-0.446038,
1625007173.000000,107468887.000000,-0.593574,-1.331062,0.000000,0.000000,0.000000,0.350315,-0.936632,0.065194,0.000000,0.000000,0.000000,0.000000,-0.460408,
1625007173.000000,140468887.000000,-0.591924,-1.332520,0.000000,0.000000,0.000000,0.357763,-0.933812,0.066728,0.000000,0.000000,0.000000,0.000000,-0.482668,
1625007173.000000,173468887.000000,-0.590240,-1.334054,0.000000,0.000000,0.000000,0.364351,-0.931262,0.069029,0.000000,0.000000,0.000000,0.000000,-0.428156,
1625007173.000000,206468887.000000,-0.588671,-1.335526,0.000000,0.000000,0.000000,0.371544,-0.928415,0.065194,0.000000,0.000000,0.000000,0.000000,-0.468825,
1625007173.000000,239468887.000000,-0.587160,-1.336986,0.000000,0.000000,0.000000,0.378279,-0.925692,0.063660,0.000000,0.000000,0.000000,0.000000,-0.440316,
1625007173.000000,273468887.000000,-0.585600,-1.338540,0.000000,0.000000,0.000000,0.385091,-0.922879,0.064766,0.000000,0.000000,0.000000,0.000000,-0.433522,
1625007173.000000,306468887.000000,-0.584116,-1.340062,0.000000,0.000000,0.000000,0.392025,-0.919954,0.064427,0.000000,0.000000,0.000000,0.000000,-0.456124,
1625007173.000000,339468887.000000,-0.582654,-1.341607,0.000000,0.000000,0.000000,0.398637,-0.917109,0.064427,0.000000,0.000000,0.000000,0.000000,-0.436248,
1625007173.000000,372468887.000000,-0.581198,-1.343190,0.000000,0.000000,0.000000,0.405370,-0.914153,0.065194,0.000000,0.000000,0.000000,0.000000,-0.445626,
1625007173.000000,405468887.000000,-0.579783,-1.344777,0.000000,0.000000,0.000000,0.412139,-0.911121,0.064427,0.000000,0.000000,0.000000,0.000000,-0.449542,
1625007173.000000,438468887.000000,-0.578423,-1.346345,0.000000,0.000000,0.000000,0.418558,-0.908190,0.062893,0.000000,0.000000,0.000000,0.000000,-0.427636,
1625007173.000000,471468887.000000,-0.577021,-1.348010,0.000000,0.000000,0.000000,0.425072,-0.905160,0.065961,0.000000,0.000000,0.000000,0.000000,-0.435432,
1625007173.000000,504468887.000000,-0.575708,-1.349617,0.000000,0.000000,0.000000,0.431662,-0.902036,0.062893,0.000000,0.000000,0.000000,0.000000,-0.441977,
1625007173.000000,538468887.000000,-0.574417,-1.351242,0.000000,0.000000,0.000000,0.437990,-0.898980,0.061043,0.000000,0.000000,0.000000,0.000000,-0.413362,
1625007173.000000,571468887.000000,-0.573119,-1.352926,0.000000,0.000000,0.000000,0.444448,-0.895805,0.064427,0.000000,0.000000,0.000000,0.000000,-0.436147,
1625007173.000000,604468887.000000,-0.571860,-1.354608,0.000000,0.000000,0.000000,0.451004,-0.892522,0.063660,0.000000,0.000000,0.000000,0.000000,-0.444391,
1625007173.000000,637468887.000000,-0.570611,-1.356328,0.000000,0.000000,0.000000,0.457300,-0.889313,0.064427,0.000000,0.000000,0.000000,0.000000,-0.428279,
1625007173.000000,672468887.000000,-0.569329,-1.358150,0.000000,0.000000,0.000000,0.463912,-0.885881,0.063638,0.000000,0.000000,0.000000,0.000000,-0.425693,
1625007173.000000,719298067.000000,-0.568145,-1.359885,0.000000,0.000000,0.000000,0.470349,-0.882480,0.063660,0.000000,0.000000,0.000000,0.000000,-0.441233,
1625007173.000000,752298067.000000,-0.567000,-1.361616,0.000000,0.000000,0.000000,0.476563,-0.879140,0.062893,0.000000,0.000000,0.000000,0.000000,-0.427571,
1625007173.000000,785298067.000000,-0.565839,-1.363427,0.000000,0.000000,0.000000,0.482788,-0.875737,0.065194,0.000000,0.000000,0.000000,0.000000,-0.429941,
1625007173.000000,818298067.000000,-0.564730,-1.365212,0.000000,0.000000,0.000000,0.489182,-0.872182,0.063660,0.000000,0.000000,0.000000,0.000000,-0.443394,
1625007173.000000,851298067.000000,-0.563673,-1.366969,0.000000,0.000000,0.000000,0.495283,-0.868732,0.062126,0.000000,0.000000,0.000000,0.000000,-0.424790,
1625007173.000000,884298067.000000,-0.562616,-1.368784,0.000000,0.000000,0.000000,0.501372,-0.865232,0.063660,0.000000,0.000000,0.000000,0.000000,-0.425693,
1625007173.000000,917298067.000000,-0.561572,-1.370636,0.000000,0.000000,0.000000,0.507714,-0.861526,0.064427,0.000000,0.000000,0.000000,0.000000,-0.445120,
1625007173.000000,951298067.000000,-0.560568,-1.372481,0.000000,0.000000,0.000000,0.513805,-0.857907,0.061788,0.000000,0.000000,0.000000,0.000000,-0.416777,
1625007173.000000,984298067.000000,-0.559566,-1.374385,0.000000,0.000000,0.000000,0.519837,-0.854265,0.065194,0.000000,0.000000,0.000000,0.000000,-0.427065,
1625007174.000000,17298067.000000,-0.558603,-1.376281,0.000000,0.000000,0.000000,0.526136,-0.850400,0.064427,0.000000,0.000000,0.000000,0.000000,-0.447866,
1625007174.000000,50298067.000000,-0.557645,-1.378235,0.000000,0.000000,0.000000,0.532223,-0.846604,0.065961,0.000000,0.000000,0.000000,0.000000,-0.434738,
1625007174.000000,83298067.000000,-0.556759,-1.380112,0.000000,0.000000,0.000000,0.538182,-0.842828,0.062893,0.000000,0.000000,0.000000,0.000000,-0.427607,
1625007174.000000,116298067.000000,-0.555878,-1.382047,0.000000,0.000000,0.000000,0.544368,-0.838847,0.064427,0.000000,0.000000,0.000000,0.000000,-0.445814,
1625007174.000000,149298067.000000,-0.555036,-1.383972,0.000000,0.000000,0.000000,0.550372,-0.834920,0.063660,0.000000,0.000000,0.000000,0.000000,-0.434832,
1625007174.000000,182298067.000000,-0.554212,-1.385932,0.000000,0.000000,0.000000,0.556233,-0.831026,0.064427,0.000000,0.000000,0.000000,0.000000,-0.426437,
1625007174.000000,216298067.000000,-0.553407,-1.387927,0.000000,0.000000,0.000000,0.562331,-0.826912,0.063277,0.000000,0.000000,0.000000,0.000000,-0.432695,
1625007174.000000,249298067.000000,-0.552667,-1.389839,0.000000,0.000000,0.000000,0.568236,-0.822865,0.062126,0.000000,0.000000,0.000000,0.000000,-0.433878,
1625007174.000000,282298067.000000,-0.551945,-1.391785,0.000000,0.000000,0.000000,0.573925,-0.818908,0.062893,0.000000,0.000000,0.000000,0.000000,-0.420014,
1625007174.000000,315298067.000000,-0.551217,-1.393836,0.000000,0.000000,0.000000,0.579888,-0.814696,0.065961,0.000000,0.000000,0.000000,0.000000,-0.442404,
1625007174.000000,348298067.000000,-0.550560,-1.395778,0.000000,0.000000,0.000000,0.585796,-0.810458,0.062126,0.000000,0.000000,0.000000,0.000000,-0.440706,
1625007174.000000,381298067.000000,-0.549915,-1.397777,0.000000,0.000000,0.000000,0.591428,-0.806358,0.063660,0.000000,0.000000,0.000000,0.000000,-0.422174,
1625007174.000000,414298067.000000,-0.549298,-1.399786,0.000000,0.000000,0.000000,0.597283,-0.802030,0.063660,0.000000,0.000000,0.000000,0.000000,-0.441291,
1625007174.000000,447298067.000000,-0.548697,-1.401851,0.000000,0.000000,0.000000,0.603188,-0.797599,0.065194,0.000000,0.000000,0.000000,0.000000,-0.447418,
1625007174.000000,481298067.000000,-0.548139,-1.403877,0.000000,0.000000,0.000000,0.608808,-0.793318,0.061788,0.000000,0.000000,0.000000,0.000000,-0.415578,
1625007174.000000,514298067.000000,-0.547604,-1.405934,0.000000,0.000000,0.000000,0.614576,-0.788857,0.064427,0.000000,0.000000,0.000000,0.000000,-0.441941,
1625007174.000000,547298067.000000,-0.547099,-1.408000,0.000000,0.000000,0.000000,0.620374,-0.784306,0.064427,0.000000,0.000000,0.000000,0.000000,-0.446702,
1625007174.000000,580298067.000000,-0.546624,-1.410072,0.000000,0.000000,0.000000,0.625925,-0.779883,0.064427,0.000000,0.000000,0.000000,0.000000,-0.430194,
1625007174.000000,613298067.000000,-0.546174,-1.412176,0.000000,0.000000,0.000000,0.631714,-0.775202,0.065194,0.000000,0.000000,0.000000,0.000000,-0.451211,
1625007174.000000,646298067.000000,-0.545756,-1.414286,0.000000,0.000000,0.000000,0.637528,-0.770427,0.065194,0.000000,0.000000,0.000000,0.000000,-0.455965,
1625007174.000000,679298067.000000,-0.545378,-1.416353,0.000000,0.000000,0.000000,0.643035,-0.765837,0.063660,0.000000,0.000000,0.000000,0.000000,-0.434442,
1625007174.000000,712298067.000000,-0.545017,-1.418499,0.000000,0.000000,0.000000,0.648670,-0.761070,0.065961,0.000000,0.000000,0.000000,0.000000,-0.447353,
1625007174.000000,745298067.000000,-0.544688,-1.420651,0.000000,0.000000,0.000000,0.654396,-0.756152,0.065961,0.000000,0.000000,0.000000,0.000000,-0.457431,
1625007174.000000,779298067.000000,-0.544402,-1.422732,0.000000,0.000000,0.000000,0.659832,-0.751413,0.061788,0.000000,0.000000,0.000000,0.000000,-0.424224,
1625007174.000000,812298067.000000,-0.544137,-1.424893,0.000000,0.000000,0.000000,0.665417,-0.746472,0.065961,0.000000,0.000000,0.000000,0.000000,-0.451933,
1625007174.000000,845298067.000000,-0.543904,-1.427057,0.000000,0.000000,0.000000,0.671084,-0.741381,0.065961,0.000000,0.000000,0.000000,0.000000,-0.461694,
1625007174.000000,878298067.000000,-0.543708,-1.429174,0.000000,0.000000,0.000000,0.676451,-0.736487,0.064427,0.000000,0.000000,0.000000,0.000000,-0.440215,
1625007174.000000,911298067.000000,-0.543538,-1.431370,0.000000,0.000000,0.000000,0.681900,-0.731445,0.066728,0.000000,0.000000,0.000000,0.000000,-0.449946,
1625007174.000000,944298067.000000,-0.543405,-1.433491,0.000000,0.000000,0.000000,0.687371,-0.726307,0.064427,0.000000,0.000000,0.000000,0.000000,-0.454845,
1625007174.000000,980298067.000000,-0.543297,-1.435767,0.000000,0.000000,0.000000,0.692860,-0.721072,0.063277,0.000000,0.000000,0.000000,0.000000,-0.421378,
1625007175.000000,13298067.000000,-0.543227,-1.437917,0.000000,0.000000,0.000000,0.698194,-0.715909,0.065194,0.000000,0.000000,0.000000,0.000000,-0.449946,
1625007175.000000,46298067.000000,-0.543190,-1.440018,0.000000,0.000000,0.000000,0.703485,-0.710710,0.063660,0.000000,0.000000,0.000000,0.000000,-0.449564,
1625007175.000000,79298067.000000,-0.543183,-1.442118,0.000000,0.000000,0.000000,0.708467,-0.705744,0.063660,0.000000,0.000000,0.000000,0.000000,-0.426300,
1625007175.000000,112298067.000000,-0.543207,-1.444244,0.000000,0.000000,0.000000,0.713590,-0.700564,0.064427,0.000000,0.000000,0.000000,0.000000,-0.441573,
1625007175.000000,145298067.000000,-0.543260,-1.446319,0.000000,0.000000,0.000000,0.718674,-0.695347,0.062893,0.000000,0.000000,0.000000,0.000000,-0.441508,
1625007175.000000,178298067.000000,-0.543344,-1.448418,0.000000,0.000000,0.000000,0.723517,-0.690306,0.063660,0.000000,0.000000,0.000000,0.000000,-0.423612,
1625007175.000000,211298067.000000,-0.543460,-1.450567,0.000000,0.000000,0.000000,0.728483,-0.685064,0.065194,0.000000,0.000000,0.000000,0.000000,-0.437664,
1625007175.000000,245298067.000000,-0.543605,-1.452662,0.000000,0.000000,0.000000,0.733509,-0.679680,0.061788,0.000000,0.000000,0.000000,0.000000,-0.433214,
1625007175.000000,278298067.000000,-0.543779,-1.454756,0.000000,0.000000,0.000000,0.738261,-0.674515,0.063660,0.000000,0.000000,0.000000,0.000000,-0.425353,
1625007175.000000,311298067.000000,-0.543989,-1.456897,0.000000,0.000000,0.000000,0.743096,-0.669184,0.065194,0.000000,0.000000,0.000000,0.000000,-0.436212,
1625007175.000000,344298067.000000,-0.544220,-1.458960,0.000000,0.000000,0.000000,0.747955,-0.663749,0.062893,0.000000,0.000000,0.000000,0.000000,-0.441833,
1625007175.000000,377298067.000000,-0.544481,-1.461019,0.000000,0.000000,0.000000,0.752565,-0.658518,0.062893,0.000000,0.000000,0.000000,0.000000,-0.422564,
1625007175.000000,410298067.000000,-0.544782,-1.463149,0.000000,0.000000,0.000000,0.757245,-0.653130,0.065194,0.000000,0.000000,0.000000,0.000000,-0.432535,
1625007175.000000,443298067.000000,-0.545106,-1.465225,0.000000,0.000000,0.000000,0.762005,-0.647571,0.063660,0.000000,0.000000,0.000000,0.000000,-0.443516,
1625007175.000000,476298067.000000,-0.545455,-1.467271,0.000000,0.000000,0.000000,0.766461,-0.642291,0.062893,0.000000,0.000000,0.000000,0.000000,-0.418764,
1625007175.000000,510298067.000000,-0.545837,-1.469337,0.000000,0.000000,0.000000,0.771026,-0.636803,0.061788,0.000000,0.000000,0.000000,0.000000,-0.419911,
1625007175.000000,543298067.000000,-0.546259,-1.471446,0.000000,0.000000,0.000000,0.775665,-0.631145,0.065194,0.000000,0.000000,0.000000,0.000000,-0.443430,
1625007175.000000,576298067.000000,-0.546690,-1.473451,0.000000,0.000000,0.000000,0.780055,-0.625711,0.062126,0.000000,0.000000,0.000000,0.000000,-0.423410,
1625007175.000000,609298067.000000,-0.547171,-1.475547,0.000000,0.000000,0.000000,0.784507,-0.620120,0.065194,0.000000,0.000000,0.000000,0.000000,-0.433156,
1625007175.000000,642298067.000000,-0.547684,-1.477637,0.000000,0.000000,0.000000,0.789044,-0.614337,0.065194,0.000000,0.000000,0.000000,0.000000,-0.445438,
1625007175.000000,675298067.000000,-0.548213,-1.479670,0.000000,0.000000,0.000000,0.793362,-0.608750,0.063660,0.000000,0.000000,0.000000,0.000000,-0.427994,
1625007175.000000,708298067.000000,-0.548778,-1.481720,0.000000,0.000000,0.000000,0.797675,-0.603088,0.064427,0.000000,0.000000,0.000000,0.000000,-0.431314,
1625007175.000000,742298067.000000,-0.549388,-1.483809,0.000000,0.000000,0.000000,0.802508,-0.596642,0.064021,0.000000,0.000000,0.000000,0.000000,-0.473934,
1625007175.000000,775298067.000000,-0.550006,-1.485817,0.000000,0.000000,0.000000,0.806377,-0.591402,0.063660,0.000000,0.000000,0.000000,0.000000,-0.394724,
1625007175.000000,808298067.000000,-0.550659,-1.487840,0.000000,0.000000,0.000000,0.810528,-0.585699,0.064427,0.000000,0.000000,0.000000,0.000000,-0.427528,
1625007175.000000,841298067.000000,-0.551342,-1.489854,0.000000,0.000000,0.000000,0.814853,-0.579668,0.064427,0.000000,0.000000,0.000000,0.000000,-0.449755,
1625007175.000000,874298067.000000,-0.552028,-1.491786,0.000000,0.000000,0.000000,0.818932,-0.573891,0.062126,0.000000,0.000000,0.000000,0.000000,-0.428640,
1625007175.000000,908298067.000000,-0.552759,-1.493755,0.000000,0.000000,0.000000,0.822903,-0.568182,0.061788,0.000000,0.000000,0.000000,0.000000,-0.409081,
1625007175.000000,941298067.000000,-0.553526,-1.495738,0.000000,0.000000,0.000000,0.827038,-0.562146,0.064427,0.000000,0.000000,0.000000,0.000000,-0.443390,
1625007175.000000,974298067.000000,-0.554304,-1.497662,0.000000,0.000000,0.000000,0.831024,-0.556236,0.062893,0.000000,0.000000,0.000000,0.000000,-0.432058,
1625007176.000000,7298067.000000,-0.555118,-1.499599,0.000000,0.000000,0.000000,0.834903,-0.550397,0.063660,0.000000,0.000000,0.000000,0.000000,-0.424894,
1625007176.000000,40298067.000000,-0.555971,-1.501547,0.000000,0.000000,0.000000,0.838948,-0.544212,0.064427,0.000000,0.000000,0.000000,0.000000,-0.447869,
1625007176.000000,73298067.000000,-0.556852,-1.503482,0.000000,0.000000,0.000000,0.842919,-0.538041,0.064427,0.000000,0.000000,0.000000,0.000000,-0.444730,
1625007176.000000,106298067.000000,-0.557760,-1.505404,0.000000,0.000000,0.000000,0.846716,-0.532045,0.064427,0.000000,0.000000,0.000000,0.000000,-0.430187,
1625007176.000000,139298067.000000,-0.558697,-1.507312,0.000000,0.000000,0.000000,0.850639,-0.525750,0.064427,0.000000,0.000000,0.000000,0.000000,-0.449473,
1625007176.000000,172298067.000000,-0.559662,-1.509207,0.000000,0.000000,0.000000,0.854490,-0.519468,0.064427,0.000000,0.000000,0.000000,0.000000,-0.446594,
1625007176.000000,193533063.000000,-0.560630,-1.511043,0.000000,0.000000,0.000000,0.858160,-0.513382,0.061043,0.000000,0.000000,0.000000,0.000000,-0.418053,
1625007176.000000,226533063.000000,-0.561686,-1.512975,0.000000,0.000000,0.000000,0.861952,-0.506989,0.066728,0.000000,0.000000,0.000000,0.000000,-0.450485,
1625007176.000000,259533063.000000,-0.562745,-1.514848,0.000000,0.000000,0.000000,0.865709,-0.500548,0.065194,0.000000,0.000000,0.000000,0.000000,-0.451933,
1625007176.000000,292533063.000000,-0.563819,-1.516683,0.000000,0.000000,0.000000,0.869295,-0.494294,0.064427,0.000000,0.000000,0.000000,0.000000,-0.436945,
1625007176.000000,325533063.000000,-0.564933,-1.518523,0.000000,0.000000,0.000000,0.872945,-0.487819,0.065194,0.000000,0.000000,0.000000,0.000000,-0.450474,
1625007176.000000,358533063.000000,-0.566074,-1.520347,0.000000,0.000000,0.000000,0.876564,-0.481285,0.065194,0.000000,0.000000,0.000000,0.000000,-0.452667,
1625007176.000000,391533063.000000,-0.567242,-1.522154,0.000000,0.000000,0.000000,0.880038,-0.474904,0.065194,0.000000,0.000000,0.000000,0.000000,-0.440348,
1625007176.000000,424533063.000000,-0.568451,-1.523964,0.000000,0.000000,0.000000,0.883572,-0.468295,0.065961,0.000000,0.000000,0.000000,0.000000,-0.454224,
1625007176.000000,458533063.000000,-0.569657,-1.525715,0.000000,0.000000,0.000000,0.887066,-0.461643,0.062532,0.000000,0.000000,0.000000,0.000000,-0.441996,
1625007176.000000,491533063.000000,-0.570919,-1.527488,0.000000,0.000000,0.000000,0.890424,-0.455132,0.065961,0.000000,0.000000,0.000000,0.000000,-0.443928,
1625007176.000000,524533063.000000,-0.572192,-1.529223,0.000000,0.000000,0.000000,0.893770,-0.448526,0.065194,0.000000,0.000000,0.000000,0.000000,-0.448816,
1625007176.000000,557533063.000000,-0.573491,-1.530938,0.000000,0.000000,0.000000,0.897087,-0.441855,0.065194,0.000000,0.000000,0.000000,0.000000,-0.451532,
1625007176.000000,590533063.000000,-0.574768,-1.532574,0.000000,0.000000,0.000000,0.900233,-0.435409,0.062893,0.000000,0.000000,0.000000,0.000000,-0.434670,
1625007176.000000,623533063.000000,-0.576116,-1.534251,0.000000,0.000000,0.000000,0.903421,-0.428755,0.065194,0.000000,0.000000,0.000000,0.000000,-0.447230,
1625007176.000000,656533063.000000,-0.577472,-1.535888,0.000000,0.000000,0.000000,0.906559,-0.422078,0.064427,0.000000,0.000000,0.000000,0.000000,-0.447107,
1625007176.000000,690533063.000000,-0.578885,-1.537544,0.000000,0.000000,0.000000,0.909591,-0.415505,0.064021,0.000000,0.000000,0.000000,0.000000,-0.425798,
1625007176.000000,723533063.000000,-0.580289,-1.539140,0.000000,0.000000,0.000000,0.912570,-0.408921,0.064427,0.000000,0.000000,0.000000,0.000000,-0.437971,
1625007176.000000,757533063.000000,-0.581682,-1.540679,0.000000,0.000000,0.000000,0.915509,-0.402297,0.061043,0.000000,0.000000,0.000000,0.000000,-0.426247,
1625007176.000000,790533063.000000,-0.583096,-1.542198,0.000000,0.000000,0.000000,0.918289,-0.395910,0.062893,0.000000,0.000000,0.000000,0.000000,-0.422182,
1625007176.000000,823533063.000000,-0.584602,-1.543770,0.000000,0.000000,0.000000,0.921140,-0.389230,0.065961,0.000000,0.000000,0.000000,0.000000,-0.440186,
1625007176.000000,856533063.000000,-0.586077,-1.545266,0.000000,0.000000,0.000000,0.923970,-0.382466,0.063660,0.000000,0.000000,0.000000,0.000000,-0.444391,
1625007176.000000,889533063.000000,-0.587573,-1.546740,0.000000,0.000000,0.000000,0.926592,-0.376069,0.063660,0.000000,0.000000,0.000000,0.000000,-0.419003,
1625007176.000000,922533063.000000,-0.589109,-1.548211,0.000000,0.000000,0.000000,0.929280,-0.369375,0.064427,0.000000,0.000000,0.000000,0.000000,-0.437162,
1625007176.000000,955533063.000000,-0.590647,-1.549642,0.000000,0.000000,0.000000,0.931951,-0.362584,0.063660,0.000000,0.000000,0.000000,0.000000,-0.442277,
1625007176.000000,988533063.000000,-0.592167,-1.551017,0.000000,0.000000,0.000000,0.934429,-0.356148,0.062126,0.000000,0.000000,0.000000,0.000000,-0.417966,
1625007177.000000,21533063.000000,-0.593802,-1.552454,0.000000,0.000000,0.000000,0.936981,-0.349380,0.065961,0.000000,0.000000,0.000000,0.000000,-0.438369,
1625007177.000000,54533063.000000,-0.595400,-1.553818,0.000000,0.000000,0.000000,0.939518,-0.342499,0.063660,0.000000,0.000000,0.000000,0.000000,-0.444521,
1625007177.000000,88533063.000000,-0.596978,-1.555127,0.000000,0.000000,0.000000,0.941839,-0.336064,0.060299,0.000000,0.000000,0.000000,0.000000,-0.402387,
1625007177.000000,121533063.000000,-0.598634,-1.556461,0.000000,0.000000,0.000000,0.944205,-0.329359,0.064427,0.000000,0.000000,0.000000,0.000000,-0.430869,
1625007177.000000,154533063.000000,-0.600328,-1.557786,0.000000,0.000000,0.000000,0.946610,-0.322381,0.065194,0.000000,0.000000,0.000000,0.000000,-0.447389,
1625007177.000000,187533063.000000,-0.601961,-1.559026,0.000000,0.000000,0.000000,0.948817,-0.315827,0.062126,0.000000,0.000000,0.000000,0.000000,-0.419064,
1625007177.000000,220533063.000000,-0.603672,-1.560289,0.000000,0.000000,0.000000,0.951020,-0.309130,0.064427,0.000000,0.000000,0.000000,0.000000,-0.427329,
1625007177.000000,253533063.000000,-0.605422,-1.561541,0.000000,0.000000,0.000000,0.953300,-0.302024,0.065194,0.000000,0.000000,0.000000,0.000000,-0.452248,
1625007177.000000,286533063.000000,-0.607147,-1.562738,0.000000,0.000000,0.000000,0.955389,-0.295351,0.063660,0.000000,0.000000,0.000000,0.000000,-0.423800,
1625007177.000000,319533063.000000,-0.608890,-1.563912,0.000000,0.000000,0.000000,0.957450,-0.288598,0.063660,0.000000,0.000000,0.000000,0.000000,-0.427932,
1625007177.000000,352533063.000000,-0.610734,-1.565115,0.000000,0.000000,0.000000,0.959582,-0.281430,0.066728,0.000000,0.000000,0.000000,0.000000,-0.453187,
1625007177.000000,385533063.000000,-0.612467,-1.566210,0.000000,0.000000,0.000000,0.961533,-0.274690,0.062126,0.000000,0.000000,0.000000,0.000000,-0.425248,
1625007177.000000,419533063.000000,-0.614281,-1.567320,0.000000,0.000000,0.000000,0.963444,-0.267910,0.062532,0.000000,0.000000,0.000000,0.000000,-0.414375,
1625007177.000000,452533063.000000,-0.616110,-1.568404,0.000000,0.000000,0.000000,0.965416,-0.260716,0.064427,0.000000,0.000000,0.000000,0.000000,-0.452099,
1625007177.000000,485533063.000000,-0.617932,-1.569449,0.000000,0.000000,0.000000,0.967223,-0.253928,0.063660,0.000000,0.000000,0.000000,0.000000,-0.425707,
1625007177.000000,518533063.000000,-0.619747,-1.570456,0.000000,0.000000,0.000000,0.968967,-0.247191,0.062893,0.000000,0.000000,0.000000,0.000000,-0.421802,
1625007177.000000,551533063.000000,-0.621599,-1.571449,0.000000,0.000000,0.000000,0.970763,-0.240039,0.063660,0.000000,0.000000,0.000000,0.000000,-0.446916,
1625007177.000000,584533063.000000,-0.623442,-1.572403,0.000000,0.000000,0.000000,0.972428,-0.233203,0.062893,0.000000,0.000000,0.000000,0.000000,-0.426426,
1625007177.000000,617533063.000000,-0.625343,-1.573354,0.000000,0.000000,0.000000,0.974059,-0.226296,0.064427,0.000000,0.000000,0.000000,0.000000,-0.430104,
1625007177.000000,650533063.000000,-0.627281,-1.574288,0.000000,0.000000,0.000000,0.975713,-0.219054,0.065194,0.000000,0.000000,0.000000,0.000000,-0.450178,
1625007177.000000,684533063.000000,-0.629164,-1.575161,0.000000,0.000000,0.000000,0.977269,-0.212001,0.061043,0.000000,0.000000,0.000000,0.000000,-0.424879,
1625007177.000000,717533063.000000,-0.631105,-1.576028,0.000000,0.000000,0.000000,0.978765,-0.204984,0.064427,0.000000,0.000000,0.000000,0.000000,-0.434836,
1625007177.000000,750533063.000000,-0.633082,-1.576877,0.000000,0.000000,0.000000,0.980268,-0.197671,0.065194,0.000000,0.000000,0.000000,0.000000,-0.452493,
1625007177.000000,783533063.000000,-0.635048,-1.577687,0.000000,0.000000,0.000000,0.981680,-0.190535,0.064427,0.000000,0.000000,0.000000,0.000000,-0.440890,
1625007177.000000,816533063.000000,-0.637002,-1.578459,0.000000,0.000000,0.000000,0.983023,-0.183481,0.063660,0.000000,0.000000,0.000000,0.000000,-0.435183,
1625007177.000000,849533063.000000,-0.639038,-1.579229,0.000000,0.000000,0.000000,0.984372,-0.176100,0.065961,0.000000,0.000000,0.000000,0.000000,-0.454755,
1625007177.000000,882533063.000000,-0.641038,-1.579951,0.000000,0.000000,0.000000,0.985639,-0.168868,0.064427,0.000000,0.000000,0.000000,0.000000,-0.444947,
1625007177.000000,915533063.000000,-0.643071,-1.580652,0.000000,0.000000,0.000000,0.986834,-0.161739,0.065194,0.000000,0.000000,0.000000,0.000000,-0.438094,
1625007177.000000,949533063.000000,-0.645139,-1.581332,0.000000,0.000000,0.000000,0.988019,-0.154329,0.064021,0.000000,0.000000,0.000000,0.000000,-0.441409,
1625007177.000000,982533063.000000,-0.647193,-1.581973,0.000000,0.000000,0.000000,0.989141,-0.146971,0.065194,0.000000,0.000000,0.000000,0.000000,-0.451124,
1625007178.000000,15533063.000000,-0.649232,-1.582576,0.000000,0.000000,0.000000,0.990177,-0.139821,0.064427,0.000000,0.000000,0.000000,0.000000,-0.437877,
1625007178.000000,48533063.000000,-0.651328,-1.583163,0.000000,0.000000,0.000000,0.991203,-0.132350,0.065961,0.000000,0.000000,0.000000,0.000000,-0.457030,
1625007178.000000,81533063.000000,-0.653408,-1.583712,0.000000,0.000000,0.000000,0.992161,-0.124966,0.065194,0.000000,0.000000,0.000000,0.000000,-0.451265,
1625007178.000000,114533063.000000,-0.655472,-1.584224,0.000000,0.000000,0.000000,0.993046,-0.117724,0.064427,0.000000,0.000000,0.000000,0.000000,-0.442169,
1625007178.000000,147533063.000000,-0.657592,-1.584717,0.000000,0.000000,0.000000,0.993897,-0.110310,0.065961,0.000000,0.000000,0.000000,0.000000,-0.452249,
1625007178.000000,180533063.000000,-0.659669,-1.585168,0.000000,0.000000,0.000000,0.994684,-0.102970,0.064427,0.000000,0.000000,0.000000,0.000000,-0.447407,
1625007178.000000,214533063.000000,-0.661754,-1.585589,0.000000,0.000000,0.000000,0.995407,-0.095731,0.062532,0.000000,0.000000,0.000000,0.000000,-0.427953,
1625007178.000000,247533063.000000,-0.663893,-1.585987,0.000000,0.000000,0.000000,0.996098,-0.088259,0.065961,0.000000,0.000000,0.000000,0.000000,-0.454758,
1625007178.000000,280533063.000000,-0.665939,-1.586337,0.000000,0.000000,0.000000,0.996718,-0.080958,0.062893,0.000000,0.000000,0.000000,0.000000,-0.444102,
1625007178.000000,313533063.000000,-0.668040,-1.586666,0.000000,0.000000,0.000000,0.997265,-0.073915,0.064427,0.000000,0.000000,0.000000,0.000000,-0.428111,
1625007178.000000,346533063.000000,-0.670170,-1.586967,0.000000,0.000000,0.000000,0.997777,-0.066642,0.065194,0.000000,0.000000,0.000000,0.000000,-0.441882,
1625007178.000000,379533063.000000,-0.672229,-1.587228,0.000000,0.000000,0.000000,0.998233,-0.059416,0.062893,0.000000,0.000000,0.000000,0.000000,-0.438851,
1625007178.000000,412533063.000000,-0.674291,-1.587460,0.000000,0.000000,0.000000,0.998624,-0.052447,0.062893,0.000000,0.000000,0.000000,0.000000,-0.423041,
1625007178.000000,446533063.000000,-0.676508,-1.587677,0.000000,0.000000,0.000000,0.998989,-0.044950,0.065510,0.000000,0.000000,0.000000,0.000000,-0.441488,
1625007178.000000,479533063.000000,-0.678551,-1.587846,0.000000,0.000000,0.000000,0.999288,-0.037738,0.062126,0.000000,0.000000,0.000000,0.000000,-0.437466,
1625007178.000000,512533063.000000,-0.680647,-1.587990,0.000000,0.000000,0.000000,0.999525,-0.030825,0.063660,0.000000,0.000000,0.000000,0.000000,-0.419232,
1625007178.000000,546533063.000000,-0.682846,-1.588110,0.000000,0.000000,0.000000,0.999724,-0.023504,0.064766,0.000000,0.000000,0.000000,0.000000,-0.430796,
1625007178.000000,579533063.000000,-0.684895,-1.588191,0.000000,0.000000,0.000000,0.999867,-0.016279,0.062126,0.000000,0.000000,0.000000,0.000000,-0.437953,
1625007178.000000,612533063.000000,-0.686969,-1.588245,0.000000,0.000000,0.000000,0.999956,-0.009337,0.062893,0.000000,0.000000,0.000000,0.000000,-0.420755,
1625007178.000000,645533063.000000,-0.689146,-1.588269,0.000000,0.000000,0.000000,0.999998,-0.002027,0.065961,0.000000,0.000000,0.000000,0.000000,-0.443079,
1625007178.000000,679382114.000000,-0.691247,-1.588263,0.000000,0.000000,0.000000,0.999986,0.005235,0.063660,0.000000,0.000000,0.000000,0.000000,-0.440123,
1625007178.000000,712382114.000000,-0.693296,-1.588227,0.000000,0.000000,0.000000,0.999926,0.012143,0.062126,0.000000,0.000000,0.000000,0.000000,-0.418683,
1625007178.000000,745382114.000000,-0.695447,-1.588159,0.000000,0.000000,0.000000,0.999812,0.019404,0.065194,0.000000,0.000000,0.000000,0.000000,-0.440106,
1625007178.000000,778382114.000000,-0.697520,-1.588063,0.000000,0.000000,0.000000,0.999643,0.026736,0.062893,0.000000,0.000000,0.000000,0.000000,-0.444474,
1625007178.000000,812382114.000000,-0.699617,-1.587937,0.000000,0.000000,0.000000,0.999434,0.033643,0.061788,0.000000,0.000000,0.000000,0.000000,-0.406476,
1625007178.000000,845382114.000000,-0.701762,-1.587776,0.000000,0.000000,0.000000,0.999165,0.040865,0.065194,0.000000,0.000000,0.000000,0.000000,-0.438024,
1625007178.000000,878382114.000000,-0.703880,-1.587587,0.000000,0.000000,0.000000,0.998834,0.048275,0.064427,0.000000,0.000000,0.000000,0.000000,-0.449533,
1625007178.000000,911382114.000000,-0.705970,-1.587370,0.000000,0.000000,0.000000,0.998475,0.055198,0.063660,0.000000,0.000000,0.000000,0.000000,-0.420153,
1625007178.000000,944382114.000000,-0.708081,-1.587120,0.000000,0.000000,0.000000,0.998052,0.062385,0.064427,0.000000,0.000000,0.000000,0.000000,-0.436315,
1625007178.000000,977382114.000000,-0.710214,-1.586837,0.000000,0.000000,0.000000,0.997562,0.069781,0.065194,0.000000,0.000000,0.000000,0.000000,-0.449210,
1625007179.000000,10382114.000000,-0.712267,-1.586534,0.000000,0.000000,0.000000,0.997054,0.076699,0.062893,0.000000,0.000000,0.000000,0.000000,-0.420429,
1625007179.000000,43382114.000000,-0.714391,-1.586189,0.000000,0.000000,0.000000,0.996475,0.083886,0.065194,0.000000,0.000000,0.000000,0.000000,-0.436988,
1625007179.000000,76382114.000000,-0.716434,-1.585827,0.000000,0.000000,0.000000,0.995823,0.091300,0.062893,0.000000,0.000000,0.000000,0.000000,-0.451049,
1625007179.000000,110382114.000000,-0.718522,-1.585426,0.000000,0.000000,0.000000,0.995163,0.098237,0.062532,0.000000,0.000000,0.000000,0.000000,-0.409906,
1625007179.000000,143382114.000000,-0.720579,-1.585001,0.000000,0.000000,0.000000,0.994440,0.105302,0.063660,0.000000,0.000000,0.000000,0.000000,-0.430446,
1625007179.000000,176382114.000000,-0.722605,-1.584551,0.000000,0.000000,0.000000,0.993642,0.112582,0.062893,0.000000,0.000000,0.000000,0.000000,-0.443856,
1625007179.000000,209382114.000000,-0.724650,-1.584067,0.000000,0.000000,0.000000,0.992832,0.119516,0.063660,0.000000,0.000000,0.000000,0.000000,-0.423091,
1625007179.000000,242382114.000000,-0.726687,-1.583554,0.000000,0.000000,0.000000,0.991954,0.126600,0.063660,0.000000,0.000000,0.000000,0.000000,-0.432630,
1625007179.000000,275382114.000000,-0.728741,-1.583004,0.000000,0.000000,0.000000,0.990988,0.133952,0.064427,0.000000,0.000000,0.000000,0.000000,-0.449379,
1625007179.000000,308382114.000000,-0.730738,-1.582439,0.000000,0.000000,0.000000,0.990009,0.141004,0.062893,0.000000,0.000000,0.000000,0.000000,-0.431512,
1625007179.000000,341382114.000000,-0.732799,-1.581823,0.000000,0.000000,0.000000,0.988966,0.148141,0.065194,0.000000,0.000000,0.000000,0.000000,-0.437122,
1625007179.000000,374382114.000000,-0.734851,-1.581178,0.000000,0.000000,0.000000,0.987833,0.155516,0.065194,0.000000,0.000000,0.000000,0.000000,-0.452212,
1625007179.000000,408382114.000000,-0.736822,-1.580526,0.000000,0.000000,0.000000,0.986693,0.162594,0.061043,0.000000,0.000000,0.000000,0.000000,-0.421745,
1625007179.000000,441382114.000000,-0.738878,-1.579812,0.000000,0.000000,0.000000,0.985482,0.169781,0.065961,0.000000,0.000000,0.000000,0.000000,-0.441711,
1625007179.000000,474382114.000000,-0.740924,-1.579067,0.000000,0.000000,0.000000,0.984080,0.177725,0.065961,0.000000,0.000000,0.000000,0.000000,-0.488898,
1625007179.000000,507382114.000000,-0.742887,-1.578319,0.000000,0.000000,0.000000,0.982864,0.184333,0.063660,0.000000,0.000000,0.000000,0.000000,-0.407214,
1625007179.000000,540382114.000000,-0.744886,-1.577525,0.000000,0.000000,0.000000,0.981486,0.191536,0.065194,0.000000,0.000000,0.000000,0.000000,-0.444463,
1625007179.000000,573382114.000000,-0.746850,-1.576711,0.000000,0.000000,0.000000,0.980025,0.198873,0.064427,0.000000,0.000000,0.000000,0.000000,-0.453407,
1625007179.000000,606382114.000000,-0.748825,-1.575858,0.000000,0.000000,0.000000,0.978551,0.206005,0.065194,0.000000,0.000000,0.000000,0.000000,-0.441348,
1625007179.000000,639382114.000000,-0.750811,-1.574966,0.000000,0.000000,0.000000,0.977007,0.213209,0.065961,0.000000,0.000000,0.000000,0.000000,-0.446531,
1625007179.000000,672382114.000000,-0.752760,-1.574055,0.000000,0.000000,0.000000,0.975365,0.220595,0.065194,0.000000,0.000000,0.000000,0.000000,-0.458567,
1625007179.000000,705382114.000000,-0.754672,-1.573126,0.000000,0.000000,0.000000,0.973720,0.227749,0.064427,0.000000,0.000000,0.000000,0.000000,-0.444893,
1625007179.000000,738382114.000000,-0.756593,-1.572157,0.000000,0.000000,0.000000,0.972021,0.234892,0.065194,0.000000,0.000000,0.000000,0.000000,-0.444980,
1625007179.000000,772382114.000000,-0.758500,-1.571161,0.000000,0.000000,0.000000,0.970236,0.242161,0.063277,0.000000,0.000000,0.000000,0.000000,-0.440269,
1625007179.000000,805382114.000000,-0.760392,-1.570136,0.000000,0.000000,0.000000,0.968445,0.249229,0.065194,0.000000,0.000000,0.000000,0.000000,-0.441916,
1625007179.000000,838382114.000000,-0.762246,-1.569095,0.000000,0.000000,0.000000,0.966475,0.256761,0.064427,0.000000,0.000000,0.000000,0.000000,-0.471851,
1625007179.000000,871382114.000000,-0.764128,-1.568002,0.000000,0.000000,0.000000,0.964676,0.263439,0.065961,0.000000,0.000000,0.000000,0.000000,-0.419185,
