1625009339.000000,919884918.000000,-1.282336,-2.274490,0.000000,0.000000,0.000000,0.325807,-0.945436,0.000000,0.000000,0.000000,0.000000,0.000000,-0.000159,
1625009339.000000,952884918.000000,-1.282336,-2.274490,0.000000,0.000000,0.000000,0.325807,-0.945436,0.000000,0.000000,0.000000,0.000000,0.000000,0.000000,
1625009339.000000,985884918.000000,-1.282336,-2.274490,0.000000,0.000000,0.000000,0.325809,-0.945436,0.000000,0.000000,0.000000,0.000000,0.000000,-0.000072,
1625009350.000000,389534994.000000,-1.282356,-2.274475,0.000000,0.000000,0.000000,0.326276,-0.945275,-0.000767,0.000000,0.000000,0.000000,0.000000,-0.000116,
1625009350.000000,422534994.000000,-1.282336,-2.274490,0.000000,0.000000,0.000000,0.326277,-0.945274,0.000767,0.000000,0.000000,0.000000,0.000000,-0.000087,
1625009350.000000,455534994.000000,-1.282336,-2.274490,0.000000,0.000000,0.000000,0.326279,-0.945274,0.000000,0.000000,0.000000,0.000000,0.000000,-0.000094,
1625009350.000000,488534994.000000,-1.282336,-2.274490,0.000000,0.000000,0.000000,0.326280,-0.945273,0.000000,0.000000,0.000000,0.000000,0.000000,-0.000087,
1625009350.000000,521534994.000000,-1.282336,-2.274490,0.000000,0.000000,0.000000,0.326281,-0.945273,0.000000,0.000000,0.000000,0.000000,0.000000,-0.000043,
1625009350.000000,556534994.000000,-1.282336,-2.274490,0.000000,0.000000,0.000000,0.326284,-0.945272,0.000000,0.000000,0.000000,0.000000,0.000000,-0.000204,
1625009350.000000,589534994.000000,-1.282336,-2.274490,0.000000,0.000000,0.000000,0.326285,-0.945272,0.000000,0.000000,0.000000,0.000000,0.000000,-0.000022,
1625009350.000000,622534994.000000,-1.282336,-2.274490,0.000000,0.000000,0.000000,0.326286,-0.945271,0.000000,0.000000,0.000000,0.000000,0.000000,-0.000108,
1625009350.000000,655534994.000000,-1.282336,-2.274490,0.000000,0.000000,0.000000,0.326289,-0.945270,0.000000,0.000000,0.000000,0.000000,0.000000,-0.000137,
1625009350.000000,688534994.000000,-1.282356,-2.274475,0.000000,0.000000,0.000000,0.326291,-0.945269,-0.000767,0.000000,0.000000,0.000000,0.000000,-0.000130,
1625009350.000000,721534994.000000,-1.282336,-2.274490,0.000000,0.000000,0.000000,0.326293,-0.945269,0.000767,0.000000,0.000000,0.000000,0.000000,-0.000137,
1625009350.000000,754534994.000000,-1.282336,-2.274490,0.000000,0.000000,0.000000,0.326294,-0.945268,0.000000,0.000000,0.000000,0.000000,0.000000,-0.000094,
1625009350.000000,787534994.000000,-1.281739,-2.274959,0.000000,0.000000,0.000000,0.327142,-0.944975,0.023010,0.000000,0.000000,0.000000,0.000000,-0.054388,
1625009350.000000,820534994.000000,-1.280412,-2.276015,0.000000,0.000000,0.000000,0.332051,-0.943261,0.051388,0.000000,0.000000,0.000000,0.000000,-0.315110,
1625009350.000000,853534994.000000,-1.278764,-2.277358,0.000000,0.000000,0.000000,0.338360,-0.941017,0.064427,0.000000,0.000000,0.000000,0.000000,-0.405868,
1625009350.000000,886534994.000000,-1.277192,-2.278674,0.000000,0.000000,0.000000,0.345092,-0.938569,0.062126,0.000000,0.000000,0.000000,0.000000,-0.434139,
1625009350.000000,919534994.000000,-1.275621,-2.280031,0.000000,0.000000,0.000000,0.352128,-0.935952,0.062893,0.000000,0.000000,0.000000,0.000000,-0.454953,
1625009350.000000,952534994.000000,-1.274051,-2.281427,0.000000,0.000000,0.000000,0.358830,-0.933403,0.063660,0.000000,0.000000,0.000000,0.000000,-0.434543,
1625009350.000000,985534994.000000,-1.272502,-2.282845,0.000000,0.000000,0.000000,0.365571,-0.930783,0.063660,0.000000,0.000000,0.000000,0.000000,-0.438329,
1625009351.000000,18534994.000000,-1.270972,-2.284286,0.000000,0.000000,0.000000,0.372100,-0.928192,0.063660,0.000000,0.000000,0.000000,0.000000,-0.425729,
1625009351.000000,51534994.000000,-1.269464,-2.285748,0.000000,0.000000,0.000000,0.378782,-0.925486,0.063660,0.000000,0.000000,0.000000,0.000000,-0.436927,
1625009351.000000,84534994.000000,-1.267977,-2.287232,0.000000,0.000000,0.000000,0.385567,-0.922680,0.063660,0.000000,0.000000,0.000000,0.000000,-0.444947,
1625009351.000000,117534994.000000,-1.266511,-2.288737,0.000000,0.000000,0.000000,0.392001,-0.919965,0.063660,0.000000,0.000000,0.000000,0.000000,-0.423251,
1625009351.000000,150534994.000000,-1.265031,-2.290298,0.000000,0.000000,0.000000,0.398115,-0.917336,0.065194,0.000000,0.000000,0.000000,0.000000,-0.403339,
1625009351.000000,183534994.000000,-1.263626,-2.291825,0.000000,0.000000,0.000000,0.405267,-0.914198,0.062893,0.000000,0.000000,0.000000,0.000000,-0.473355,
1625009351.000000,216534994.000000,-1.262259,-2.293354,0.000000,0.000000,0.000000,0.411646,-0.911344,0.062126,0.000000,0.000000,0.000000,0.000000,-0.423533,
1625009351.000000,252534994.000000,-1.260767,-2.295075,0.000000,0.000000,0.000000,0.418621,-0.908161,0.063277,0.000000,0.000000,0.000000,0.000000,-0.425955,
1625009351.000000,285534994.000000,-1.259430,-2.296663,0.000000,0.000000,0.000000,0.425192,-0.905103,0.062893,0.000000,0.000000,0.000000,0.000000,-0.439275,
1625009351.000000,318534994.000000,-1.258100,-2.298289,0.000000,0.000000,0.000000,0.431461,-0.902132,0.063660,0.000000,0.000000,0.000000,0.000000,-0.420440,
1625009351.000000,351534994.000000,-1.256792,-2.299933,0.000000,0.000000,0.000000,0.437381,-0.899276,0.063660,0.000000,0.000000,0.000000,0.000000,-0.398318,
1625009351.000000,384534994.000000,-1.255507,-2.301595,0.000000,0.000000,0.000000,0.443950,-0.896051,0.063660,0.000000,0.000000,0.000000,0.000000,-0.443545,
1625009351.000000,417534994.000000,-1.254263,-2.303256,0.000000,0.000000,0.000000,0.450681,-0.892685,0.062893,0.000000,0.000000,0.000000,0.000000,-0.456095,
1625009351.000000,450534994.000000,-1.252997,-2.304995,0.000000,0.000000,0.000000,0.456607,-0.889668,0.065194,0.000000,0.000000,0.000000,0.000000,-0.403043,
1625009351.000000,483534994.000000,-1.251770,-2.306731,0.000000,0.000000,0.000000,0.463169,-0.886270,0.064427,0.000000,0.000000,0.000000,0.000000,-0.447822,
1625009351.000000,516534994.000000,-1.250569,-2.308486,0.000000,0.000000,0.000000,0.469862,-0.882740,0.064427,0.000000,0.000000,0.000000,0.000000,-0.458609,
1625009351.000000,549534994.000000,-1.249408,-2.310237,0.000000,0.000000,0.000000,0.476156,-0.879361,0.063660,0.000000,0.000000,0.000000,0.000000,-0.432983,
1625009351.000000,582534994.000000,-1.248272,-2.312004,0.000000,0.000000,0.000000,0.482129,-0.876100,0.063660,0.000000,0.000000,0.000000,0.000000,-0.412377,
1625009351.000000,615534994.000000,-1.247162,-2.313787,0.000000,0.000000,0.000000,0.488707,-0.872448,0.063660,0.000000,0.000000,0.000000,0.000000,-0.456001,
1625009351.000000,648534994.000000,-1.246063,-2.315607,0.000000,0.000000,0.000000,0.494459,-0.869201,0.064427,0.000000,0.000000,0.000000,0.000000,-0.400334,
1625009351.000000,681534994.000000,-1.245003,-2.317421,0.000000,0.000000,0.000000,0.500914,-0.865497,0.063660,0.000000,0.000000,0.000000,0.000000,-0.451037,
1625009351.000000,714534994.000000,-1.243969,-2.319250,0.000000,0.000000,0.000000,0.506937,-0.861983,0.063660,0.000000,0.000000,0.000000,0.000000,-0.422622,
1625009351.000000,747534994.000000,-1.242962,-2.321094,0.000000,0.000000,0.000000,0.513511,-0.858083,0.063660,0.000000,0.000000,0.000000,0.000000,-0.463233,
1625009351.000000,780534994.000000,-1.241971,-2.322974,0.000000,0.000000,0.000000,0.519795,-0.854291,0.064427,0.000000,0.000000,0.000000,0.000000,-0.444838,
1625009351.000000,813534994.000000,-1.241052,-2.324779,0.000000,0.000000,0.000000,0.525307,-0.850913,0.061359,0.000000,0.000000,0.000000,0.000000,-0.391787,
1625009351.000000,858877063.000000,-1.240102,-2.326709,0.000000,0.000000,0.000000,0.531425,-0.847106,0.063277,0.000000,0.000000,0.000000,0.000000,-0.423880,
1625009351.000000,891877063.000000,-1.239180,-2.328653,0.000000,0.000000,0.000000,0.537706,-0.843132,0.065194,0.000000,0.000000,0.000000,0.000000,-0.450459,
1625009351.000000,924877063.000000,-1.238318,-2.330541,0.000000,0.000000,0.000000,0.543782,-0.839227,0.062893,0.000000,0.000000,0.000000,0.000000,-0.437744,
1625009351.000000,958877063.000000,-1.237464,-2.332488,0.000000,0.000000,0.000000,0.549797,-0.835298,0.062532,0.000000,0.000000,0.000000,0.000000,-0.422632,
1625009351.000000,991877063.000000,-1.236628,-2.334470,0.000000,0.000000,0.000000,0.556026,-0.831165,0.065194,0.000000,0.000000,0.000000,0.000000,-0.453068,
1625009352.000000,24877063.000000,-1.235830,-2.336441,0.000000,0.000000,0.000000,0.562081,-0.827083,0.064427,0.000000,0.000000,0.000000,0.000000,-0.442555,
1625009352.000000,57877063.000000,-1.235071,-2.338400,0.000000,0.000000,0.000000,0.568011,-0.823021,0.063660,0.000000,0.000000,0.000000,0.000000,-0.435649,
1625009352.000000,90877063.000000,-1.234307,-2.340465,0.000000,0.000000,0.000000,0.574666,-0.818388,0.066728,0.000000,0.000000,0.000000,0.000000,-0.491446,
1625009352.000000,123877063.000000,-1.233565,-2.342565,0.000000,0.000000,0.000000,0.580449,-0.814296,0.067495,0.000000,0.000000,0.000000,0.000000,-0.429341,
1625009352.000000,156877063.000000,-1.232887,-2.344580,0.000000,0.000000,0.000000,0.586384,-0.810033,0.064427,0.000000,0.000000,0.000000,0.000000,-0.442881,
1625009352.000000,189877063.000000,-1.232222,-2.346653,0.000000,0.000000,0.000000,0.592461,-0.805599,0.065961,0.000000,0.000000,0.000000,0.000000,-0.455900,
1625009352.000000,222877063.000000,-1.231597,-2.348711,0.000000,0.000000,0.000000,0.598435,-0.801171,0.065194,0.000000,0.000000,0.000000,0.000000,-0.450662,
1625009352.000000,255877063.000000,-1.231009,-2.350755,0.000000,0.000000,0.000000,0.604690,-0.796461,0.064427,0.000000,0.000000,0.000000,0.000000,-0.474576,
1625009352.000000,288877063.000000,-1.230432,-2.352880,0.000000,0.000000,0.000000,0.610246,-0.792212,0.066728,0.000000,0.000000,0.000000,0.000000,-0.423908,
1625009352.000000,321877063.000000,-1.229906,-2.354940,0.000000,0.000000,0.000000,0.616578,-0.787294,0.064427,0.000000,0.000000,0.000000,0.000000,-0.485897,
1625009352.000000,354877063.000000,-1.229418,-2.356983,0.000000,0.000000,0.000000,0.622256,-0.782814,0.063660,0.000000,0.000000,0.000000,0.000000,-0.438329,
1625009352.000000,387877063.000000,-1.228941,-2.359107,0.000000,0.000000,0.000000,0.627689,-0.778464,0.065961,0.000000,0.000000,0.000000,0.000000,-0.421820,
1625009352.000000,420877063.000000,-1.228506,-2.361188,0.000000,0.000000,0.000000,0.633397,-0.773827,0.064427,0.000000,0.000000,0.000000,0.000000,-0.445720,
1625009352.000000,453877063.000000,-1.228106,-2.363250,0.000000,0.000000,0.000000,0.638969,-0.769232,0.063660,0.000000,0.000000,0.000000,0.000000,-0.437708,
1625009352.000000,486877063.000000,-1.227722,-2.365393,0.000000,0.000000,0.000000,0.644701,-0.764434,0.065961,0.000000,0.000000,0.000000,0.000000,-0.453031,
1625009352.000000,519877063.000000,-1.227387,-2.367441,0.000000,0.000000,0.000000,0.650285,-0.759690,0.062893,0.000000,0.000000,0.000000,0.000000,-0.444073,
1625009352.000000,554877063.000000,-1.227064,-2.369619,0.000000,0.000000,0.000000,0.656239,-0.754553,0.062915,0.000000,0.000000,0.000000,0.000000,-0.449351,
1625009352.000000,587877063.000000,-1.226787,-2.371702,0.000000,0.000000,0.000000,0.661296,-0.750125,0.063660,0.000000,0.000000,0.000000,0.000000,-0.407349,
1625009352.000000,620877063.000000,-1.226536,-2.373813,0.000000,0.000000,0.000000,0.666714,-0.745314,0.064427,0.000000,0.000000,0.000000,0.000000,-0.439174,
1625009352.000000,653877063.000000,-1.226321,-2.375852,0.000000,0.000000,0.000000,0.671529,-0.740978,0.062126,0.000000,0.000000,0.000000,0.000000,-0.392719,
1625009352.000000,686877063.000000,-1.226123,-2.378045,0.000000,0.000000,0.000000,0.677313,-0.735695,0.066728,0.000000,0.000000,0.000000,0.000000,-0.474720,
1625009352.000000,719877063.000000,-1.225968,-2.380115,0.000000,0.000000,0.000000,0.683038,-0.730383,0.062893,0.000000,0.000000,0.000000,0.000000,-0.473355,
1625009352.000000,752877063.000000,-1.225841,-2.382211,0.000000,0.000000,0.000000,0.687787,-0.725913,0.063660,0.000000,0.000000,0.000000,0.000000,-0.395284,
1625009352.000000,787877063.000000,-1.225739,-2.384436,0.000000,0.000000,0.000000,0.693679,-0.720284,0.063638,0.000000,0.000000,0.000000,0.000000,-0.465611,
1625009352.000000,820877063.000000,-1.225674,-2.386536,0.000000,0.000000,0.000000,0.698515,-0.715595,0.063660,0.000000,0.000000,0.000000,0.000000,-0.408230,
1625009352.000000,853877063.000000,-1.225639,-2.388586,0.000000,0.000000,0.000000,0.703481,-0.710714,0.062126,0.000000,0.000000,0.000000,0.000000,-0.422037,
1625009352.000000,886877063.000000,-1.225632,-2.390788,0.000000,0.000000,0.000000,0.708604,-0.705606,0.066728,0.000000,0.000000,0.000000,0.000000,-0.438452,
1625009352.000000,919877063.000000,-1.225654,-2.392787,0.000000,0.000000,0.000000,0.713343,-0.700815,0.060592,0.000000,0.000000,0.000000,0.000000,-0.408433,
1625009352.000000,952877063.000000,-1.225707,-2.394913,0.000000,0.000000,0.000000,0.718552,-0.695473,0.064427,0.000000,0.000000,0.000000,0.000000,-0.452172,
1625009352.000000,985877063.000000,-1.225791,-2.397012,0.000000,0.000000,0.000000,0.723543,-0.690279,0.063660,0.000000,0.000000,0.000000,0.000000,-0.436581,
1625009353.000000,18877063.000000,-1.225906,-2.399135,0.000000,0.000000,0.000000,0.728546,-0.684997,0.064427,0.000000,0.000000,0.000000,0.000000,-0.440908,
1625009353.000000,51877063.000000,-1.226049,-2.401206,0.000000,0.000000,0.000000,0.733339,-0.679863,0.062893,0.000000,0.000000,0.000000,0.000000,-0.425722,
1625009353.000000,84877063.000000,-1.226227,-2.403350,0.000000,0.000000,0.000000,0.738266,-0.674510,0.065194,0.000000,0.000000,0.000000,0.000000,-0.440915,
1625009353.000000,118877063.000000,-1.226432,-2.405440,0.000000,0.000000,0.000000,0.743254,-0.669010,0.061788,0.000000,0.000000,0.000000,0.000000,-0.436741,
1625009353.000000,151877063.000000,-1.226672,-2.407578,0.000000,0.000000,0.000000,0.747886,-0.663827,0.065194,0.000000,0.000000,0.000000,0.000000,-0.421293,
1625009353.000000,184877063.000000,-1.226939,-2.409688,0.000000,0.000000,0.000000,0.752305,-0.658815,0.064427,0.000000,0.000000,0.000000,0.000000,-0.404958,
1625009353.000000,217877063.000000,-1.227236,-2.411793,0.000000,0.000000,0.000000,0.757499,-0.652836,0.064427,0.000000,0.000000,0.000000,0.000000,-0.480023,
1625009353.000000,250877063.000000,-1.227556,-2.413843,0.000000,0.000000,0.000000,0.761992,-0.647586,0.062893,0.000000,0.000000,0.000000,0.000000,-0.418779,
1625009353.000000,283877063.000000,-1.227914,-2.415939,0.000000,0.000000,0.000000,0.766639,-0.642078,0.064427,0.000000,0.000000,0.000000,0.000000,-0.436797,
1625009353.000000,316877063.000000,-1.228294,-2.417980,0.000000,0.000000,0.000000,0.771395,-0.636356,0.062893,0.000000,0.000000,0.000000,0.000000,-0.450893,
1625009353.000000,349877063.000000,-1.228708,-2.420039,0.000000,0.000000,0.000000,0.775816,-0.630960,0.063660,0.000000,0.000000,0.000000,0.000000,-0.422803,
1625009353.000000,382877063.000000,-1.229156,-2.422118,0.000000,0.000000,0.000000,0.780289,-0.625419,0.064427,0.000000,0.000000,0.000000,0.000000,-0.431567,
1625009353.000000,415877063.000000,-1.229628,-2.424165,0.000000,0.000000,0.000000,0.784875,-0.619654,0.063660,0.000000,0.000000,0.000000,0.000000,-0.446475,
1625009353.000000,448877063.000000,-1.230118,-2.426156,0.000000,0.000000,0.000000,0.789170,-0.614175,0.062126,0.000000,0.000000,0.000000,0.000000,-0.421932,
1625009353.000000,481877063.000000,-1.230649,-2.428188,0.000000,0.000000,0.000000,0.793784,-0.608200,0.063660,0.000000,0.000000,0.000000,0.000000,-0.457500,
1625009353.000000,514877063.000000,-1.231218,-2.430237,0.000000,0.000000,0.000000,0.798313,-0.602243,0.064427,0.000000,0.000000,0.000000,0.000000,-0.453555,
1625009353.000000,547877063.000000,-1.231801,-2.432229,0.000000,0.000000,0.000000,0.802269,-0.596963,0.062893,0.000000,0.000000,0.000000,0.000000,-0.399817,
1625009353.000000,580877063.000000,-1.232426,-2.434261,0.000000,0.000000,0.000000,0.806542,-0.591177,0.064427,0.000000,0.000000,0.000000,0.000000,-0.435956,
1625009353.000000,613877063.000000,-1.233097,-2.436332,0.000000,0.000000,0.000000,0.810940,-0.585129,0.065961,0.000000,0.000000,0.000000,0.000000,-0.453201,
1625009353.000000,646877063.000000,-1.233765,-2.438297,0.000000,0.000000,0.000000,0.815142,-0.579262,0.062893,0.000000,0.000000,0.000000,0.000000,-0.437375,
1625009353.000000,679877063.000000,-1.234470,-2.440275,0.000000,0.000000,0.000000,0.819288,-0.573382,0.063660,0.000000,0.000000,0.000000,0.000000,-0.436017,
1625009353.000000,713877063.000000,-1.235251,-2.442362,0.000000,0.000000,0.000000,0.824023,-0.566556,0.065510,0.000000,0.000000,0.000000,0.000000,-0.488667,
1625009353.000000,746877063.000000,-1.236025,-2.444342,0.000000,0.000000,0.000000,0.827833,-0.560975,0.064427,0.000000,0.000000,0.000000,0.000000,-0.409589,
1625009353.000000,779877063.000000,-1.236827,-2.446311,0.000000,0.000000,0.000000,0.831813,-0.555056,0.064427,0.000000,0.000000,0.000000,0.000000,-0.432260,
1625009353.000000,812877063.000000,-1.237668,-2.448291,0.000000,0.000000,0.000000,0.835972,-0.548772,0.065194,0.000000,0.000000,0.000000,0.000000,-0.456691,
1625009353.000000,845877063.000000,-1.238528,-2.450236,0.000000,0.000000,0.000000,0.839969,-0.542634,0.064427,0.000000,0.000000,0.000000,0.000000,-0.443921,
1625009353.000000,879877063.000000,-1.239448,-2.452236,0.000000,0.000000,0.000000,0.844058,-0.536252,0.064766,0.000000,0.000000,0.000000,0.000000,-0.445895,
1625009353.000000,912877063.000000,-1.240399,-2.454222,0.000000,0.000000,0.000000,0.848097,-0.529841,0.066728,0.000000,0.000000,0.000000,0.000000,-0.459198,
1625009353.000000,945877063.000000,-1.241358,-2.456148,0.000000,0.000000,0.000000,0.852269,-0.523104,0.065194,0.000000,0.000000,0.000000,0.000000,-0.480233,
1625009353.000000,981877063.000000,-1.242417,-2.458194,0.000000,0.000000,0.000000,0.856349,-0.516398,0.063980,0.000000,0.000000,0.000000,0.000000,-0.436137,
1625009354.000000,14877063.000000,-1.243433,-2.460090,0.000000,0.000000,0.000000,0.859637,-0.510905,0.065194,0.000000,0.000000,0.000000,0.000000,-0.388001,
1625009354.000000,47877063.000000,-1.244476,-2.461972,0.000000,0.000000,0.000000,0.863635,-0.504118,0.065194,0.000000,0.000000,0.000000,0.000000,-0.477368,
1625009354.000000,80877063.000000,-1.245522,-2.463793,0.000000,0.000000,0.000000,0.867286,-0.497810,0.063660,0.000000,0.000000,0.000000,0.000000,-0.441754,
1625009354.000000,113877063.000000,-1.246622,-2.465642,0.000000,0.000000,0.000000,0.871228,-0.490878,0.065194,0.000000,0.000000,0.000000,0.000000,-0.483285,
1625009354.000000,146877063.000000,-1.247709,-2.467410,0.000000,0.000000,0.000000,0.874456,-0.485104,0.062893,0.000000,0.000000,0.000000,0.000000,-0.400901,
1625009354.000000,179877063.000000,-1.248848,-2.469206,0.000000,0.000000,0.000000,0.878121,-0.478439,0.064427,0.000000,0.000000,0.000000,0.000000,-0.460946,
1625009354.000000,212877063.000000,-1.249985,-2.470942,0.000000,0.000000,0.000000,0.881294,-0.472568,0.062893,0.000000,0.000000,0.000000,0.000000,-0.404477,
1625009354.000000,245877063.000000,-1.251160,-2.472683,0.000000,0.000000,0.000000,0.884647,-0.466262,0.063660,0.000000,0.000000,0.000000,0.000000,-0.432863,
1625009354.000000,278877063.000000,-1.252346,-2.474387,0.000000,0.000000,0.000000,0.888117,-0.459617,0.062893,0.000000,0.000000,0.000000,0.000000,-0.454361,
1625009354.000000,311877063.000000,-1.253600,-2.476135,0.000000,0.000000,0.000000,0.891203,-0.453605,0.065194,0.000000,0.000000,0.000000,0.000000,-0.409520,
1625009354.000000,339915977.000000,-1.254834,-2.477803,0.000000,0.000000,0.000000,0.894682,-0.446704,0.062893,0.000000,0.000000,0.000000,0.000000,-0.468406,
1625009354.000000,372915977.000000,-1.256124,-2.479493,0.000000,0.000000,0.000000,0.897805,-0.440394,0.064427,0.000000,0.000000,0.000000,0.000000,-0.426711,
1625009354.000000,406915977.000000,-1.257468,-2.481205,0.000000,0.000000,0.000000,0.900862,-0.434106,0.064021,0.000000,0.000000,0.000000,0.000000,-0.411255,
1625009354.000000,439915977.000000,-1.258773,-2.482819,0.000000,0.000000,0.000000,0.903960,-0.427617,0.062893,0.000000,0.000000,0.000000,0.000000,-0.435815,
1625009354.000000,472915977.000000,-1.260133,-2.484453,0.000000,0.000000,0.000000,0.906928,-0.421286,0.064427,0.000000,0.000000,0.000000,0.000000,-0.423735,
1625009354.000000,505915977.000000,-1.261517,-2.486067,0.000000,0.000000,0.000000,0.910184,-0.414205,0.064427,0.000000,0.000000,0.000000,0.000000,-0.472361,
1625009354.000000,538915977.000000,-1.262891,-2.487623,0.000000,0.000000,0.000000,0.912919,-0.408141,0.062893,0.000000,0.000000,0.000000,0.000000,-0.403137,
1625009354.000000,574915977.000000,-1.264389,-2.489271,0.000000,0.000000,0.000000,0.916131,-0.400878,0.061871,0.000000,0.000000,0.000000,0.000000,-0.441210,
1625009354.000000,607915977.000000,-1.265860,-2.490841,0.000000,0.000000,0.000000,0.918802,-0.394720,0.065194,0.000000,0.000000,0.000000,0.000000,-0.406829,
1625009354.000000,640915977.000000,-1.267299,-2.492337,0.000000,0.000000,0.000000,0.921610,-0.388117,0.062893,0.000000,0.000000,0.000000,0.000000,-0.434854,
1625009354.000000,673915977.000000,-1.268778,-2.493829,0.000000,0.000000,0.000000,0.924473,-0.381247,0.063660,0.000000,0.000000,0.000000,0.000000,-0.451110,
1625009354.000000,706915977.000000,-1.270315,-2.495335,0.000000,0.000000,0.000000,0.927035,-0.374975,0.065194,0.000000,0.000000,0.000000,0.000000,-0.410568,
1625009354.000000,739915977.000000,-1.271835,-2.496784,0.000000,0.000000,0.000000,0.929753,-0.368185,0.063660,0.000000,0.000000,0.000000,0.000000,-0.443289,
1625009354.000000,772915977.000000,-1.273358,-2.498194,0.000000,0.000000,0.000000,0.932450,-0.361300,0.062893,0.000000,0.000000,0.000000,0.000000,-0.448137,
1625009354.000000,805915977.000000,-1.274959,-2.499632,0.000000,0.000000,0.000000,0.935074,-0.354454,0.065194,0.000000,0.000000,0.000000,0.000000,-0.444358,
1625009354.000000,838915977.000000,-1.276560,-2.501030,0.000000,0.000000,0.000000,0.937456,-0.348103,0.064427,0.000000,0.000000,0.000000,0.000000,-0.411059,
1625009354.000000,871915977.000000,-1.278123,-2.502357,0.000000,0.000000,0.000000,0.939997,-0.341182,0.062126,0.000000,0.000000,0.000000,0.000000,-0.446843,
1625009354.000000,904915977.000000,-1.279803,-2.503741,0.000000,0.000000,0.000000,0.942465,-0.334306,0.065961,0.000000,0.000000,0.000000,0.000000,-0.442769,
1625009354.000000,937915977.000000,-1.281424,-2.505037,0.000000,0.000000,0.000000,0.944896,-0.327372,0.062893,0.000000,0.000000,0.000000,0.000000,-0.445341,
1625009354.000000,970915977.000000,-1.283063,-2.506310,0.000000,0.000000,0.000000,0.946949,-0.321383,0.062893,0.000000,0.000000,0.000000,0.000000,-0.383670,
1625009355.000000,3915977.000000,-1.284759,-2.507592,0.000000,0.000000,0.000000,0.949240,-0.314552,0.064427,0.000000,0.000000,0.000000,0.000000,-0.436674,
1625009355.000000,36915977.000000,-1.286453,-2.508835,0.000000,0.000000,0.000000,0.951512,-0.307610,0.063660,0.000000,0.000000,0.000000,0.000000,-0.442693,
1625009355.000000,70915977.000000,-1.288144,-2.510038,0.000000,0.000000,0.000000,0.953608,-0.301050,0.061043,0.000000,0.000000,0.000000,0.000000,-0.405136,
1625009355.000000,103915977.000000,-1.289873,-2.511232,0.000000,0.000000,0.000000,0.955759,-0.294151,0.063660,0.000000,0.000000,0.000000,0.000000,-0.437971,
1625009355.000000,136915977.000000,-1.291640,-2.512414,0.000000,0.000000,0.000000,0.957915,-0.287053,0.064427,0.000000,0.000000,0.000000,0.000000,-0.449538,
1625009355.000000,170915977.000000,-1.293425,-2.513569,0.000000,0.000000,0.000000,0.960117,-0.279597,0.062532,0.000000,0.000000,0.000000,0.000000,-0.457336,
1625009355.000000,203915977.000000,-1.295269,-2.514726,0.000000,0.000000,0.000000,0.961983,-0.273110,0.065961,0.000000,0.000000,0.000000,0.000000,-0.409076,
1625009355.000000,236915977.000000,-1.297130,-2.515856,0.000000,0.000000,0.000000,0.964014,-0.265853,0.065961,0.000000,0.000000,0.000000,0.000000,-0.456727,
1625009355.000000,269915977.000000,-1.298920,-2.516907,0.000000,0.000000,0.000000,0.965886,-0.258970,0.062893,0.000000,0.000000,0.000000,0.000000,-0.432343,
1625009355.000000,302915977.000000,-1.300812,-2.517982,0.000000,0.000000,0.000000,0.967751,-0.251910,0.065961,0.000000,0.000000,0.000000,0.000000,-0.442559,
1625009355.000000,335915977.000000,-1.302677,-2.519004,0.000000,0.000000,0.000000,0.969756,-0.244078,0.064427,0.000000,0.000000,0.000000,0.000000,-0.489947,
1625009355.000000,368915977.000000,-1.304489,-2.519963,0.000000,0.000000,0.000000,0.971210,-0.238225,0.062126,0.000000,0.000000,0.000000,0.000000,-0.365528,
1625009355.000000,401915977.000000,-1.306448,-2.520967,0.000000,0.000000,0.000000,0.973035,-0.230659,0.066728,0.000000,0.000000,0.000000,0.000000,-0.471689,
1625009355.000000,434915977.000000,-1.308356,-2.521906,0.000000,0.000000,0.000000,0.974853,-0.222851,0.064427,0.000000,0.000000,0.000000,0.000000,-0.485861,
1625009355.000000,467915977.000000,-1.310254,-2.522806,0.000000,0.000000,0.000000,0.976319,-0.216336,0.063660,0.000000,0.000000,0.000000,0.000000,-0.404701,
1625009355.000000,500915977.000000,-1.312234,-2.523711,0.000000,0.000000,0.000000,0.977885,-0.209143,0.065961,0.000000,0.000000,0.000000,0.000000,-0.446164,
1625009355.000000,533915977.000000,-1.314227,-2.524586,0.000000,0.000000,0.000000,0.979438,-0.201744,0.065961,0.000000,0.000000,0.000000,0.000000,-0.458230,
1625009355.000000,566915977.000000,-1.316186,-2.525411,0.000000,0.000000,0.000000,0.980984,-0.194089,0.064427,0.000000,0.000000,0.000000,0.000000,-0.473290,
1625009355.000000,599915977.000000,-1.318182,-2.526216,0.000000,0.000000,0.000000,0.982389,-0.186845,0.065194,0.000000,0.000000,0.000000,0.000000,-0.447244,
1625009355.000000,632915977.000000,-1.320212,-2.527000,0.000000,0.000000,0.000000,0.983769,-0.179437,0.065961,0.000000,0.000000,0.000000,0.000000,-0.456644,
1625009355.000000,665915977.000000,-1.322159,-2.527721,0.000000,0.000000,0.000000,0.984842,-0.173452,0.062893,0.000000,0.000000,0.000000,0.000000,-0.368530,
1625009355.000000,698915977.000000,-1.324210,-2.528449,0.000000,0.000000,0.000000,0.986164,-0.165772,0.065961,0.000000,0.000000,0.000000,0.000000,-0.472293,
1625009355.000000,731915977.000000,-1.326224,-2.529129,0.000000,0.000000,0.000000,0.987376,-0.158396,0.064427,0.000000,0.000000,0.000000,0.000000,-0.453012,
1625009355.000000,764915977.000000,-1.328201,-2.529763,0.000000,0.000000,0.000000,0.988552,-0.150881,0.062893,0.000000,0.000000,0.000000,0.000000,-0.461017,
1625009355.000000,797915977.000000,-1.330235,-2.530383,0.000000,0.000000,0.000000,0.989608,-0.143791,0.064427,0.000000,0.000000,0.000000,0.000000,-0.434478,
1625009355.000000,830915977.000000,-1.332253,-2.530967,0.000000,0.000000,0.000000,0.990560,-0.137077,0.063660,0.000000,0.000000,0.000000,0.000000,-0.410949,
1625009355.000000,863915977.000000,-1.334229,-2.531510,0.000000,0.000000,0.000000,0.991445,-0.130524,0.062126,0.000000,0.000000,0.000000,0.000000,-0.400764,
1625009355.000000,896915977.000000,-1.336311,-2.532051,0.000000,0.000000,0.000000,0.992411,-0.122963,0.065194,0.000000,0.000000,0.000000,0.000000,-0.461963,
1625009355.000000,929915977.000000,-1.338377,-2.532555,0.000000,0.000000,0.000000,0.993282,-0.115715,0.064427,0.000000,0.000000,0.000000,0.000000,-0.442425,
1625009355.000000,962915977.000000,-1.340351,-2.533007,0.000000,0.000000,0.000000,0.994080,-0.108653,0.061359,0.000000,0.000000,0.000000,0.000000,-0.430705,
1625009355.000000,995915977.000000,-1.342479,-2.533462,0.000000,0.000000,0.000000,0.994816,-0.101687,0.065961,0.000000,0.000000,0.000000,0.000000,-0.424542,
1625009356.000000,28915977.000000,-1.344540,-2.533871,0.000000,0.000000,0.000000,0.995582,-0.093897,0.063660,0.000000,0.000000,0.000000,0.000000,-0.474429,
1625009356.000000,61915977.000000,-1.346532,-2.534236,0.000000,0.000000,0.000000,0.996179,-0.087335,0.061359,0.000000,0.000000,0.000000,0.000000,-0.399342,
1625009356.000000,94915977.000000,-1.348653,-2.534596,0.000000,0.000000,0.000000,0.996764,-0.080385,0.065194,0.000000,0.000000,0.000000,0.000000,-0.422691,
1625009356.000000,127915977.000000,-1.350754,-2.534920,0.000000,0.000000,0.000000,0.997362,-0.072584,0.064427,0.000000,0.000000,0.000000,0.000000,-0.474180,
1625009356.000000,160915977.000000,-1.352785,-2.535204,0.000000,0.000000,0.000000,0.997819,-0.066002,0.062126,0.000000,0.000000,0.000000,0.000000,-0.399875,
1625009356.000000,193915977.000000,-1.354869,-2.535466,0.000000,0.000000,0.000000,0.998251,-0.059111,0.063660,0.000000,0.000000,0.000000,0.000000,-0.418443,
1625009356.000000,226915977.000000,-1.356957,-2.535699,0.000000,0.000000,0.000000,0.998657,-0.051814,0.063660,0.000000,0.000000,0.000000,0.000000,-0.442904,
1625009356.000000,259915977.000000,-1.359073,-2.535903,0.000000,0.000000,0.000000,0.999003,-0.044634,0.064427,0.000000,0.000000,0.000000,0.000000,-0.435701,
1625009356.000000,292915977.000000,-1.361167,-2.536076,0.000000,0.000000,0.000000,0.999289,-0.037713,0.063660,0.000000,0.000000,0.000000,0.000000,-0.419783,
1625009356.000000,325915977.000000,-1.363313,-2.536223,0.000000,0.000000,0.000000,0.999538,-0.030389,0.065194,0.000000,0.000000,0.000000,0.000000,-0.444129,
1625009356.000000,358915977.000000,-1.365360,-2.536333,0.000000,0.000000,0.000000,0.999721,-0.023626,0.062126,0.000000,0.000000,0.000000,0.000000,-0.410040,
1625009356.000000,391915977.000000,-1.367459,-2.536416,0.000000,0.000000,0.000000,0.999876,-0.015772,0.063660,0.000000,0.000000,0.000000,0.000000,-0.476073,
1625009356.000000,424915977.000000,-1.369610,-2.536469,0.000000,0.000000,0.000000,0.999959,-0.009009,0.065194,0.000000,0.000000,0.000000,0.000000,-0.409941,
1625009356.000000,456915977.000000,-1.371685,-2.536493,0.000000,0.000000,0.000000,0.999997,-0.002285,0.064859,0.000000,0.000000,0.000000,0.000000,-0.420243,
1625009356.000000,490915977.000000,-1.373761,-2.536487,0.000000,0.000000,0.000000,0.999987,0.005090,0.061043,0.000000,0.000000,0.000000,0.000000,-0.433799,
1625009356.000000,523915977.000000,-1.375937,-2.536449,0.000000,0.000000,0.000000,0.999924,0.012332,0.065961,0.000000,0.000000,0.000000,0.000000,-0.438979,
1625009356.000000,556915977.000000,-1.377986,-2.536383,0.000000,0.000000,0.000000,0.999797,0.020153,0.062126,0.000000,0.000000,0.000000,0.000000,-0.474023,
1625009356.000000,589915977.000000,-1.380085,-2.536283,0.000000,0.000000,0.000000,0.999633,0.027081,0.063660,0.000000,0.000000,0.000000,0.000000,-0.420005,
1625009356.000000,622915977.000000,-1.382207,-2.536154,0.000000,0.000000,0.000000,0.999431,0.033744,0.064427,0.000000,0.000000,0.000000,0.000000,-0.403991,
1625009356.000000,656915977.000000,-1.384302,-2.535996,0.000000,0.000000,0.000000,0.999130,0.041699,0.061788,0.000000,0.000000,0.000000,0.000000,-0.468321,
1625009356.000000,689915977.000000,-1.386419,-2.535805,0.000000,0.000000,0.000000,0.998841,0.048124,0.064427,0.000000,0.000000,0.000000,0.000000,-0.389753,
1625009356.000000,722915977.000000,-1.388509,-2.535588,0.000000,0.000000,0.000000,0.998467,0.055353,0.063660,0.000000,0.000000,0.000000,0.000000,-0.438734,
1625009356.000000,755915977.000000,-1.390595,-2.535340,0.000000,0.000000,0.000000,0.998031,0.062717,0.063660,0.000000,0.000000,0.000000,0.000000,-0.447075,
1625009356.000000,788915977.000000,-1.392677,-2.535063,0.000000,0.000000,0.000000,0.997563,0.069779,0.063660,0.000000,0.000000,0.000000,0.000000,-0.428923,
1625009356.000000,821915977.000000,-1.394806,-2.534748,0.000000,0.000000,0.000000,0.997028,0.077036,0.065194,0.000000,0.000000,0.000000,0.000000,-0.441066,
1625009356.000000,854027961.000000,-1.396879,-2.534410,0.000000,0.000000,0.000000,0.996429,0.084440,0.063660,0.000000,0.000000,0.000000,0.000000,-0.450150,
1625009356.000000,887027961.000000,-1.398972,-2.534037,0.000000,0.000000,0.000000,0.995801,0.091543,0.064427,0.000000,0.000000,0.000000,0.000000,-0.432158,
1625009356.000000,920027961.000000,-1.401035,-2.533639,0.000000,0.000000,0.000000,0.995103,0.098848,0.063660,0.000000,0.000000,0.000000,0.000000,-0.444774,
1625009356.000000,954027961.000000,-1.403265,-2.533173,0.000000,0.000000,0.000000,0.994304,0.106580,0.066999,0.000000,0.000000,0.000000,0.000000,-0.457238,
1625009356.000000,987027961.000000,-1.405339,-2.532708,0.000000,0.000000,0.000000,0.993505,0.113790,0.064427,0.000000,0.000000,0.000000,0.000000,-0.439650,
1625009357.000000,20027961.000000,-1.407480,-2.532194,0.000000,0.000000,0.000000,0.992639,0.121110,0.066728,0.000000,0.000000,0.000000,0.000000,-0.446758,
1625009357.000000,53027961.000000,-1.409540,-2.531666,0.000000,0.000000,0.000000,0.991626,0.129140,0.064427,0.000000,0.000000,0.000000,0.000000,-0.490490,
1625009357.000000,86027961.000000,-1.411567,-2.531113,0.000000,0.000000,0.000000,0.990675,0.136247,0.063660,0.000000,0.000000,0.000000,0.000000,-0.434552,
1625009357.000000,119027961.000000,-1.413683,-2.530504,0.000000,0.000000,0.000000,0.989715,0.143053,0.066728,0.000000,0.000000,0.000000,0.000000,-0.416562,
1625009357.000000,152027961.000000,-1.415717,-2.529886,0.000000,0.000000,0.000000,0.988519,0.151097,0.064427,0.000000,0.000000,0.000000,0.000000,-0.492873,
1625009357.000000,185027961.000000,-1.417717,-2.529244,0.000000,0.000000,0.000000,0.987402,0.158230,0.063660,0.000000,0.000000,0.000000,0.000000,-0.437592,
1625009357.000000,217027961.000000,-1.419708,-2.528573,0.000000,0.000000,0.000000,0.986234,0.165355,0.065650,0.000000,0.000000,0.000000,0.000000,-0.451239,
1625009357.000000,251027961.000000,-1.421761,-2.527848,0.000000,0.000000,0.000000,0.985061,0.172205,0.064021,0.000000,0.000000,0.000000,0.000000,-0.408854,
1625009357.000000,284027961.000000,-1.423756,-2.527113,0.000000,0.000000,0.000000,0.983799,0.179276,0.064427,0.000000,0.000000,0.000000,0.000000,-0.435318,
1625009357.000000,317027961.000000,-1.425739,-2.526348,0.000000,0.000000,0.000000,0.982465,0.186448,0.064427,0.000000,0.000000,0.000000,0.000000,-0.442135,
1625009357.000000,350027961.000000,-1.427689,-2.525565,0.000000,0.000000,0.000000,0.981164,0.193176,0.063660,0.000000,0.000000,0.000000,0.000000,-0.415291,
1625009357.000000,383027961.000000,-1.429603,-2.524764,0.000000,0.000000,0.000000,0.979656,0.200683,0.062893,0.000000,0.000000,0.000000,0.000000,-0.464062,
1625009357.000000,416027961.000000,-1.431599,-2.523894,0.000000,0.000000,0.000000,0.978194,0.207691,0.065961,0.000000,0.000000,0.000000,0.000000,-0.433875,
1625009357.000000,449027961.000000,-1.433489,-2.523037,0.000000,0.000000,0.000000,0.976643,0.214870,0.062893,0.000000,0.000000,0.000000,0.000000,-0.445101,
1625009357.000000,482027961.000000,-1.435389,-2.522141,0.000000,0.000000,0.000000,0.974992,0.222238,0.063660,0.000000,0.000000,0.000000,0.000000,-0.457632,
1625009357.000000,514027961.000000,-1.437230,-2.521239,0.000000,0.000000,0.000000,0.973405,0.229093,0.064068,0.000000,0.000000,0.000000,0.000000,-0.439784,
1625009357.000000,548027961.000000,-1.439126,-2.520278,0.000000,0.000000,0.000000,0.971817,0.235735,0.062532,0.000000,0.000000,0.000000,0.000000,-0.401712,
1625009357.000000,581027961.000000,-1.440987,-2.519302,0.000000,0.000000,0.000000,0.970131,0.242583,0.063660,0.000000,0.000000,0.000000,0.000000,-0.427412,
1625009357.000000,614027961.000000,-1.442878,-2.518276,0.000000,0.000000,0.000000,0.968396,0.249418,0.065194,0.000000,0.000000,0.000000,0.000000,-0.427393,
1625009357.000000,647027961.000000,-1.444732,-2.517236,0.000000,0.000000,0.000000,0.966548,0.256488,0.064427,0.000000,0.000000,0.000000,0.000000,-0.442851,
1625009357.000000,680027961.000000,-1.446483,-2.516219,0.000000,0.000000,0.000000,0.964707,0.263327,0.061359,0.000000,0.000000,0.000000,0.000000,-0.429248,
1625009357.000000,713027961.000000,-1.448307,-2.515126,0.000000,0.000000,0.000000,0.962821,0.270138,0.064427,0.000000,0.000000,0.000000,0.000000,-0.428348,
1625009357.000000,746027961.000000,-1.450158,-2.513980,0.000000,0.000000,0.000000,0.960823,0.277164,0.065961,0.000000,0.000000,0.000000,0.000000,-0.442684,
1625009357.000000,779027961.000000,-1.451885,-2.512875,0.000000,0.000000,0.000000,0.958684,0.284473,0.062126,0.000000,0.000000,0.000000,0.000000,-0.461525,
1625009357.000000,813027961.000000,-1.453658,-2.511703,0.000000,0.000000,0.000000,0.956603,0.291393,0.062532,0.000000,0.000000,0.000000,0.000000,-0.425096,
1625009357.000000,847027961.000000,-1.455436,-2.510491,0.000000,0.000000,0.000000,0.954598,0.297897,0.063277,0.000000,0.000000,0.000000,0.000000,-0.400335,
1625009357.000000,880027961.000000,-1.457155,-2.509284,0.000000,0.000000,0.000000,0.952436,0.304740,0.063660,0.000000,0.000000,0.000000,0.000000,-0.434936,
1625009357.000000,913027961.000000,-1.458878,-2.508038,0.000000,0.000000,0.000000,0.950307,0.311314,0.064427,0.000000,0.000000,0.000000,0.000000,-0.418837,
1625009357.000000,946027961.000000,-1.460582,-2.506766,0.000000,0.000000,0.000000,0.947814,0.318824,0.064427,0.000000,0.000000,0.000000,0.000000,-0.479533,
1625009357.000000,979027961.000000,-1.462267,-2.505469,0.000000,0.000000,0.000000,0.945483,0.325671,0.064427,0.000000,0.000000,0.000000,0.000000,-0.438402,
1625009358.000000,14027961.000000,-1.464011,-2.504085,0.000000,0.000000,0.000000,0.943076,0.332577,0.063638,0.000000,0.000000,0.000000,0.000000,-0.417900,
1625009358.000000,47027961.000000,-1.465677,-2.502724,0.000000,0.000000,0.000000,0.940780,0.339018,0.065194,0.000000,0.000000,0.000000,0.000000,-0.414410,
1625009358.000000,80027961.000000,-1.467286,-2.501372,0.000000,0.000000,0.000000,0.938304,0.345810,0.063660,0.000000,0.000000,0.000000,0.000000,-0.438147,
1625009358.000000,113027961.000000,-1.468836,-2.500031,0.000000,0.000000,0.000000,0.935884,0.352307,0.062126,0.000000,0.000000,0.000000,0.000000,-0.420196,
1625009358.000000,146027961.000000,-1.470481,-2.498566,0.000000,0.000000,0.000000,0.933262,0.359195,0.066728,0.000000,0.000000,0.000000,0.000000,-0.446684,
1625009358.000000,179027961.000000,-1.472010,-2.497164,0.000000,0.000000,0.000000,0.930622,0.365981,0.062893,0.000000,0.000000,0.000000,0.000000,-0.441290,
