1625007608.000000,594625047.000000,-0.769185,-1.564872,0.000000,0.000000,0.000000,-0.252339,0.967639,0.000000,0.000000,0.000000,0.000000,0.000000,-0.000152,
1625007608.000000,627625047.000000,-0.769185,-1.564872,0.000000,0.000000,0.000000,-0.252341,0.967638,0.000000,0.000000,0.000000,0.000000,0.000000,-0.000094,
1625007619.000000,30563983.000000,-0.769185,-1.564872,0.000000,0.000000,0.000000,-0.253021,0.967461,0.000000,0.000000,0.000000,0.000000,0.000000,-0.000166,
1625007619.000000,63563983.000000,-0.769185,-1.564872,0.000000,0.000000,0.000000,-0.253024,0.967460,0.000000,0.000000,0.000000,0.000000,0.000000,-0.000195,
1625007619.000000,96563983.000000,-0.769185,-1.564872,0.000000,0.000000,0.000000,-0.253023,0.967460,0.000000,0.000000,0.000000,0.000000,0.000000,0.000058,
1625007619.000000,129563983.000000,-0.769185,-1.564872,0.000000,0.000000,0.000000,-0.253023,0.967460,0.000000,0.000000,0.000000,0.000000,0.000000,-0.000022,
1625007619.000000,162563983.000000,-0.769185,-1.564872,0.000000,0.000000,0.000000,-0.253026,0.967459,0.000000,0.000000,0.000000,0.000000,0.000000,-0.000188,
1625007619.000000,195563983.000000,-0.769185,-1.564872,0.000000,0.000000,0.000000,-0.253030,0.967458,0.000000,0.000000,0.000000,0.000000,0.000000,-0.000260,
1625007619.000000,228563983.000000,-0.769185,-1.564872,0.000000,0.000000,0.000000,-0.253035,0.967457,0.000000,0.000000,0.000000,0.000000,0.000000,-0.000275,
1625007619.000000,261563983.000000,-0.769185,-1.564872,0.000000,0.000000,0.000000,-0.253028,0.967459,0.000000,0.000000,0.000000,0.000000,0.000000,0.000412,
1625007619.000000,294563983.000000,-0.769185,-1.564872,0.000000,0.000000,0.000000,-0.253032,0.967458,0.000000,0.000000,0.000000,0.000000,0.000000,-0.000246,
1625007619.000000,327563983.000000,-0.769185,-1.564872,0.000000,0.000000,0.000000,-0.253036,0.967457,0.000000,0.000000,0.000000,0.000000,0.000000,-0.000238,
1625007619.000000,360563983.000000,-0.769185,-1.564872,0.000000,0.000000,0.000000,-0.253041,0.967456,0.000000,0.000000,0.000000,0.000000,0.000000,-0.000318,
1625007619.000000,393563983.000000,-0.769185,-1.564872,0.000000,0.000000,0.000000,-0.253039,0.967456,0.000000,0.000000,0.000000,0.000000,0.000000,0.000116,
1625007619.000000,424431112.000000,-0.768523,-1.565244,0.000000,0.000000,0.000000,-0.253846,0.967245,0.023010,0.000000,0.000000,0.000000,0.000000,-0.050530,
1625007619.000000,457431112.000000,-0.767029,-1.566097,0.000000,0.000000,0.000000,-0.258934,0.965895,0.052155,0.000000,0.000000,0.000000,0.000000,-0.319040,
1625007619.000000,490431112.000000,-0.765283,-1.567123,0.000000,0.000000,0.000000,-0.265822,0.964022,0.061359,0.000000,0.000000,0.000000,0.000000,-0.432614,
1625007619.000000,524431112.000000,-0.763443,-1.568239,0.000000,0.000000,0.000000,-0.272833,0.962061,0.063277,0.000000,0.000000,0.000000,0.000000,-0.428235,
1625007619.000000,557431112.000000,-0.761663,-1.569353,0.000000,0.000000,0.000000,-0.279242,0.960221,0.063660,0.000000,0.000000,0.000000,0.000000,-0.404134,
1625007619.000000,590431112.000000,-0.759898,-1.570493,0.000000,0.000000,0.000000,-0.286049,0.958215,0.063660,0.000000,0.000000,0.000000,0.000000,-0.430071,
1625007619.000000,623431112.000000,-0.758128,-1.571671,0.000000,0.000000,0.000000,-0.292935,0.956132,0.064427,0.000000,0.000000,0.000000,0.000000,-0.435988,
1625007619.000000,656431112.000000,-0.756418,-1.572847,0.000000,0.000000,0.000000,-0.300432,0.953803,0.062893,0.000000,0.000000,0.000000,0.000000,-0.475790,
1625007619.000000,689431112.000000,-0.754725,-1.574048,0.000000,0.000000,0.000000,-0.307161,0.951657,0.062893,0.000000,0.000000,0.000000,0.000000,-0.428091,
1625007619.000000,722431112.000000,-0.756462,-1.572779,0.000000,0.000000,0.000000,0.313459,-0.949602,0.065194,0.000000,0.000000,0.000000,0.000000,189.998062,
1625007619.000000,755431112.000000,-0.754825,-1.574012,0.000000,0.000000,0.000000,0.320916,-0.947108,0.062126,0.000000,0.000000,0.000000,0.000000,-0.476519,
1625007619.000000,788431112.000000,-0.753206,-1.575270,0.000000,0.000000,0.000000,0.327505,-0.944849,0.062126,0.000000,0.000000,0.000000,0.000000,-0.422182,
1625007619.000000,824431112.000000,-0.751388,-1.576725,0.000000,0.000000,0.000000,0.334825,-0.942280,0.064683,0.000000,0.000000,0.000000,0.000000,-0.430968,
1625007619.000000,857431112.000000,-0.749787,-1.578047,0.000000,0.000000,0.000000,0.341708,-0.939806,0.062893,0.000000,0.000000,0.000000,0.000000,-0.443256,
1625007619.000000,891431112.000000,-0.748128,-1.579456,0.000000,0.000000,0.000000,0.347981,-0.937502,0.064021,0.000000,0.000000,0.000000,0.000000,-0.393110,
1625007619.000000,925431112.000000,-0.746508,-1.580871,0.000000,0.000000,0.000000,0.354817,-0.934936,0.063277,0.000000,0.000000,0.000000,0.000000,-0.429532,
1625007619.000000,958431112.000000,-0.744928,-1.582294,0.000000,0.000000,0.000000,0.361743,-0.932278,0.064427,0.000000,0.000000,0.000000,0.000000,-0.449629,
1625007619.000000,991431112.000000,-0.743388,-1.583722,0.000000,0.000000,0.000000,0.368770,-0.929521,0.063660,0.000000,0.000000,0.000000,0.000000,-0.457467,
1625007620.000000,24431112.000000,-0.741831,-1.585208,0.000000,0.000000,0.000000,0.374992,-0.927028,0.065194,0.000000,0.000000,0.000000,0.000000,-0.406251,
1625007620.000000,57431112.000000,-0.740297,-1.586716,0.000000,0.000000,0.000000,0.382410,-0.923993,0.065194,0.000000,0.000000,0.000000,0.000000,-0.485738,
1625007620.000000,90431112.000000,-0.738838,-1.588192,0.000000,0.000000,0.000000,0.388290,-0.921537,0.062893,0.000000,0.000000,0.000000,0.000000,-0.386166,
1625007620.000000,123431112.000000,-0.737347,-1.589742,0.000000,0.000000,0.000000,0.394997,-0.918683,0.065194,0.000000,0.000000,0.000000,0.000000,-0.441782,
1625007620.000000,156431112.000000,-0.735931,-1.591260,0.000000,0.000000,0.000000,0.402274,-0.915519,0.062893,0.000000,0.000000,0.000000,0.000000,-0.480941,
1625007620.000000,189431112.000000,-0.734538,-1.592798,0.000000,0.000000,0.000000,0.408626,-0.912702,0.062893,0.000000,0.000000,0.000000,0.000000,-0.421112,
1625007620.000000,222431112.000000,-0.733149,-1.594375,0.000000,0.000000,0.000000,0.414608,-0.910000,0.063660,0.000000,0.000000,0.000000,0.000000,-0.397834,
1625007620.000000,255431112.000000,-0.731783,-1.595971,0.000000,0.000000,0.000000,0.421793,-0.906692,0.063660,0.000000,0.000000,0.000000,0.000000,-0.479395,
1625007620.000000,288431112.000000,-0.730473,-1.597548,0.000000,0.000000,0.000000,0.428096,-0.903733,0.062126,0.000000,0.000000,0.000000,0.000000,-0.422008,
1625007620.000000,321431112.000000,-0.729137,-1.599202,0.000000,0.000000,0.000000,0.434073,-0.900878,0.064427,0.000000,0.000000,0.000000,0.000000,-0.401454,
1625007620.000000,354431112.000000,-0.727826,-1.600875,0.000000,0.000000,0.000000,0.441280,-0.897369,0.064427,0.000000,0.000000,0.000000,0.000000,-0.485781,
1625007620.000000,388431112.000000,-0.726585,-1.602508,0.000000,0.000000,0.000000,0.447653,-0.894207,0.060299,0.000000,0.000000,0.000000,0.000000,-0.418495,
1625007620.000000,420431112.000000,-0.725309,-1.604240,0.000000,0.000000,0.000000,0.454084,-0.890959,0.067232,0.000000,0.000000,0.000000,0.000000,-0.450306,
1625007620.000000,453431112.000000,-0.724072,-1.605969,0.000000,0.000000,0.000000,0.460726,-0.887542,0.064427,0.000000,0.000000,0.000000,0.000000,-0.452663,
1625007620.000000,486431112.000000,-0.722890,-1.607675,0.000000,0.000000,0.000000,0.467020,-0.884247,0.062893,0.000000,0.000000,0.000000,0.000000,-0.430606,
1625007620.000000,519431112.000000,-0.721703,-1.609439,0.000000,0.000000,0.000000,0.472930,-0.881100,0.064427,0.000000,0.000000,0.000000,0.000000,-0.405774,
1625007620.000000,554431112.000000,-0.720446,-1.611369,0.000000,0.000000,0.000000,0.479933,-0.877305,0.065808,0.000000,0.000000,0.000000,0.000000,-0.455162,
1625007620.000000,587431112.000000,-0.719326,-1.613146,0.000000,0.000000,0.000000,0.486751,-0.873541,0.063660,0.000000,0.000000,0.000000,0.000000,-0.472011,
1625007620.000000,620431112.000000,-0.718208,-1.614984,0.000000,0.000000,0.000000,0.493139,-0.869950,0.065194,0.000000,0.000000,0.000000,0.000000,-0.444102,
1625007620.000000,653431112.000000,-0.717103,-1.616860,0.000000,0.000000,0.000000,0.499222,-0.866474,0.065961,0.000000,0.000000,0.000000,0.000000,-0.424580,
1625007620.000000,686431112.000000,-0.716050,-1.618707,0.000000,0.000000,0.000000,0.505530,-0.862809,0.064427,0.000000,0.000000,0.000000,0.000000,-0.442136,
1625007620.000000,719431112.000000,-0.715013,-1.620592,0.000000,0.000000,0.000000,0.512350,-0.858777,0.065194,0.000000,0.000000,0.000000,0.000000,-0.480218,
1625007620.000000,752431112.000000,-0.714003,-1.622491,0.000000,0.000000,0.000000,0.517880,-0.855453,0.065194,0.000000,0.000000,0.000000,0.000000,-0.391035,
1625007620.000000,785431112.000000,-0.713033,-1.624383,0.000000,0.000000,0.000000,0.524590,-0.851355,0.064427,0.000000,0.000000,0.000000,0.000000,-0.476476,
1625007620.000000,818431112.000000,-0.712079,-1.626312,0.000000,0.000000,0.000000,0.530848,-0.847467,0.065194,0.000000,0.000000,0.000000,0.000000,-0.446500,
1625007620.000000,853431112.000000,-0.711091,-1.628392,0.000000,0.000000,0.000000,0.537587,-0.843208,0.065808,0.000000,0.000000,0.000000,0.000000,-0.455543,
1625007620.000000,886431112.000000,-0.710229,-1.630280,0.000000,0.000000,0.000000,0.543606,-0.839340,0.062893,0.000000,0.000000,0.000000,0.000000,-0.433662,
1625007620.000000,920431112.000000,-0.709374,-1.632227,0.000000,0.000000,0.000000,0.550166,-0.835056,0.062532,0.000000,0.000000,0.000000,0.000000,-0.460856,
1625007620.000000,952431112.000000,-0.708539,-1.634209,0.000000,0.000000,0.000000,0.555932,-0.831228,0.067232,0.000000,0.000000,0.000000,0.000000,-0.432596,
1625007620.000000,987431112.000000,-0.707713,-1.636251,0.000000,0.000000,0.000000,0.562189,-0.827009,0.062915,0.000000,0.000000,0.000000,0.000000,-0.431231,
1625007621.000000,20431112.000000,-0.706936,-1.638257,0.000000,0.000000,0.000000,0.568139,-0.822932,0.065194,0.000000,0.000000,0.000000,0.000000,-0.437093,
1625007621.000000,54431112.000000,-0.706216,-1.640203,0.000000,0.000000,0.000000,0.574634,-0.818411,0.061043,0.000000,0.000000,0.000000,0.000000,-0.465505,
1625007621.000000,87431112.000000,-0.705524,-1.642160,0.000000,0.000000,0.000000,0.579925,-0.814670,0.062893,0.000000,0.000000,0.000000,0.000000,-0.392704,
1625007621.000000,120431112.000000,-0.704842,-1.644174,0.000000,0.000000,0.000000,0.585742,-0.810497,0.064427,0.000000,0.000000,0.000000,0.000000,-0.433907,
1625007621.000000,153431112.000000,-0.704198,-1.646174,0.000000,0.000000,0.000000,0.591713,-0.806149,0.063660,0.000000,0.000000,0.000000,0.000000,-0.447656,
1625007621.000000,186431112.000000,-0.703568,-1.648231,0.000000,0.000000,0.000000,0.597507,-0.801864,0.065194,0.000000,0.000000,0.000000,0.000000,-0.436739,
1625007621.000000,220431112.000000,-0.702967,-1.650297,0.000000,0.000000,0.000000,0.603277,-0.797532,0.063277,0.000000,0.000000,0.000000,0.000000,-0.424406,
1625007621.000000,253431112.000000,-0.702411,-1.652322,0.000000,0.000000,0.000000,0.609088,-0.793103,0.063660,0.000000,0.000000,0.000000,0.000000,-0.442859,
1625007621.000000,286431112.000000,-0.701895,-1.654307,0.000000,0.000000,0.000000,0.614634,-0.788812,0.062126,0.000000,0.000000,0.000000,0.000000,-0.424978,
1625007621.000000,319431112.000000,-0.701397,-1.656347,0.000000,0.000000,0.000000,0.620588,-0.784137,0.063660,0.000000,0.000000,0.000000,0.000000,-0.458790,
1625007621.000000,352431112.000000,-0.700917,-1.658445,0.000000,0.000000,0.000000,0.625853,-0.779941,0.065194,0.000000,0.000000,0.000000,0.000000,-0.408028,
1625007621.000000,385431112.000000,-0.700482,-1.660474,0.000000,0.000000,0.000000,0.631411,-0.775448,0.062893,0.000000,0.000000,0.000000,0.000000,-0.433127,
1625007621.000000,418431112.000000,-0.700077,-1.662509,0.000000,0.000000,0.000000,0.637240,-0.770665,0.062893,0.000000,0.000000,0.000000,0.000000,-0.456998,
1625007621.000000,451431112.000000,-0.699693,-1.664600,0.000000,0.000000,0.000000,0.642848,-0.765994,0.064427,0.000000,0.000000,0.000000,0.000000,-0.442331,
1625007621.000000,484431112.000000,-0.699342,-1.666672,0.000000,0.000000,0.000000,0.647927,-0.761703,0.063660,0.000000,0.000000,0.000000,0.000000,-0.402978,
1625007621.000000,517431112.000000,-0.699021,-1.668748,0.000000,0.000000,0.000000,0.653633,-0.756812,0.063660,0.000000,0.000000,0.000000,0.000000,-0.455452,
1625007621.000000,550431112.000000,-0.698723,-1.670878,0.000000,0.000000,0.000000,0.659164,-0.751999,0.065194,0.000000,0.000000,0.000000,0.000000,-0.444362,
1625007621.000000,583431112.000000,-0.698465,-1.672938,0.000000,0.000000,0.000000,0.664194,-0.747560,0.062893,0.000000,0.000000,0.000000,0.000000,-0.406605,
1625007621.000000,616431112.000000,-0.698232,-1.675026,0.000000,0.000000,0.000000,0.669394,-0.742908,0.063660,0.000000,0.000000,0.000000,0.000000,-0.422846,
1625007621.000000,649431112.000000,-0.698020,-1.677217,0.000000,0.000000,0.000000,0.674806,-0.737995,0.066728,0.000000,0.000000,0.000000,0.000000,-0.442982,
1625007621.000000,682431112.000000,-0.697844,-1.679362,0.000000,0.000000,0.000000,0.680325,-0.732911,0.065194,0.000000,0.000000,0.000000,0.000000,-0.454773,
1625007621.000000,715431112.000000,-0.697701,-1.681483,0.000000,0.000000,0.000000,0.685562,-0.728014,0.064427,0.000000,0.000000,0.000000,0.000000,-0.434565,
1625007621.000000,748431112.000000,-0.697586,-1.683657,0.000000,0.000000,0.000000,0.690875,-0.722974,0.065961,0.000000,0.000000,0.000000,0.000000,-0.443834,
1625007621.000000,781431112.000000,-0.697508,-1.685705,0.000000,0.000000,0.000000,0.696115,-0.717930,0.062126,0.000000,0.000000,0.000000,0.000000,-0.440793,
1625007621.000000,814431112.000000,-0.697460,-1.687780,0.000000,0.000000,0.000000,0.701468,-0.712701,0.062893,0.000000,0.000000,0.000000,0.000000,-0.453544,
1625007621.000000,847431112.000000,-0.697441,-1.689932,0.000000,0.000000,0.000000,0.706605,-0.707608,0.065194,0.000000,0.000000,0.000000,0.000000,-0.438408,
1625007621.000000,880431112.000000,-0.697453,-1.692007,0.000000,0.000000,0.000000,0.711735,-0.702448,0.062893,0.000000,0.000000,0.000000,0.000000,-0.440966,
1625007621.000000,903735986.000000,-0.697495,-1.694082,0.000000,0.000000,0.000000,0.716653,-0.697430,0.062893,0.000000,0.000000,0.000000,0.000000,-0.425837,
1625007621.000000,936735986.000000,-0.697567,-1.696207,0.000000,0.000000,0.000000,0.721323,-0.692598,0.064427,0.000000,0.000000,0.000000,0.000000,-0.407262,
1625007621.000000,969735986.000000,-0.697669,-1.698305,0.000000,0.000000,0.000000,0.726759,-0.686893,0.063660,0.000000,0.000000,0.000000,0.000000,-0.477567,
1625007622.000000,2735986.000000,-0.697801,-1.700377,0.000000,0.000000,0.000000,0.731594,-0.681741,0.062893,0.000000,0.000000,0.000000,0.000000,-0.428214,
1625007622.000000,35735986.000000,-0.697969,-1.702547,0.000000,0.000000,0.000000,0.736193,-0.676772,0.065961,0.000000,0.000000,0.000000,0.000000,-0.410354,
1625007622.000000,68735986.000000,-0.698158,-1.704614,0.000000,0.000000,0.000000,0.741202,-0.671282,0.062893,0.000000,0.000000,0.000000,0.000000,-0.450423,
1625007622.000000,101735986.000000,-0.698382,-1.706703,0.000000,0.000000,0.000000,0.746322,-0.665585,0.063660,0.000000,0.000000,0.000000,0.000000,-0.464223,
1625007622.000000,134735986.000000,-0.698644,-1.708863,0.000000,0.000000,0.000000,0.750809,-0.660519,0.065961,0.000000,0.000000,0.000000,0.000000,-0.410152,
1625007622.000000,167735986.000000,-0.698932,-1.710970,0.000000,0.000000,0.000000,0.756121,-0.654432,0.064427,0.000000,0.000000,0.000000,0.000000,-0.489640,
1625007622.000000,200735986.000000,-0.699251,-1.713072,0.000000,0.000000,0.000000,0.760416,-0.649436,0.064427,0.000000,0.000000,0.000000,0.000000,-0.399264,
1625007622.000000,233735986.000000,-0.699608,-1.715219,0.000000,0.000000,0.000000,0.765215,-0.643775,0.065961,0.000000,0.000000,0.000000,0.000000,-0.449773,
1625007622.000000,267735986.000000,-0.700001,-1.717386,0.000000,0.000000,0.000000,0.770198,-0.637805,0.064766,0.000000,0.000000,0.000000,0.000000,-0.457469,
1625007622.000000,300735986.000000,-0.700413,-1.719472,0.000000,0.000000,0.000000,0.774799,-0.632207,0.064427,0.000000,0.000000,0.000000,0.000000,-0.439138,
1625007622.000000,334735986.000000,-0.700876,-1.721650,0.000000,0.000000,0.000000,0.779503,-0.626398,0.065510,0.000000,0.000000,0.000000,0.000000,-0.439696,
1625007622.000000,367735986.000000,-0.701349,-1.723723,0.000000,0.000000,0.000000,0.784231,-0.620470,0.064427,0.000000,0.000000,0.000000,0.000000,-0.459541,
1625007622.000000,400735986.000000,-0.701847,-1.725764,0.000000,0.000000,0.000000,0.788694,-0.614786,0.063660,0.000000,0.000000,0.000000,0.000000,-0.438000,
1625007622.000000,435735986.000000,-0.702433,-1.728018,0.000000,0.000000,0.000000,0.793503,-0.608566,0.066531,0.000000,0.000000,0.000000,0.000000,-0.449232,
1625007622.000000,468735986.000000,-0.703007,-1.730091,0.000000,0.000000,0.000000,0.798047,-0.602596,0.065194,0.000000,0.000000,0.000000,0.000000,-0.454718,
1625007622.000000,501735986.000000,-0.703590,-1.732083,0.000000,0.000000,0.000000,0.802606,-0.596509,0.062893,0.000000,0.000000,0.000000,0.000000,-0.460896,
1625007622.000000,534735986.000000,-0.704226,-1.734138,0.000000,0.000000,0.000000,0.806989,-0.590567,0.065194,0.000000,0.000000,0.000000,0.000000,-0.447512,
1625007622.000000,567735986.000000,-0.704874,-1.736137,0.000000,0.000000,0.000000,0.810705,-0.585454,0.063660,0.000000,0.000000,0.000000,0.000000,-0.383081,
1625007622.000000,600735986.000000,-0.705541,-1.738102,0.000000,0.000000,0.000000,0.815089,-0.579335,0.062893,0.000000,0.000000,0.000000,0.000000,-0.456189,
1625007622.000000,633735986.000000,-0.706264,-1.740128,0.000000,0.000000,0.000000,0.819596,-0.572942,0.065194,0.000000,0.000000,0.000000,0.000000,-0.474048,
1625007622.000000,668735986.000000,-0.707035,-1.742191,0.000000,0.000000,0.000000,0.823402,-0.567458,0.062915,0.000000,0.000000,0.000000,0.000000,-0.381456,
1625007622.000000,701735986.000000,-0.707797,-1.744148,0.000000,0.000000,0.000000,0.827640,-0.561260,0.063660,0.000000,0.000000,0.000000,0.000000,-0.455054,
1625007622.000000,734735986.000000,-0.708590,-1.746094,0.000000,0.000000,0.000000,0.831969,-0.554822,0.063660,0.000000,0.000000,0.000000,0.000000,-0.470212,
1625007622.000000,767735986.000000,-0.709421,-1.748051,0.000000,0.000000,0.000000,0.836026,-0.548689,0.064427,0.000000,0.000000,0.000000,0.000000,-0.445648,
1625007622.000000,801735986.000000,-0.710301,-1.750042,0.000000,0.000000,0.000000,0.839733,-0.542999,0.064021,0.000000,0.000000,0.000000,0.000000,-0.399449,
1625007622.000000,834735986.000000,-0.711187,-1.751974,0.000000,0.000000,0.000000,0.843599,-0.536974,0.064427,0.000000,0.000000,0.000000,0.000000,-0.433886,
1625007622.000000,867735986.000000,-0.712091,-1.753871,0.000000,0.000000,0.000000,0.847788,-0.530336,0.063660,0.000000,0.000000,0.000000,0.000000,-0.475714,
1625007622.000000,903735986.000000,-0.713069,-1.755844,0.000000,0.000000,0.000000,0.851700,-0.524030,0.061167,0.000000,0.000000,0.000000,0.000000,-0.412246,
1625007622.000000,936735986.000000,-0.714053,-1.757757,0.000000,0.000000,0.000000,0.855432,-0.517915,0.065194,0.000000,0.000000,0.000000,0.000000,-0.434211,
1625007622.000000,969735986.000000,-0.715028,-1.759589,0.000000,0.000000,0.000000,0.859202,-0.511637,0.062893,0.000000,0.000000,0.000000,0.000000,-0.443758,
1625007623.000000,2735986.000000,-0.716040,-1.761430,0.000000,0.000000,0.000000,0.862192,-0.506581,0.063660,0.000000,0.000000,0.000000,0.000000,-0.356028,
1625007623.000000,35735986.000000,-0.717076,-1.763257,0.000000,0.000000,0.000000,0.866013,-0.500021,0.063660,0.000000,0.000000,0.000000,0.000000,-0.460133,
1625007623.000000,68735986.000000,-0.718153,-1.765091,0.000000,0.000000,0.000000,0.869654,-0.493662,0.064427,0.000000,0.000000,0.000000,0.000000,-0.444094,
1625007623.000000,101735986.000000,-0.719217,-1.766843,0.000000,0.000000,0.000000,0.873331,-0.487128,0.062126,0.000000,0.000000,0.000000,0.000000,-0.454382,
1625007623.000000,134735986.000000,-0.720360,-1.768666,0.000000,0.000000,0.000000,0.876754,-0.480939,0.065194,0.000000,0.000000,0.000000,0.000000,-0.428622,
1625007623.000000,167735986.000000,-0.721516,-1.770450,0.000000,0.000000,0.000000,0.880282,-0.474450,0.064427,0.000000,0.000000,0.000000,0.000000,-0.447645,
1625007623.000000,200735986.000000,-0.722697,-1.772218,0.000000,0.000000,0.000000,0.883601,-0.468240,0.064427,0.000000,0.000000,0.000000,0.000000,-0.426740,
1625007623.000000,233735986.000000,-0.723889,-1.773948,0.000000,0.000000,0.000000,0.886888,-0.461984,0.063660,0.000000,0.000000,0.000000,0.000000,-0.428290,
1625007623.000000,266735986.000000,-0.725120,-1.775681,0.000000,0.000000,0.000000,0.890256,-0.455461,0.064427,0.000000,0.000000,0.000000,0.000000,-0.444958,
1625007623.000000,299735986.000000,-0.726362,-1.777376,0.000000,0.000000,0.000000,0.893427,-0.449208,0.063660,0.000000,0.000000,0.000000,0.000000,-0.424931,
1625007623.000000,332735986.000000,-0.727626,-1.779054,0.000000,0.000000,0.000000,0.896576,-0.442890,0.063660,0.000000,0.000000,0.000000,0.000000,-0.427817,
1625007623.000000,365735986.000000,-0.728915,-1.780712,0.000000,0.000000,0.000000,0.899800,-0.436304,0.063660,0.000000,0.000000,0.000000,0.000000,-0.444394,
1625007623.000000,398735986.000000,-0.730227,-1.782353,0.000000,0.000000,0.000000,0.902691,-0.430289,0.063660,0.000000,0.000000,0.000000,0.000000,-0.404474,
1625007623.000000,431735986.000000,-0.731545,-1.783956,0.000000,0.000000,0.000000,0.905688,-0.423946,0.062893,0.000000,0.000000,0.000000,0.000000,-0.425144,
1625007623.000000,464735986.000000,-0.732919,-1.785579,0.000000,0.000000,0.000000,0.908731,-0.417382,0.064427,0.000000,0.000000,0.000000,0.000000,-0.438528,
1625007623.000000,497735986.000000,-0.734283,-1.787143,0.000000,0.000000,0.000000,0.911917,-0.410375,0.062893,0.000000,0.000000,0.000000,0.000000,-0.466455,
1625007623.000000,530735986.000000,-0.735688,-1.788706,0.000000,0.000000,0.000000,0.914791,-0.403929,0.063660,0.000000,0.000000,0.000000,0.000000,-0.427766,
1625007623.000000,563735986.000000,-0.737113,-1.790249,0.000000,0.000000,0.000000,0.917497,-0.397742,0.063660,0.000000,0.000000,0.000000,0.000000,-0.409278,
1625007623.000000,596735986.000000,-0.738578,-1.791790,0.000000,0.000000,0.000000,0.920376,-0.391035,0.064427,0.000000,0.000000,0.000000,0.000000,-0.442295,
1625007623.000000,629735986.000000,-0.740048,-1.793291,0.000000,0.000000,0.000000,0.923333,-0.383999,0.063660,0.000000,0.000000,0.000000,0.000000,-0.462572,
1625007623.000000,662735986.000000,-0.741557,-1.794788,0.000000,0.000000,0.000000,0.925908,-0.377749,0.064427,0.000000,0.000000,0.000000,0.000000,-0.409672,
1625007623.000000,695735986.000000,-0.743087,-1.796264,0.000000,0.000000,0.000000,0.928656,-0.370942,0.064427,0.000000,0.000000,0.000000,0.000000,-0.444918,
1625007623.000000,728735986.000000,-0.744621,-1.797700,0.000000,0.000000,0.000000,0.931472,-0.363813,0.063660,0.000000,0.000000,0.000000,0.000000,-0.464569,
1625007623.000000,761735986.000000,-0.746213,-1.799147,0.000000,0.000000,0.000000,0.933930,-0.357455,0.065194,0.000000,0.000000,0.000000,0.000000,-0.413082,
1625007623.000000,794735986.000000,-0.747806,-1.800555,0.000000,0.000000,0.000000,0.936545,-0.350547,0.064427,0.000000,0.000000,0.000000,0.000000,-0.447671,
1625007623.000000,827735986.000000,-0.749439,-1.801956,0.000000,0.000000,0.000000,0.939054,-0.343770,0.065194,0.000000,0.000000,0.000000,0.000000,-0.437993,
1625007623.000000,860735986.000000,-0.751092,-1.803333,0.000000,0.000000,0.000000,0.941582,-0.336783,0.065194,0.000000,0.000000,0.000000,0.000000,-0.450311,
1625007623.000000,894735986.000000,-0.752746,-1.804669,0.000000,0.000000,0.000000,0.944071,-0.329743,0.062532,0.000000,0.000000,0.000000,0.000000,-0.439251,
1625007623.000000,927735986.000000,-0.754419,-1.805980,0.000000,0.000000,0.000000,0.946441,-0.322878,0.064427,0.000000,0.000000,0.000000,0.000000,-0.440128,
1625007623.000000,960735986.000000,-0.756193,-1.807328,0.000000,0.000000,0.000000,0.948846,-0.315739,0.067495,0.000000,0.000000,0.000000,0.000000,-0.456593,
1625007623.000000,993735986.000000,-0.757904,-1.808590,0.000000,0.000000,0.000000,0.951017,-0.309139,0.064427,0.000000,0.000000,0.000000,0.000000,-0.421091,
1625007624.000000,26735986.000000,-0.759654,-1.809842,0.000000,0.000000,0.000000,0.953405,-0.301693,0.065194,0.000000,0.000000,0.000000,0.000000,-0.473918,
1625007624.000000,59735986.000000,-0.761444,-1.811080,0.000000,0.000000,0.000000,0.955787,-0.294061,0.065961,0.000000,0.000000,0.000000,0.000000,-0.484521,
1625007624.000000,92735986.000000,-0.763190,-1.812248,0.000000,0.000000,0.000000,0.957934,-0.286988,0.063660,0.000000,0.000000,0.000000,0.000000,-0.447981,
1625007624.000000,125735986.000000,-0.764953,-1.813390,0.000000,0.000000,0.000000,0.959960,-0.280138,0.063660,0.000000,0.000000,0.000000,0.000000,-0.432954,
1625007624.000000,158735986.000000,-0.766797,-1.814547,0.000000,0.000000,0.000000,0.962012,-0.273006,0.065961,0.000000,0.000000,0.000000,0.000000,-0.449806,
1625007624.000000,191735986.000000,-0.768571,-1.815624,0.000000,0.000000,0.000000,0.963969,-0.266014,0.062893,0.000000,0.000000,0.000000,0.000000,-0.440020,
1625007624.000000,224735986.000000,-0.770381,-1.816690,0.000000,0.000000,0.000000,0.965673,-0.259761,0.063660,0.000000,0.000000,0.000000,0.000000,-0.392773,
1625007624.000000,257735986.000000,-0.772228,-1.817743,0.000000,0.000000,0.000000,0.967533,-0.252746,0.064427,0.000000,0.000000,0.000000,0.000000,-0.439879,
1625007624.000000,290735986.000000,-0.774068,-1.818757,0.000000,0.000000,0.000000,0.969352,-0.245675,0.063660,0.000000,0.000000,0.000000,0.000000,-0.442469,
1625007624.000000,323735986.000000,-0.775900,-1.819732,0.000000,0.000000,0.000000,0.971155,-0.238450,0.062893,0.000000,0.000000,0.000000,0.000000,-0.451330,
1625007624.000000,356735986.000000,-0.777813,-1.820716,0.000000,0.000000,0.000000,0.972737,-0.231909,0.065194,0.000000,0.000000,0.000000,0.000000,-0.407829,
1625007624.000000,389735986.000000,-0.779695,-1.821650,0.000000,0.000000,0.000000,0.974426,-0.224710,0.063660,0.000000,0.000000,0.000000,0.000000,-0.448198,
1625007624.000000,430540069.000000,-0.781567,-1.822546,0.000000,0.000000,0.000000,0.975961,-0.217945,0.061043,0.000000,0.000000,0.000000,0.000000,-0.408039,
1625007624.000000,463540069.000000,-0.783544,-1.823457,0.000000,0.000000,0.000000,0.977505,-0.210910,0.065961,0.000000,0.000000,0.000000,0.000000,-0.436508,
1625007624.000000,496540069.000000,-0.785441,-1.824299,0.000000,0.000000,0.000000,0.979024,-0.203744,0.062893,0.000000,0.000000,0.000000,0.000000,-0.443950,
1625007624.000000,529540069.000000,-0.787327,-1.825104,0.000000,0.000000,0.000000,0.980410,-0.196969,0.062126,0.000000,0.000000,0.000000,0.000000,-0.419107,
1625007624.000000,562540069.000000,-0.789340,-1.825930,0.000000,0.000000,0.000000,0.981796,-0.189936,0.065961,0.000000,0.000000,0.000000,0.000000,-0.434424,
1625007624.000000,595540069.000000,-0.791296,-1.826699,0.000000,0.000000,0.000000,0.983266,-0.182178,0.063660,0.000000,0.000000,0.000000,0.000000,-0.478557,
1625007624.000000,629540069.000000,-0.793239,-1.827428,0.000000,0.000000,0.000000,0.984527,-0.175233,0.061043,0.000000,0.000000,0.000000,0.000000,-0.415220,
1625007624.000000,662540069.000000,-0.795263,-1.828157,0.000000,0.000000,0.000000,0.985666,-0.168709,0.065194,0.000000,0.000000,0.000000,0.000000,-0.401381,
1625007624.000000,695540069.000000,-0.797273,-1.828849,0.000000,0.000000,0.000000,0.986965,-0.160935,0.064427,0.000000,0.000000,0.000000,0.000000,-0.477673,
1625007624.000000,728540069.000000,-0.799246,-1.829494,0.000000,0.000000,0.000000,0.988047,-0.154154,0.062893,0.000000,0.000000,0.000000,0.000000,-0.416187,
1625007624.000000,761540069.000000,-0.801275,-1.830128,0.000000,0.000000,0.000000,0.989124,-0.147084,0.064427,0.000000,0.000000,0.000000,0.000000,-0.433412,
1625007624.000000,794540069.000000,-0.803313,-1.830733,0.000000,0.000000,0.000000,0.990027,-0.140879,0.064427,0.000000,0.000000,0.000000,0.000000,-0.380010,
1625007624.000000,827540069.000000,-0.805360,-1.831311,0.000000,0.000000,0.000000,0.991068,-0.133361,0.064427,0.000000,0.000000,0.000000,0.000000,-0.460011,
1625007624.000000,860540069.000000,-0.807389,-1.831852,0.000000,0.000000,0.000000,0.991978,-0.126413,0.063660,0.000000,0.000000,0.000000,0.000000,-0.424679,
1625007624.000000,893540069.000000,-0.809476,-1.832375,0.000000,0.000000,0.000000,0.992951,-0.118526,0.065194,0.000000,0.000000,0.000000,0.000000,-0.481652,
1625007624.000000,926540069.000000,-0.811497,-1.832851,0.000000,0.000000,0.000000,0.993692,-0.112146,0.062893,0.000000,0.000000,0.000000,0.000000,-0.389231,
1625007624.000000,959540069.000000,-0.813548,-1.833304,0.000000,0.000000,0.000000,0.994459,-0.105121,0.063660,0.000000,0.000000,0.000000,0.000000,-0.428288,
1625007624.000000,992540069.000000,-0.815605,-1.833730,0.000000,0.000000,0.000000,0.995150,-0.098371,0.063660,0.000000,0.000000,0.000000,0.000000,-0.411220,
1625007625.000000,25540069.000000,-0.817668,-1.834125,0.000000,0.000000,0.000000,0.995873,-0.090755,0.063660,0.000000,0.000000,0.000000,0.000000,-0.463701,
1625007625.000000,58540069.000000,-0.819762,-1.834494,0.000000,0.000000,0.000000,0.996492,-0.083692,0.064427,0.000000,0.000000,0.000000,0.000000,-0.429670,
1625007625.000000,92540069.000000,-0.821836,-1.834829,0.000000,0.000000,0.000000,0.997115,-0.075908,0.061788,0.000000,0.000000,0.000000,0.000000,-0.459350,
1625007625.000000,125540069.000000,-0.823890,-1.835128,0.000000,0.000000,0.000000,0.997625,-0.068876,0.062893,0.000000,0.000000,0.000000,0.000000,-0.427297,
1625007625.000000,158540069.000000,-0.825948,-1.835399,0.000000,0.000000,0.000000,0.998085,-0.061860,0.062893,0.000000,0.000000,0.000000,0.000000,-0.426112,
1625007625.000000,190540069.000000,-0.828034,-1.835646,0.000000,0.000000,0.000000,0.998450,-0.055651,0.065650,0.000000,0.000000,0.000000,0.000000,-0.388732,
1625007625.000000,223540069.000000,-0.830148,-1.835866,0.000000,0.000000,0.000000,0.998828,-0.048403,0.064427,0.000000,0.000000,0.000000,0.000000,-0.439911,
1625007625.000000,257540069.000000,-0.832266,-1.836055,0.000000,0.000000,0.000000,0.999192,-0.040189,0.062532,0.000000,0.000000,0.000000,0.000000,-0.483639,
1625007625.000000,290540069.000000,-0.834386,-1.836212,0.000000,0.000000,0.000000,0.999425,-0.033906,0.064427,0.000000,0.000000,0.000000,0.000000,-0.381013,
1625007625.000000,323540069.000000,-0.836509,-1.836339,0.000000,0.000000,0.000000,0.999661,-0.026042,0.064427,0.000000,0.000000,0.000000,0.000000,-0.476852,
1625007625.000000,356540069.000000,-0.838607,-1.836434,0.000000,0.000000,0.000000,0.999821,-0.018908,0.063660,0.000000,0.000000,0.000000,0.000000,-0.432488,
1625007625.000000,389540069.000000,-0.840758,-1.836500,0.000000,0.000000,0.000000,0.999928,-0.012020,0.065194,0.000000,0.000000,0.000000,0.000000,-0.417503,
1625007625.000000,422540069.000000,-0.842884,-1.836535,0.000000,0.000000,0.000000,0.999991,-0.004122,0.064427,0.000000,0.000000,0.000000,0.000000,-0.478643,
1625007625.000000,456540069.000000,-0.845136,-1.836536,0.000000,0.000000,0.000000,0.999994,0.003365,0.066254,0.000000,0.000000,0.000000,0.000000,-0.440433,
1625007625.000000,489540069.000000,-0.847313,-1.836504,0.000000,0.000000,0.000000,0.999934,0.011445,0.065961,0.000000,0.000000,0.000000,0.000000,-0.489710,
1625007625.000000,522540069.000000,-0.849413,-1.836443,0.000000,0.000000,0.000000,0.999843,0.017732,0.063660,0.000000,0.000000,0.000000,0.000000,-0.381092,
1625007625.000000,555540069.000000,-0.851562,-1.836350,0.000000,0.000000,0.000000,0.999674,0.025533,0.065194,0.000000,0.000000,0.000000,0.000000,-0.472885,
1625007625.000000,588540069.000000,-0.853735,-1.836221,0.000000,0.000000,0.000000,0.999435,0.033616,0.065961,0.000000,0.000000,0.000000,0.000000,-0.490093,
1625007625.000000,621540069.000000,-0.855855,-1.836062,0.000000,0.000000,0.000000,0.999158,0.041037,0.064427,0.000000,0.000000,0.000000,0.000000,-0.450053,
1625007625.000000,654540069.000000,-0.857973,-1.835873,0.000000,0.000000,0.000000,0.998833,0.048296,0.064427,0.000000,0.000000,0.000000,0.000000,-0.440384,
1625007625.000000,687540069.000000,-0.860163,-1.835645,0.000000,0.000000,0.000000,0.998476,0.055194,0.066728,0.000000,0.000000,0.000000,0.000000,-0.418620,
1625007625.000000,720540069.000000,-0.862274,-1.835395,0.000000,0.000000,0.000000,0.998041,0.062566,0.064427,0.000000,0.000000,0.000000,0.000000,-0.447562,
1625007625.000000,753540069.000000,-0.864331,-1.835120,0.000000,0.000000,0.000000,0.997530,0.070245,0.062893,0.000000,0.000000,0.000000,0.000000,-0.466425,
1625007625.000000,786540069.000000,-0.866484,-1.834799,0.000000,0.000000,0.000000,0.996980,0.077663,0.065961,0.000000,0.000000,0.000000,0.000000,-0.450829,
1625007625.000000,819540069.000000,-0.868557,-1.834459,0.000000,0.000000,0.000000,0.996392,0.084869,0.063660,0.000000,0.000000,0.000000,0.000000,-0.438151,
1625007625.000000,852540069.000000,-0.870601,-1.834095,0.000000,0.000000,0.000000,0.995826,0.091274,0.062893,0.000000,0.000000,0.000000,0.000000,-0.389726,
1625007625.000000,885540069.000000,-0.872688,-1.833693,0.000000,0.000000,0.000000,0.995131,0.098559,0.064427,0.000000,0.000000,0.000000,0.000000,-0.443510,
1625007625.000000,918540069.000000,-0.874720,-1.833270,0.000000,0.000000,0.000000,0.994331,0.106326,0.062893,0.000000,0.000000,0.000000,0.000000,-0.473247,
1625007625.000000,951540069.000000,-0.876746,-1.832817,0.000000,0.000000,0.000000,0.993576,0.113165,0.062893,0.000000,0.000000,0.000000,0.000000,-0.417004,
1625007625.000000,984540069.000000,-0.878839,-1.832320,0.000000,0.000000,0.000000,0.992857,0.119309,0.065194,0.000000,0.000000,0.000000,0.000000,-0.374898,
1625007626.000000,17540069.000000,-0.880876,-1.831807,0.000000,0.000000,0.000000,0.991883,0.127153,0.063660,0.000000,0.000000,0.000000,0.000000,-0.479010,
1625007626.000000,50540069.000000,-0.882881,-1.831268,0.000000,0.000000,0.000000,0.990918,0.134466,0.062893,0.000000,0.000000,0.000000,0.000000,-0.447109,
1625007626.000000,85540069.000000,-0.885047,-1.830652,0.000000,0.000000,0.000000,0.989877,0.141931,0.064361,0.000000,0.000000,0.000000,0.000000,-0.430655,
1625007626.000000,118540069.000000,-0.887035,-1.830055,0.000000,0.000000,0.000000,0.988891,0.148642,0.062893,0.000000,0.000000,0.000000,0.000000,-0.411100,
1625007626.000000,151540069.000000,-0.889015,-1.829431,0.000000,0.000000,0.000000,0.987849,0.155417,0.062893,0.000000,0.000000,0.000000,0.000000,-0.415440,
1625007626.000000,184540069.000000,-0.891033,-1.828764,0.000000,0.000000,0.000000,0.986711,0.162485,0.064427,0.000000,0.000000,0.000000,0.000000,-0.433869,
1625007626.000000,217540069.000000,-0.893018,-1.828075,0.000000,0.000000,0.000000,0.985404,0.170234,0.063660,0.000000,0.000000,0.000000,0.000000,-0.476278,
1625007626.000000,250540069.000000,-0.894944,-1.827373,0.000000,0.000000,0.000000,0.984196,0.177083,0.062126,0.000000,0.000000,0.000000,0.000000,-0.421535,
1625007626.000000,283540069.000000,-0.896932,-1.826619,0.000000,0.000000,0.000000,0.982998,0.183615,0.064427,0.000000,0.000000,0.000000,0.000000,-0.402443,
1625007626.000000,316540069.000000,-0.898886,-1.825846,0.000000,0.000000,0.000000,0.981630,0.190796,0.063660,0.000000,0.000000,0.000000,0.000000,-0.443033,
1625007626.000000,349540069.000000,-0.900805,-1.825056,0.000000,0.000000,0.000000,0.980288,0.197572,0.062893,0.000000,0.000000,0.000000,0.000000,-0.418688,
1625007626.000000,382540069.000000,-0.902759,-1.824218,0.000000,0.000000,0.000000,0.978856,0.204549,0.064427,0.000000,0.000000,0.000000,0.000000,-0.431648,
1625007626.000000,415540069.000000,-0.904723,-1.823341,0.000000,0.000000,0.000000,0.977202,0.212312,0.065194,0.000000,0.000000,0.000000,0.000000,-0.481042,
1625007626.000000,448540069.000000,-0.906628,-1.822456,0.000000,0.000000,0.000000,0.975696,0.219128,0.063660,0.000000,0.000000,0.000000,0.000000,-0.423054,
1625007626.000000,481540069.000000,-0.908544,-1.821534,0.000000,0.000000,0.000000,0.974230,0.225559,0.064427,0.000000,0.000000,0.000000,0.000000,-0.399771,
1625007626.000000,514540069.000000,-0.910447,-1.820585,0.000000,0.000000,0.000000,0.972413,0.233266,0.064427,0.000000,0.000000,0.000000,0.000000,-0.479900,
1625007626.000000,547540069.000000,-0.912290,-1.819630,0.000000,0.000000,0.000000,0.970766,0.240026,0.062893,0.000000,0.000000,0.000000,0.000000,-0.421667,
1625007626.000000,580540069.000000,-0.914187,-1.818615,0.000000,0.000000,0.000000,0.969162,0.246424,0.065194,0.000000,0.000000,0.000000,0.000000,-0.399741,
1625007626.000000,613540069.000000,-0.916024,-1.817597,0.000000,0.000000,0.000000,0.967187,0.254065,0.063660,0.000000,0.000000,0.000000,0.000000,-0.478355,
1625007626.000000,646540069.000000,-0.917803,-1.816577,0.000000,0.000000,0.000000,0.965401,0.260769,0.062126,0.000000,0.000000,0.000000,0.000000,-0.420420,
1625007626.000000,679540069.000000,-0.919611,-1.815508,0.000000,0.000000,0.000000,0.963675,0.267077,0.063660,0.000000,0.000000,0.000000,0.000000,-0.396407,
1625007626.000000,712540069.000000,-0.921403,-1.814412,0.000000,0.000000,0.000000,0.961550,0.274631,0.063660,0.000000,0.000000,0.000000,0.000000,-0.475559,
1625007626.000000,745540069.000000,-0.923158,-1.813304,0.000000,0.000000,0.000000,0.959601,0.281363,0.062893,0.000000,0.000000,0.000000,0.000000,-0.424789,
1625007626.000000,778540069.000000,-0.924918,-1.812157,0.000000,0.000000,0.000000,0.957561,0.288232,0.063660,0.000000,0.000000,0.000000,0.000000,-0.434275,
1625007626.000000,811540069.000000,-0.926663,-1.810986,0.000000,0.000000,0.000000,0.955746,0.294192,0.063660,0.000000,0.000000,0.000000,0.000000,-0.377581,
