1625008153.808177,0.000000,0.570016,-0.499456,0.198220,
1625008153.812339,0.000000,0.569999,-0.499471,0.198233,
1625008153.816512,0.000000,0.570017,-0.499460,0.198220,
1625008153.820752,0.000000,0.570023,-0.499461,0.198211,
1625008153.824838,0.000000,0.570031,-0.499475,0.198224,
1625008153.829005,0.000000,0.570027,-0.499467,0.198215,
1625008153.833176,0.000000,0.570023,-0.499461,0.198218,
1625008153.837348,0.000000,0.570016,-0.499460,0.198223,
1625008153.841514,0.000000,0.570009,-0.499472,0.198227,
1625008153.845676,0.000000,0.570018,-0.499471,0.198234,
1625008153.849848,0.000000,0.570014,-0.499467,0.198225,
1625008164.558271,0.000000,0.570014,-0.499451,0.198215,
1625008164.562417,0.000000,0.570014,-0.499450,0.198217,
1625008164.566580,0.000000,0.570013,-0.499458,0.198215,
1625008164.570746,0.000000,0.570014,-0.499455,0.198219,
1625008164.574923,0.000000,0.570014,-0.499458,0.198218,
1625008164.579314,0.000000,0.570007,-0.499464,0.198219,
1625008164.583260,0.000000,0.570008,-0.499456,0.198214,
1625008164.587431,0.000000,0.570007,-0.499454,0.198214,
1625008164.591600,0.000000,0.570016,-0.499462,0.198214,
1625008164.595771,0.000000,0.570013,-0.499454,0.198215,
1625008164.658269,0.000000,0.570348,-0.499578,0.198330,
1625008164.662434,0.000000,0.570560,-0.499647,0.198374,
1625008164.666673,0.000000,0.570848,-0.499694,0.198423,
1625008164.670774,0.000000,0.571193,-0.499756,0.198447,
1625008164.674921,0.000000,0.571579,-0.499817,0.198471,
1625008164.679095,0.000000,0.572018,-0.499898,0.198502,
1625008164.683265,0.000000,0.572554,-0.499978,0.198539,
1625008164.687436,0.000000,0.573079,-0.500056,0.198565,
1625008164.691590,0.000000,0.573615,-0.500132,0.198566,
1625008164.695749,0.000000,0.574164,-0.500226,0.198608,
1625008164.758471,0.000000,0.582550,-0.501213,0.198178,
1625008164.762619,0.000000,0.583167,-0.501281,0.198143,
1625008164.766601,0.000000,0.583768,-0.501364,0.198143,
1625008164.770769,0.000000,0.584333,-0.501468,0.198167,
1625008164.774933,0.000000,0.584894,-0.501582,0.198226,
1625008164.779346,0.000000,0.585425,-0.501683,0.198300,
1625008164.783258,0.000000,0.585933,-0.501807,0.198374,
1625008164.787622,0.000000,0.586423,-0.501917,0.198422,
1625008164.791604,0.000000,0.586923,-0.502036,0.198460,
1625008164.795770,0.000000,0.587434,-0.502178,0.198500,
1625008164.858264,0.000000,0.596095,-0.503667,0.198127,
1625008164.862438,0.000000,0.596671,-0.503789,0.198112,
1625008164.866699,0.000000,0.597258,-0.503901,0.198126,
1625008164.870767,0.000000,0.597865,-0.504069,0.198153,
1625008164.874976,0.000000,0.598420,-0.504227,0.198220,
1625008164.879183,0.000000,0.598956,-0.504400,0.198273,
1625008164.883261,0.000000,0.599481,-0.504559,0.198347,
1625008164.887424,0.000000,0.599985,-0.504698,0.198370,
1625008164.891606,0.000000,0.600524,-0.504850,0.198412,
1625008164.895776,0.000000,0.601035,-0.504972,0.198418,
1625008164.958271,0.000000,0.609694,-0.506717,0.198061,
1625008164.962440,0.000000,0.610249,-0.506849,0.198008,
1625008164.966588,0.000000,0.610807,-0.506997,0.198005,
1625008164.970753,0.000000,0.611344,-0.507186,0.198075,
1625008164.974936,0.000000,0.611862,-0.507349,0.198094,
1625008164.979094,0.000000,0.612409,-0.507537,0.198149,
1625008164.983249,0.000000,0.612917,-0.507706,0.198182,
1625008164.987411,0.000000,0.613429,-0.507895,0.198251,
1625008164.991588,0.000000,0.613920,-0.508060,0.198248,
1625008164.995761,0.000000,0.614455,-0.508205,0.198282,
1625008165.058268,0.000000,0.622981,-0.510425,0.197814,
1625008165.062438,0.000000,0.623536,-0.510620,0.197762,
1625008165.066691,0.000000,0.624148,-0.510811,0.197786,
1625008165.070767,0.000000,0.624678,-0.510997,0.197884,
1625008165.074929,0.000000,0.625201,-0.511196,0.197923,
1625008165.079139,0.000000,0.625694,-0.511394,0.197983,
1625008165.083267,0.000000,0.626197,-0.511584,0.198025,
1625008165.087431,0.000000,0.626658,-0.511771,0.198032,
1625008165.091607,0.000000,0.627138,-0.511962,0.198069,
1625008165.095779,0.000000,0.627620,-0.512083,0.198104,
1625008165.158282,0.000000,0.636138,-0.514683,0.197707,
1625008165.162450,0.000000,0.636689,-0.514879,0.197696,
1625008165.166599,0.000000,0.637239,-0.515076,0.197745,
1625008165.170770,0.000000,0.637769,-0.515294,0.197809,
1625008165.175018,0.000000,0.638295,-0.515538,0.197878,
1625008165.179100,0.000000,0.638825,-0.515771,0.197926,
1625008165.183258,0.000000,0.639314,-0.515991,0.197945,
1625008165.187453,0.000000,0.639795,-0.516214,0.198009,
1625008165.191600,0.000000,0.640250,-0.516423,0.198043,
1625008165.195855,0.000000,0.640721,-0.516625,0.198066,
1625008165.220759,0.000000,0.643677,-0.517788,0.198083,
1625008165.224931,0.000000,0.644224,-0.517966,0.198061,
1625008165.229106,0.000000,0.644778,-0.518126,0.198004,
1625008165.233271,0.000000,0.645319,-0.518282,0.197936,
1625008165.237439,0.000000,0.645893,-0.518466,0.197872,
1625008165.241606,0.000000,0.646476,-0.518651,0.197827,
1625008165.245759,0.000000,0.647034,-0.518823,0.197754,
1625008165.249947,0.000000,0.647587,-0.519006,0.197681,
1625008165.254102,0.000000,0.648140,-0.519171,0.197615,
1625008165.258267,0.000000,0.648699,-0.519382,0.197575,
1625008165.397680,0.000000,0.649274,-0.519601,0.197579,
1625008165.458277,0.000000,0.673199,-0.530624,0.197359,
1625008165.462624,0.000000,0.673729,-0.530855,0.197305,
1625008165.466605,0.000000,0.674256,-0.531131,0.197303,
1625008165.470770,0.000000,0.674783,-0.531388,0.197283,
1625008165.474938,0.000000,0.675288,-0.531679,0.197329,
1625008165.479139,0.000000,0.675760,-0.531939,0.197372,
1625008165.483268,0.000000,0.676217,-0.532210,0.197428,
1625008165.487439,0.000000,0.676654,-0.532452,0.197480,
1625008165.491600,0.000000,0.677086,-0.532710,0.197516,
1625008165.495770,0.000000,0.677532,-0.533001,0.197581,
1625008165.558299,0.000000,0.684879,-0.536864,0.197261,
1625008165.562456,0.000000,0.685432,-0.537137,0.197202,
1625008165.566627,0.000000,0.685975,-0.537414,0.197154,
1625008165.570799,0.000000,0.686538,-0.537720,0.197137,
1625008165.575014,0.000000,0.687047,-0.538020,0.197160,
1625008165.579167,0.000000,0.687508,-0.538315,0.197232,
1625008165.583320,0.000000,0.687916,-0.538623,0.197333,
1625008165.587460,0.000000,0.688321,-0.538902,0.197418,
1625008165.591633,0.000000,0.688726,-0.539206,0.197485,
1625008165.595872,0.000000,0.689136,-0.539463,0.197509,
1625008165.658386,0.000000,0.696407,-0.543723,0.197176,
1625008165.662485,0.000000,0.696926,-0.544019,0.197113,
1625008165.666636,0.000000,0.697445,-0.544319,0.197078,
1625008165.670803,0.000000,0.697935,-0.544629,0.197039,
1625008165.674969,0.000000,0.698405,-0.544940,0.197060,
1625008165.679134,0.000000,0.698872,-0.545252,0.197099,
1625008165.683297,0.000000,0.699350,-0.545597,0.197170,
1625008165.687467,0.000000,0.699781,-0.545934,0.197239,
1625008165.691628,0.000000,0.700170,-0.546241,0.197300,
1625008165.695797,0.000000,0.700577,-0.546525,0.197320,
1625008165.758302,0.000000,0.707772,-0.551162,0.197075,
1625008165.762475,0.000000,0.708311,-0.551478,0.197011,
1625008165.766623,0.000000,0.708851,-0.551846,0.196944,
1625008165.770799,0.000000,0.709337,-0.552165,0.196951,
1625008165.774966,0.000000,0.709805,-0.552510,0.196978,
1625008165.779129,0.000000,0.710232,-0.552857,0.197045,
1625008165.783294,0.000000,0.710667,-0.553208,0.197125,
1625008165.787459,0.000000,0.711093,-0.553562,0.197200,
1625008165.791715,0.000000,0.711496,-0.553890,0.197258,
1625008165.795803,0.000000,0.711894,-0.554211,0.197279,
1625008165.858374,0.000000,0.718725,-0.559094,0.196963,
1625008165.862462,0.000000,0.719196,-0.559411,0.196914,
1625008165.866626,0.000000,0.719677,-0.559747,0.196892,
1625008165.870790,0.000000,0.720163,-0.560114,0.196911,
1625008165.874963,0.000000,0.720618,-0.560465,0.196925,
1625008165.879122,0.000000,0.721022,-0.560788,0.196947,
1625008165.883287,0.000000,0.721427,-0.561151,0.197022,
1625008165.887462,0.000000,0.721824,-0.561506,0.197103,
1625008165.891634,0.000000,0.722215,-0.561880,0.197163,
1625008165.895797,0.000000,0.722576,-0.562201,0.197198,
1625008165.958295,0.000000,0.729157,-0.567408,0.197003,
1625008165.962468,0.000000,0.729640,-0.567764,0.196936,
1625008165.966624,0.000000,0.730074,-0.568142,0.196907,
1625008165.970793,0.000000,0.730486,-0.568516,0.196894,
1625008165.975003,0.000000,0.730941,-0.568862,0.196933,
1625008165.979135,0.000000,0.731381,-0.569239,0.196969,
1625008165.983285,0.000000,0.731792,-0.569609,0.197024,
1625008165.987460,0.000000,0.732191,-0.569983,0.197083,
1625008165.991704,0.000000,0.732568,-0.570362,0.197128,
1625008165.995794,0.000000,0.732941,-0.570729,0.197174,
1625008166.058382,0.000000,0.739103,-0.576086,0.197010,
1625008166.062447,0.000000,0.739564,-0.576432,0.196944,
1625008166.066618,0.000000,0.740031,-0.576784,0.196892,
1625008166.070797,0.000000,0.740455,-0.577170,0.196821,
1625008166.074952,0.000000,0.740864,-0.577557,0.196828,
1625008166.079162,0.000000,0.741272,-0.577958,0.196849,
1625008166.083309,0.000000,0.741644,-0.578346,0.196902,
1625008166.087508,0.000000,0.742032,-0.578792,0.197076,
1625008166.091620,0.000000,0.742395,-0.579184,0.197169,
1625008166.095782,0.000000,0.742776,-0.579566,0.197246,
1625008166.158295,0.000000,0.748697,-0.585270,0.197185,
1625008166.162462,0.000000,0.749158,-0.585680,0.197168,
1625008166.166622,0.000000,0.749603,-0.586081,0.197120,
1625008166.170797,0.000000,0.750026,-0.586453,0.197104,
1625008166.174960,0.000000,0.750468,-0.586868,0.197020,
1625008166.179126,0.000000,0.750871,-0.587270,0.197043,
1625008166.183295,0.000000,0.751248,-0.587676,0.197091,
1625008166.187547,0.000000,0.751601,-0.588063,0.197147,
1625008166.191629,0.000000,0.751953,-0.588463,0.197190,
1625008166.195793,0.000000,0.752300,-0.588866,0.197243,
1625008166.258287,0.000000,0.758061,-0.595095,0.197278,
1625008166.262469,0.000000,0.758514,-0.595518,0.197232,
1625008166.266598,0.000000,0.758965,-0.595980,0.197161,
1625008166.270755,0.000000,0.759362,-0.596376,0.197056,
1625008166.274961,0.000000,0.759760,-0.596759,0.197007,
1625008166.279152,0.000000,0.760164,-0.597184,0.197014,
1625008166.283256,0.000000,0.760547,-0.597631,0.197051,
1625008166.287434,0.000000,0.760902,-0.598065,0.197114,
1625008166.291584,0.000000,0.761225,-0.598499,0.197179,
1625008166.295758,0.000000,0.761550,-0.598947,0.197241,
1625008166.358256,0.000000,0.767014,-0.605225,0.197138,
1625008166.362425,0.000000,0.767457,-0.605672,0.197058,
1625008166.366579,0.000000,0.767894,-0.606114,0.196959,
1625008166.370820,0.000000,0.768279,-0.606548,0.196958,
1625008166.375025,0.000000,0.768661,-0.606984,0.196947,
1625008166.379175,0.000000,0.769016,-0.607452,0.196962,
1625008166.383292,0.000000,0.769417,-0.607921,0.196991,
1625008166.387528,0.000000,0.769771,-0.608383,0.197043,
1625008166.391621,0.000000,0.770089,-0.608848,0.197111,
1625008166.395789,0.000000,0.770469,-0.609320,0.197192,
1625008166.458301,0.000000,0.775712,-0.615958,0.197127,
1625008166.462469,0.000000,0.776100,-0.616366,0.197072,
1625008166.466637,0.000000,0.776488,-0.616786,0.196961,
1625008166.470817,0.000000,0.776901,-0.617232,0.196870,
1625008166.474997,0.000000,0.777289,-0.617676,0.196854,
1625008166.479182,0.000000,0.777667,-0.618138,0.196811,
1625008166.483298,0.000000,0.778026,-0.618618,0.196806,
1625008166.487462,0.000000,0.778351,-0.619112,0.196865,
1625008166.491631,0.000000,0.778656,-0.619594,0.196943,
1625008166.495797,0.000000,0.778950,-0.620079,0.197048,
1625008166.558285,0.000000,0.783957,-0.627106,0.196997,
1625008166.562460,0.000000,0.784295,-0.627548,0.196879,
1625008166.566618,0.000000,0.784744,-0.628050,0.196836,
1625008166.570808,0.000000,0.785122,-0.628515,0.196739,
1625008166.574971,0.000000,0.785477,-0.628972,0.196665,
1625008166.579152,0.000000,0.785771,-0.629372,0.196654,
1625008166.583297,0.000000,0.786116,-0.629880,0.196702,
1625008166.587533,0.000000,0.786423,-0.630354,0.196846,
1625008166.591627,0.000000,0.786709,-0.630790,0.196851,
1625008166.595793,0.000000,0.787015,-0.631255,0.196951,
1625008166.658295,0.000000,0.791616,-0.638299,0.196678,
1625008166.662457,0.000000,0.791984,-0.638772,0.196651,
1625008166.666627,0.000000,0.792363,-0.639311,0.196567,
1625008166.670795,0.000000,0.792731,-0.639794,0.196503,
1625008166.674959,0.000000,0.793045,-0.640294,0.196453,
1625008166.679108,0.000000,0.793392,-0.640845,0.196491,
1625008166.683260,0.000000,0.793686,-0.641329,0.196551,
1625008166.687423,0.000000,0.793973,-0.641828,0.196561,
1625008166.691595,0.000000,0.794248,-0.642326,0.196731,
1625008166.695762,0.000000,0.794484,-0.642775,0.196813,
1625008166.758257,0.000000,0.798857,-0.650061,0.196874,
1625008166.762427,0.000000,0.799110,-0.650531,0.196567,
1625008166.766647,0.000000,0.799550,-0.651090,0.196747,
1625008166.770788,0.000000,0.799887,-0.651606,0.196659,
1625008166.774925,0.000000,0.800134,-0.652158,0.196354,
1625008166.779121,0.000000,0.800427,-0.652689,0.196303,
1625008166.783375,0.000000,0.800745,-0.653183,0.196334,
1625008166.787468,0.000000,0.800999,-0.653652,0.196437,
1625008166.791631,0.000000,0.801257,-0.654120,0.196498,
1625008166.795801,0.000000,0.801464,-0.654625,0.196533,
1625008166.858293,0.000000,0.805369,-0.661949,0.196367,
1625008166.862461,0.000000,0.805676,-0.662405,0.196292,
1625008166.866637,0.000000,0.806003,-0.662898,0.196232,
1625008166.870932,0.000000,0.806301,-0.663410,0.196170,
1625008166.875034,0.000000,0.806607,-0.663947,0.196119,
1625008166.879130,0.000000,0.806866,-0.664473,0.196089,
1625008166.883295,0.000000,0.807131,-0.665003,0.196156,
1625008166.887461,0.000000,0.807385,-0.665512,0.196178,
1625008166.891626,0.000000,0.807607,-0.665996,0.196206,
1625008166.895792,0.000000,0.807839,-0.666351,0.196325,
1625008166.958292,0.000000,0.811286,-0.673621,0.196339,
1625008166.962463,0.000000,0.811576,-0.674147,0.196269,
1625008166.966625,0.000000,0.811876,-0.674697,0.196200,
1625008166.970787,0.000000,0.812155,-0.675246,0.196131,
1625008166.974966,0.000000,0.812441,-0.675767,0.196037,
1625008166.979133,0.000000,0.812711,-0.676283,0.195949,
1625008166.983338,0.000000,0.812969,-0.676817,0.195914,
1625008166.987417,0.000000,0.813181,-0.677331,0.195938,
1625008166.991592,0.000000,0.813412,-0.677848,0.196085,
1625008166.995768,0.000000,0.813637,-0.678366,0.196133,
1625008167.058256,0.000000,0.816721,-0.685880,0.196082,
1625008167.062427,0.000000,0.816985,-0.686403,0.196029,
1625008167.066602,0.000000,0.817217,-0.686897,0.195970,
1625008167.070759,0.000000,0.817504,-0.687450,0.195909,
1625008167.074927,0.000000,0.817761,-0.687984,0.195896,
1625008167.079087,0.000000,0.818011,-0.688526,0.195826,
1625008167.083261,0.000000,0.818241,-0.689110,0.195757,
1625008167.087459,0.000000,0.818446,-0.689627,0.195750,
1625008167.091624,0.000000,0.818659,-0.690181,0.195793,
1625008167.095862,0.000000,0.818839,-0.690693,0.195853,
1625008167.158292,0.000000,0.821623,-0.698371,0.196013,
1625008167.162453,0.000000,0.821876,-0.698946,0.195934,
1625008167.166622,0.000000,0.822100,-0.699464,0.195855,
1625008167.170838,0.000000,0.822325,-0.700059,0.195779,
1625008167.174956,0.000000,0.822587,-0.700569,0.195727,
1625008167.179143,0.000000,0.822806,-0.701172,0.195635,
1625008167.183357,0.000000,0.823042,-0.701741,0.195583,
1625008167.187454,0.000000,0.823255,-0.702264,0.195562,
1625008167.191622,0.000000,0.823457,-0.702754,0.195537,
1625008167.195789,0.000000,0.823622,-0.703288,0.195609,
1625008167.258289,0.000000,0.826055,-0.710985,0.195805,
1625008167.262458,0.000000,0.826270,-0.711541,0.195772,
1625008167.266626,0.000000,0.826470,-0.712089,0.195735,
1625008167.270794,0.000000,0.826660,-0.712609,0.195663,
1625008167.275030,0.000000,0.826848,-0.713160,0.195585,
1625008167.279129,0.000000,0.827047,-0.713751,0.195518,
1625008167.283298,0.000000,0.827220,-0.714277,0.195459,
1625008167.287465,0.000000,0.827453,-0.714851,0.195437,
1625008167.291625,0.000000,0.827641,-0.715431,0.195441,
1625008167.295777,0.000000,0.827775,-0.716006,0.195502,
1625008167.358278,0.000000,0.829735,-0.723696,0.195753,
1625008167.362453,0.000000,0.829952,-0.724260,0.195547,
1625008167.366610,0.000000,0.830113,-0.724812,0.195451,
1625008167.370789,0.000000,0.830304,-0.725380,0.195398,
1625008167.374999,0.000000,0.830503,-0.725936,0.195333,
1625008167.379248,0.000000,0.830724,-0.726492,0.195289,
1625008167.383279,0.000000,0.830899,-0.727023,0.195414,
1625008167.387441,0.000000,0.831032,-0.727619,0.195277,
1625008167.391610,0.000000,0.831178,-0.728221,0.195285,
1625008167.395797,0.000000,0.831300,-0.728769,0.195297,
1625008167.458287,0.000000,0.833006,-0.736663,0.195472,
1625008167.462447,0.000000,0.833146,-0.737220,0.195439,
1625008167.466610,0.000000,0.833346,-0.737751,0.195463,
1625008167.470784,0.000000,0.833465,-0.738393,0.195326,
1625008167.474952,0.000000,0.833646,-0.739070,0.195229,
1625008167.479124,0.000000,0.833820,-0.739648,0.195176,
1625008167.483283,0.000000,0.833975,-0.740204,0.195110,
1625008167.487444,0.000000,0.834114,-0.740755,0.195082,
1625008167.491614,0.000000,0.834228,-0.741285,0.195106,
1625008167.495790,0.000000,0.834349,-0.741840,0.195131,
1625008167.558288,0.000000,0.835578,-0.749767,0.195553,
1625008167.562450,0.000000,0.835759,-0.750339,0.195400,
1625008167.566614,0.000000,0.835883,-0.750862,0.195291,
1625008167.570788,0.000000,0.836028,-0.751445,0.195182,
1625008167.575003,0.000000,0.836207,-0.751994,0.195180,
1625008167.579209,0.000000,0.836379,-0.752597,0.195111,
1625008167.583295,0.000000,0.836480,-0.753286,0.194981,
1625008167.587457,0.000000,0.836560,-0.753863,0.194959,
1625008167.591619,0.000000,0.836668,-0.754359,0.195035,
1625008167.595785,0.000000,0.836731,-0.754935,0.195068,
1625008167.658275,0.000000,0.837619,-0.762838,0.195266,
1625008167.662444,0.000000,0.837738,-0.763426,0.195230,
1625008167.666624,0.000000,0.837859,-0.764005,0.195158,
1625008167.670778,0.000000,0.837976,-0.764588,0.195115,
1625008167.674943,0.000000,0.838097,-0.765176,0.195069,
1625008167.679117,0.000000,0.838231,-0.765764,0.195000,
1625008167.683269,0.000000,0.838339,-0.766353,0.194942,
1625008167.687445,0.000000,0.838426,-0.766920,0.194904,
1625008167.691625,0.000000,0.838449,-0.767562,0.194971,
1625008167.695791,0.000000,0.838514,-0.768127,0.194963,
1625008167.758290,0.000000,0.839066,-0.776120,0.195324,
1625008167.762454,0.000000,0.839160,-0.776640,0.195243,
1625008167.766610,0.000000,0.839268,-0.777249,0.195200,
1625008167.770799,0.000000,0.839359,-0.777850,0.195136,
1625008167.775128,0.000000,0.839438,-0.778441,0.195080,
1625008167.779118,0.000000,0.839520,-0.779074,0.195008,
1625008167.783280,0.000000,0.839633,-0.779674,0.195030,
1625008167.787444,0.000000,0.839696,-0.780204,0.194991,
1625008167.791618,0.000000,0.839719,-0.780817,0.194984,
1625008167.795783,0.000000,0.839746,-0.781382,0.194981,
1625008167.858288,0.000000,0.839987,-0.789493,0.195265,
1625008167.862444,0.000000,0.840030,-0.790073,0.195246,
1625008167.866611,0.000000,0.840101,-0.790690,0.195246,
1625008167.870777,0.000000,0.840187,-0.791278,0.195214,
1625008167.875102,0.000000,0.840195,-0.791977,0.195179,
1625008167.879114,0.000000,0.840242,-0.792533,0.195135,
1625008167.883271,0.000000,0.840314,-0.793092,0.195083,
1625008167.887437,0.000000,0.840369,-0.793666,0.194993,
1625008167.891650,0.000000,0.840412,-0.794283,0.194945,
1625008167.895835,0.000000,0.840464,-0.794786,0.194827,
1625008167.958313,0.000000,0.840323,-0.803080,0.195249,
1625008167.962498,0.000000,0.840358,-0.803656,0.195194,
1625008167.966660,0.000000,0.840368,-0.804296,0.195113,
1625008167.970833,0.000000,0.840420,-0.804930,0.195047,
1625008167.975089,0.000000,0.840467,-0.805492,0.195151,
1625008167.979174,0.000000,0.840466,-0.806116,0.195029,
1625008167.983340,0.000000,0.840500,-0.806738,0.194941,
1625008167.987491,0.000000,0.840518,-0.807333,0.194893,
1625008167.991660,0.000000,0.840544,-0.807911,0.194829,
1625008167.995816,0.000000,0.840542,-0.808545,0.194759,
1625008168.058331,0.000000,0.840096,-0.816817,0.195094,
1625008168.062482,0.000000,0.840178,-0.817353,0.194949,
1625008168.066651,0.000000,0.840110,-0.818089,0.194976,
1625008168.070826,0.000000,0.840110,-0.818680,0.194911,
1625008168.074993,0.000000,0.840120,-0.819292,0.194852,
1625008168.079161,0.000000,0.840130,-0.819900,0.194782,
1625008168.083316,0.000000,0.840177,-0.820445,0.194889,
1625008168.087486,0.000000,0.840187,-0.821061,0.194809,
1625008168.091653,0.000000,0.840144,-0.821725,0.194606,
1625008168.095826,0.000000,0.840104,-0.822329,0.194581,
1625008168.158328,0.000000,0.839243,-0.830605,0.194884,
1625008168.162481,0.000000,0.839221,-0.831164,0.194830,
1625008168.166663,0.000000,0.839189,-0.831790,0.194796,
1625008168.170834,0.000000,0.839172,-0.832425,0.194733,
1625008168.175156,0.000000,0.839141,-0.833058,0.194686,
1625008168.179159,0.000000,0.839128,-0.833662,0.194647,
1625008168.183322,0.000000,0.839092,-0.834304,0.194580,
1625008168.187486,0.000000,0.839066,-0.834908,0.194532,
1625008168.191662,0.000000,0.839031,-0.835547,0.194490,
1625008168.195831,0.000000,0.838989,-0.836144,0.194473,
1625008168.258339,0.000000,0.837805,-0.844431,0.194738,
1625008168.262490,0.000000,0.837741,-0.845015,0.194718,
1625008168.266665,0.000000,0.837688,-0.845606,0.194664,
1625008168.270836,0.000000,0.837625,-0.846226,0.194638,
1625008168.275005,0.000000,0.837576,-0.846831,0.194588,
1625008168.279166,0.000000,0.837559,-0.847450,0.194486,
1625008168.283406,0.000000,0.837519,-0.848033,0.194393,
1625008168.287489,0.000000,0.837481,-0.848625,0.194326,
1625008168.291662,0.000000,0.837385,-0.849185,0.194260,
1625008168.295815,0.000000,0.837313,-0.849834,0.194169,
1625008168.358316,0.000000,0.835721,-0.857845,0.194514,
1625008168.362479,0.000000,0.835665,-0.858458,0.194494,
1625008168.366648,0.000000,0.835571,-0.859064,0.194449,
1625008168.370889,0.000000,0.835483,-0.859638,0.194384,
1625008168.374998,0.000000,0.835416,-0.860258,0.194317,
1625008168.379157,0.000000,0.835343,-0.860882,0.194228,
1625008168.383322,0.000000,0.835299,-0.861509,0.194177,
1625008168.387480,0.000000,0.835216,-0.862124,0.194114,
1625008168.391647,0.000000,0.835102,-0.862676,0.194244,
1625008168.395813,0.000000,0.835020,-0.863262,0.194241,
1625008168.458318,0.000000,0.833178,-0.871174,0.194625,
1625008168.462485,0.000000,0.833082,-0.871764,0.194590,
1625008168.466660,0.000000,0.832958,-0.872401,0.194493,
1625008168.470814,0.000000,0.832840,-0.873013,0.194401,
1625008168.474986,0.000000,0.832710,-0.873598,0.194370,
1625008168.479155,0.000000,0.832630,-0.874182,0.194277,
1625008168.483311,0.000000,0.832522,-0.874817,0.194195,
1625008168.487476,0.000000,0.832399,-0.875459,0.194127,
1625008168.491650,0.000000,0.832280,-0.876084,0.194042,
1625008168.495818,0.000000,0.832229,-0.876505,0.194079,
1625008168.558321,0.000000,0.829952,-0.884167,0.194377,
1625008168.562545,0.000000,0.829828,-0.884757,0.194299,
1625008168.566631,0.000000,0.829723,-0.885366,0.194180,
1625008168.570995,0.000000,0.829556,-0.885945,0.194186,
1625008168.574975,0.000000,0.829430,-0.886525,0.194115,
1625008168.579175,0.000000,0.829339,-0.887127,0.193954,
1625008168.583304,0.000000,0.829204,-0.887715,0.193890,
1625008168.587469,0.000000,0.829083,-0.888386,0.193623,
1625008168.591636,0.000000,0.828906,-0.888926,0.193839,
1625008168.595819,0.000000,0.828762,-0.889477,0.193816,
1625008168.658317,0.000000,0.826255,-0.897051,0.194042,
1625008168.662468,0.000000,0.826104,-0.897570,0.194032,
1625008168.666670,0.000000,0.825940,-0.898153,0.194005,
1625008168.670823,0.000000,0.825802,-0.898757,0.193802,
1625008168.674993,0.000000,0.825617,-0.899343,0.193909,
1625008168.679163,0.000000,0.825464,-0.899907,0.193868,
1625008168.683318,0.000000,0.825289,-0.900492,0.193830,
1625008168.687479,0.000000,0.825151,-0.901081,0.193750,
1625008168.691645,0.000000,0.825002,-0.901651,0.193700,
1625008168.695841,0.000000,0.824859,-0.902231,0.193614,
1625008168.758315,0.000000,0.821974,-0.909654,0.193894,
1625008168.762465,0.000000,0.821807,-0.910191,0.193843,
1625008168.766636,0.000000,0.821631,-0.910738,0.193802,
1625008168.770912,0.000000,0.821440,-0.911278,0.193764,
1625008168.774987,0.000000,0.821239,-0.911825,0.193718,
1625008168.779137,0.000000,0.821065,-0.912407,0.193635,
1625008168.783305,0.000000,0.820881,-0.912971,0.193577,
1625008168.787491,0.000000,0.820709,-0.913580,0.193551,
1625008168.791645,0.000000,0.820546,-0.914151,0.193465,
1625008168.795807,0.000000,0.820403,-0.914752,0.193332,
1625008168.858326,0.000000,0.817205,-0.921995,0.193638,
1625008168.862465,0.000000,0.817032,-0.922512,0.193606,
1625008168.866640,0.000000,0.816803,-0.923088,0.193613,
1625008168.870805,0.000000,0.816597,-0.923656,0.193583,
1625008168.874959,0.000000,0.816385,-0.924249,0.193524,
1625008168.879127,0.000000,0.816158,-0.924816,0.193516,
1625008168.883312,0.000000,0.815945,-0.925386,0.193478,
1625008168.887470,0.000000,0.815696,-0.925970,0.193454,
1625008168.891648,0.000000,0.815533,-0.926509,0.193379,
1625008168.895809,0.000000,0.815299,-0.927116,0.193303,
1625008168.958342,0.000000,0.811826,-0.934333,0.193343,
1625008168.962498,0.000000,0.811572,-0.934864,0.193332,
1625008168.966744,0.000000,0.811346,-0.935407,0.193308,
1625008168.970843,0.000000,0.811113,-0.935961,0.193258,
1625008168.975006,0.000000,0.810876,-0.936498,0.193242,
1625008168.979165,0.000000,0.810611,-0.937032,0.193236,
1625008168.983332,0.000000,0.810375,-0.937598,0.193191,
1625008168.987501,0.000000,0.810141,-0.938176,0.193155,
1625008168.991675,0.000000,0.809780,-0.938885,0.193143,
1625008168.995843,0.000000,0.809583,-0.939451,0.193053,
1625008169.058336,0.000000,0.805744,-0.946516,0.193398,
1625008169.062509,0.000000,0.805461,-0.946993,0.193409,
1625008169.066679,0.000000,0.805192,-0.947508,0.193384,
1625008169.070843,0.000000,0.804934,-0.948033,0.193369,
1625008169.075011,0.000000,0.804662,-0.948575,0.193352,
1625008169.079170,0.000000,0.804396,-0.949122,0.193326,
1625008169.083340,0.000000,0.804156,-0.949667,0.193276,
1625008169.087508,0.000000,0.803909,-0.950220,0.193216,
1625008169.091683,0.000000,0.803663,-0.950781,0.193115,
1625008169.095847,0.000000,0.803417,-0.951357,0.193044,
1625008169.158314,0.000000,0.799311,-0.958204,0.193196,
1625008169.162472,0.000000,0.799036,-0.958682,0.193192,
1625008169.166804,0.000000,0.798730,-0.959180,0.193181,
1625008169.170803,0.000000,0.798439,-0.959670,0.193315,
1625008169.174959,0.000000,0.798406,-0.960037,0.193135,
1625008169.179139,0.000000,0.798106,-0.960581,0.193089,
1625008169.183306,0.000000,0.797830,-0.961118,0.193033,
1625008169.187488,0.000000,0.797375,-0.961794,0.193008,
1625008169.191642,0.000000,0.797076,-0.962348,0.192996,
1625008169.195808,0.000000,0.797001,-0.962774,0.192797,
1625008169.258332,0.000000,0.792674,-0.969328,0.193099,
1625008169.262499,0.000000,0.792381,-0.969777,0.193100,
1625008169.266668,0.000000,0.792090,-0.970239,0.193100,
1625008169.270843,0.000000,0.791788,-0.970738,0.193081,
1625008169.275003,0.000000,0.791471,-0.971257,0.193056,
1625008169.279174,0.000000,0.791147,-0.971798,0.192997,
1625008169.283336,0.000000,0.790853,-0.972300,0.192951,
1625008169.287499,0.000000,0.790562,-0.972831,0.192876,
1625008169.291682,0.000000,0.790238,-0.973378,0.192859,
1625008169.295820,0.000000,0.789929,-0.973905,0.192837,
1625008169.358328,0.000000,0.785137,-0.980409,0.193111,
1625008169.362583,0.000000,0.784834,-0.980824,0.193113,
1625008169.366668,0.000000,0.784566,-0.981262,0.193051,
1625008169.370835,0.000000,0.784238,-0.981729,0.193089,
1625008169.375036,0.000000,0.783944,-0.982218,0.193052,
1625008169.379173,0.000000,0.783590,-0.982737,0.193017,
1625008169.383347,0.000000,0.783266,-0.983236,0.192984,
1625008169.387514,0.000000,0.782902,-0.983789,0.192874,
1625008169.391676,0.000000,0.782542,-0.984318,0.192878,
1625008169.395824,0.000000,0.782293,-0.984803,0.192785,
1625008169.458328,0.000000,0.777290,-0.991278,0.192938,
1625008169.462500,0.000000,0.776927,-0.991704,0.192942,
1625008169.466680,0.000000,0.776550,-0.992179,0.192941,
1625008169.470820,0.000000,0.776231,-0.992640,0.192910,
1625008169.474994,0.000000,0.775908,-0.993098,0.192896,
1625008169.479165,0.000000,0.775494,-0.993590,0.192879,
1625008169.483332,0.000000,0.775179,-0.994028,0.192869,
1625008169.487509,0.000000,0.774872,-0.994502,0.192814,
1625008169.491670,0.000000,0.774528,-0.994973,0.192784,
1625008169.495904,0.000000,0.774126,-0.995459,0.192854,
1625008169.558319,0.000000,0.768855,-1.001772,0.192881,
1625008169.562563,0.000000,0.768511,-1.002141,0.192913,
1625008169.566665,0.000000,0.768091,-1.002557,0.192906,
1625008169.570851,0.000000,0.767745,-1.002957,0.192914,
1625008169.574992,0.000000,0.767389,-1.003426,0.192864,
1625008169.579148,0.000000,0.767023,-1.003890,0.192836,
1625008169.583322,0.000000,0.766642,-1.004383,0.192791,
1625008169.587490,0.000000,0.766264,-1.004920,0.192737,
1625008169.591673,0.000000,0.765811,-1.005437,0.192719,
1625008169.595825,0.000000,0.765499,-1.005910,0.192634,
1625008169.658306,0.000000,0.759786,-1.012048,0.192767,
1625008169.662478,0.000000,0.759428,-1.012415,0.192785,
1625008169.666649,0.000000,0.759091,-1.012831,0.192792,
1625008169.670790,0.000000,0.758626,-1.013287,0.192810,
1625008169.674990,0.000000,0.758200,-1.013735,0.192787,
1625008169.679147,0.000000,0.757791,-1.014175,0.192768,
1625008169.683324,0.000000,0.757505,-1.014644,0.192656,
1625008169.687475,0.000000,0.757135,-1.015098,0.192612,
1625008169.691649,0.000000,0.756744,-1.015570,0.192551,
1625008169.695883,0.000000,0.756327,-1.016026,0.192546,
1625008169.758253,0.000000,0.750210,-1.022068,0.192734,
1625008169.762531,0.000000,0.749812,-1.022437,0.192728,
1625008169.766607,0.000000,0.749430,-1.022825,0.192697,
1625008169.770844,0.000000,0.748763,-1.023218,0.192839,
1625008169.775003,0.000000,0.748343,-1.023632,0.192807,
1625008169.779102,0.000000,0.747887,-1.024058,0.192787,
1625008169.783275,0.000000,0.747465,-1.024514,0.192749,
1625008169.787456,0.000000,0.747024,-1.024992,0.192715,
1625008169.791618,0.000000,0.746651,-1.025453,0.192638,
1625008169.795770,0.000000,0.746225,-1.025923,0.192567,
1625008169.858300,0.000000,0.740168,-1.031706,0.192525,
1625008169.862468,0.000000,0.739690,-1.032047,0.192585,
1625008169.866631,0.000000,0.739289,-1.032390,0.192599,
1625008169.870812,0.000000,0.738901,-1.032779,0.192563,
1625008169.874977,0.000000,0.738501,-1.033212,0.192512,
1625008169.879157,0.000000,0.738071,-1.033616,0.192482,
1625008169.883304,0.000000,0.737486,-1.034018,0.192531,
1625008169.887474,0.000000,0.737200,-1.034527,0.192314,
1625008169.891725,0.000000,0.736698,-1.034979,0.192295,
1625008169.895814,0.000000,0.736214,-1.035452,0.192176,
1625008169.958397,0.000000,0.729787,-1.040734,0.192395,
1625008169.962486,0.000000,0.729384,-1.041063,0.192381,
1625008169.966598,0.000000,0.728865,-1.041399,0.192454,
1625008169.970767,0.000000,0.728429,-1.041785,0.192407,
1625008169.974921,0.000000,0.727972,-1.042164,0.192378,
1625008169.979124,0.000000,0.727524,-1.042560,0.192328,
1625008169.983271,0.000000,0.727050,-1.042961,0.192286,
1625008169.987439,0.000000,0.726596,-1.043344,0.192299,
1625008169.991607,0.000000,0.726143,-1.043741,0.192271,
1625008169.995778,0.000000,0.725687,-1.044181,0.192166,
1625008170.058273,0.000000,0.719088,-1.049255,0.192258,
1625008170.062444,0.000000,0.718644,-1.049563,0.192277,
1625008170.066656,0.000000,0.718245,-1.049879,0.192270,
1625008170.070822,0.000000,0.717778,-1.050212,0.192287,
1625008170.074984,0.000000,0.717322,-1.050547,0.192277,
1625008170.079150,0.000000,0.716959,-1.050904,0.192248,
1625008170.083306,0.000000,0.716450,-1.051307,0.192173,
1625008170.087476,0.000000,0.715980,-1.051713,0.192134,
1625008170.091717,0.000000,0.715517,-1.052094,0.192054,
1625008170.095832,0.000000,0.715011,-1.052517,0.191968,
1625008170.158396,0.000000,0.708238,-1.057185,0.192146,
1625008170.162483,0.000000,0.707824,-1.057526,0.192056,
1625008170.166644,0.000000,0.707363,-1.057807,0.192083,
1625008170.170835,0.000000,0.706918,-1.058125,0.192059,
1625008170.174972,0.000000,0.706431,-1.058435,0.192076,
1625008170.179126,0.000000,0.705914,-1.058679,0.192081,
1625008170.183296,0.000000,0.705408,-1.059036,0.192103,
1625008170.187459,0.000000,0.704923,-1.059389,0.192045,
1625008170.191656,0.000000,0.704544,-1.059772,0.192029,
1625008170.195794,0.000000,0.704072,-1.060142,0.191958,
1625008170.249976,0.000000,0.698004,-1.064130,0.191998,
1625008170.254160,0.000000,0.697533,-1.064369,0.192025,
1625008170.258509,0.000000,0.696990,-1.064564,0.192126,
1625008170.262471,0.000000,0.696501,-1.064804,0.192147,
1625008170.266622,0.000000,0.696070,-1.065052,0.192140,
1625008170.270811,0.000000,0.695607,-1.065366,0.192103,
1625008170.274930,0.000000,0.695226,-1.065640,0.192089,
1625008170.279084,0.000000,0.694703,-1.065994,0.192055,
1625008170.283264,0.000000,0.694240,-1.066352,0.191962,
1625008170.287422,0.000000,0.693833,-1.066718,0.191827,
1625008170.458309,0.000000,0.674104,-1.077863,0.191858,
1625008170.462479,0.000000,0.673570,-1.078079,0.191905,
1625008170.466633,0.000000,0.673106,-1.078290,0.191897,
1625008170.470970,0.000000,0.672616,-1.078525,0.191931,
1625008170.474971,0.000000,0.672081,-1.078794,0.191929,
1625008170.479156,0.000000,0.671533,-1.079076,0.191905,
1625008170.483506,0.000000,0.671050,-1.079315,0.191913,
1625008170.487553,0.000000,0.670593,-1.079570,0.191883,
1625008170.491644,0.000000,0.670152,-1.079861,0.191759,
1625008170.495812,0.000000,0.669627,-1.080135,0.191731,
1625008170.558291,0.000000,0.662107,-1.083717,0.191681,
1625008170.562465,0.000000,0.661594,-1.083904,0.191729,
1625008170.566653,0.000000,0.661099,-1.084091,0.191758,
1625008170.570804,0.000000,0.660710,-1.084307,0.191735,
1625008170.574981,0.000000,0.660073,-1.084476,0.191839,
1625008170.579126,0.000000,0.659589,-1.084696,0.191850,
1625008170.583265,0.000000,0.659168,-1.084960,0.191809,
1625008170.587626,0.000000,0.658555,-1.085189,0.191892,
1625008170.591602,0.000000,0.658020,-1.085448,0.191872,
1625008170.595777,0.000000,0.657457,-1.085717,0.191854,
1625008170.658269,0.000000,0.649687,-1.088992,0.191826,
1625008170.662437,0.000000,0.649161,-1.089149,0.191870,
1625008170.666606,0.000000,0.648661,-1.089336,0.191878,
1625008170.670769,0.000000,0.648101,-1.089567,0.191880,
1625008170.675082,0.000000,0.647682,-1.089752,0.191860,
1625008170.679141,0.000000,0.647143,-1.089929,0.191903,
1625008170.683327,0.000000,0.646680,-1.090140,0.191866,
1625008170.687551,0.000000,0.646286,-1.090383,0.191753,
1625008170.691660,0.000000,0.645770,-1.090630,0.191693,
1625008170.695813,0.000000,0.645121,-1.090852,0.191734,
1625008170.758321,0.000000,0.637345,-1.093832,0.191754,
1625008170.762495,0.000000,0.636879,-1.093961,0.191775,
1625008170.766639,0.000000,0.636386,-1.094115,0.191780,
1625008170.770804,0.000000,0.635834,-1.094249,0.191863,
1625008170.774961,0.000000,0.635314,-1.094404,0.191918,
1625008170.779124,0.000000,0.634779,-1.094563,0.191938,
1625008170.783297,0.000000,0.634248,-1.094754,0.191940,
1625008170.787463,0.000000,0.633636,-1.094940,0.191958,
1625008170.791627,0.000000,0.633083,-1.095160,0.191914,
1625008170.795794,0.000000,0.632545,-1.095363,0.191884,
1625008170.858298,0.000000,0.624627,-1.097989,0.191860,
1625008170.862459,0.000000,0.624150,-1.098095,0.191900,
1625008170.866630,0.000000,0.623677,-1.098224,0.191905,
1625008170.870806,0.000000,0.623198,-1.098341,0.191936,
1625008170.874971,0.000000,0.622687,-1.098493,0.191939,
1625008170.879160,0.000000,0.622161,-1.098654,0.191952,
1625008170.883291,0.000000,0.621618,-1.098795,0.191978,
1625008170.887541,0.000000,0.621066,-1.098975,0.192004,
1625008170.891629,0.000000,0.620512,-1.099182,0.191945,
1625008170.895794,0.000000,0.620021,-1.099379,0.191872,
1625008170.958292,0.000000,0.611876,-1.101644,0.191908,
1625008170.962463,0.000000,0.611398,-1.101727,0.191964,
1625008170.966629,0.000000,0.610923,-1.101806,0.192002,
1625008170.970798,0.000000,0.610426,-1.101891,0.192057,
1625008170.975026,0.000000,0.609919,-1.101999,0.192087,
1625008170.979141,0.000000,0.609410,-1.102120,0.192084,
1625008170.983303,0.000000,0.608836,-1.102259,0.192080,
1625008170.987465,0.000000,0.608314,-1.102410,0.192040,
1625008170.991635,0.000000,0.607743,-1.102566,0.192001,
1625008170.995800,0.000000,0.607153,-1.102758,0.191939,
1625008171.058311,0.000000,0.598889,-1.104730,0.191956,
1625008171.062479,0.000000,0.598331,-1.104795,0.192013,
1625008171.066618,0.000000,0.597921,-1.104882,0.192028,
1625008171.070785,0.000000,0.597402,-1.104963,0.192056,
1625008171.074956,0.000000,0.596857,-1.105057,0.192086,
1625008171.079124,0.000000,0.596377,-1.105144,0.192091,
1625008171.083378,0.000000,0.595819,-1.105256,0.192107,
1625008171.087479,0.000000,0.595243,-1.105375,0.192095,
1625008171.091621,0.000000,0.594669,-1.105514,0.192066,
1625008171.095796,0.000000,0.594087,-1.105645,0.192033,
1625008171.158290,0.000000,0.585569,-1.107324,0.191891,
1625008171.162478,0.000000,0.585073,-1.107372,0.191906,
1625008171.166619,0.000000,0.584603,-1.107436,0.191911,
1625008171.170826,0.000000,0.584119,-1.107497,0.191934,
1625008171.174986,0.000000,0.583604,-1.107573,0.191960,
1625008171.179155,0.000000,0.583055,-1.107648,0.191996,
1625008171.183290,0.000000,0.582514,-1.107733,0.191983,
1625008171.187443,0.000000,0.581939,-1.107814,0.191996,
1625008171.191638,0.000000,0.581359,-1.107931,0.191962,
1625008171.195791,0.000000,0.580797,-1.108041,0.191950,
1625008171.258270,0.000000,0.572023,-1.109380,0.191922,
1625008171.262464,0.000000,0.571477,-1.109405,0.191974,
1625008171.266619,0.000000,0.570961,-1.109437,0.191993,
1625008171.270793,0.000000,0.570487,-1.109498,0.191964,
1625008171.274956,0.000000,0.569937,-1.109517,0.192009,
1625008171.279106,0.000000,0.569460,-1.109582,0.191994,
1625008171.283367,0.000000,0.568937,-1.109629,0.191992,
1625008171.287454,0.000000,0.568438,-1.109712,0.191965,
1625008171.291637,0.000000,0.568003,-1.109759,0.192040,
1625008171.295804,0.000000,0.567422,-1.109861,0.191993,
1625008171.358291,0.000000,0.558491,-1.110780,0.191977,
1625008171.362473,0.000000,0.557916,-1.110780,0.192063,
1625008171.366642,0.000000,0.557312,-1.110751,0.192131,
1625008171.370804,0.000000,0.556880,-1.110829,0.192062,
1625008171.375019,0.000000,0.556257,-1.110805,0.192143,
1625008171.379150,0.000000,0.555703,-1.110843,0.192153,
1625008171.383291,0.000000,0.555137,-1.110884,0.192128,
1625008171.387466,0.000000,0.554764,-1.110982,0.192037,
1625008171.391625,0.000000,0.554246,-1.111037,0.191999,
1625008171.395788,0.000000,0.553721,-1.111105,0.191954,
1625008171.458293,0.000000,0.544706,-1.111594,0.192093,
1625008171.462458,0.000000,0.544144,-1.111551,0.192145,
1625008171.466625,0.000000,0.543638,-1.111527,0.192205,
1625008171.470784,0.000000,0.543200,-1.111550,0.192146,
1625008171.474962,0.000000,0.542687,-1.111545,0.192171,
1625008171.479129,0.000000,0.542130,-1.111580,0.192175,
1625008171.483392,0.000000,0.541549,-1.111601,0.192175,
1625008171.487452,0.000000,0.540934,-1.111616,0.192204,
1625008171.491621,0.000000,0.540332,-1.111625,0.192213,
1625008171.495754,0.000000,0.539749,-1.111653,0.192215,
1625008171.558254,0.000000,0.531105,-1.111838,0.192007,
1625008171.562427,0.000000,0.530534,-1.111795,0.192051,
1625008171.566586,0.000000,0.530050,-1.111760,0.192066,
1625008171.570750,0.000000,0.529512,-1.111743,0.192099,
1625008171.574918,0.000000,0.528954,-1.111727,0.192131,
1625008171.579116,0.000000,0.528422,-1.111693,0.192159,
1625008171.583257,0.000000,0.527860,-1.111695,0.192150,
1625008171.587428,0.000000,0.527301,-1.111672,0.192133,
1625008171.591597,0.000000,0.526755,-1.111658,0.192113,
1625008171.595803,0.000000,0.526169,-1.111665,0.192096,
1625008171.658296,0.000000,0.517586,-1.111493,0.192007,
1625008171.662454,0.000000,0.517021,-1.111416,0.192067,
1625008171.666616,0.000000,0.516572,-1.111359,0.192075,
1625008171.670775,0.000000,0.516028,-1.111325,0.192072,
1625008171.674952,0.000000,0.515516,-1.111277,0.192073,
1625008171.679198,0.000000,0.514990,-1.111235,0.192074,
1625008171.683291,0.000000,0.514440,-1.111211,0.192049,
1625008171.687455,0.000000,0.513875,-1.111175,0.192044,
1625008171.691625,0.000000,0.513307,-1.111148,0.192038,
1625008171.695797,0.000000,0.512737,-1.111146,0.192002,
1625008171.758289,0.000000,0.504170,-1.110643,0.191776,
1625008171.762453,0.000000,0.503740,-1.110596,0.191801,
1625008171.766618,0.000000,0.503234,-1.110541,0.191834,
1625008171.770787,0.000000,0.502730,-1.110464,0.191858,
1625008171.774956,0.000000,0.502219,-1.110381,0.191879,
1625008171.779123,0.000000,0.501672,-1.110276,0.191912,
1625008171.783286,0.000000,0.501122,-1.110207,0.191915,
1625008171.787455,0.000000,0.500564,-1.110154,0.191932,
1625008171.791618,0.000000,0.500036,-1.110065,0.191931,
1625008171.795787,0.000000,0.499469,-1.110033,0.191918,
1625008171.858297,0.000000,0.490786,-1.109152,0.191774,
1625008171.862454,0.000000,0.490324,-1.109115,0.191775,
1625008171.866618,0.000000,0.489855,-1.109014,0.191815,
1625008171.870785,0.000000,0.489393,-1.108900,0.191797,
1625008171.874990,0.000000,0.488925,-1.108835,0.191777,
1625008171.879193,0.000000,0.488378,-1.108760,0.191774,
1625008171.883299,0.000000,0.487896,-1.108712,0.191761,
1625008171.887454,0.000000,0.487397,-1.108563,0.191806,
1625008171.891623,0.000000,0.486899,-1.108491,0.191807,
1625008171.895785,0.000000,0.486305,-1.108426,0.191784,
1625008171.958315,0.000000,0.477558,-1.107122,0.191610,
1625008171.962458,0.000000,0.477079,-1.106994,0.191669,
1625008171.966616,0.000000,0.476631,-1.106872,0.191710,
1625008171.970793,0.000000,0.476154,-1.106766,0.191714,
1625008171.974954,0.000000,0.475697,-1.106664,0.191693,
1625008171.979127,0.000000,0.475192,-1.106511,0.191810,
1625008171.983303,0.000000,0.474641,-1.106377,0.191807,
1625008171.987458,0.000000,0.474088,-1.106245,0.191809,
1625008171.991621,0.000000,0.473464,-1.106118,0.191871,
1625008171.995794,0.000000,0.472972,-1.106057,0.191801,
1625008172.058304,0.000000,0.464561,-1.104430,0.191658,
1625008172.062447,0.000000,0.464110,-1.104298,0.191647,
1625008172.066623,0.000000,0.463578,-1.104152,0.191659,
1625008172.070791,0.000000,0.463130,-1.104001,0.191668,
1625008172.075063,0.000000,0.462675,-1.103847,0.191697,
1625008172.079118,0.000000,0.462167,-1.103689,0.191721,
1625008172.083295,0.000000,0.461676,-1.103545,0.191743,
1625008172.087449,0.000000,0.461129,-1.103382,0.191783,
1625008172.091620,0.000000,0.460648,-1.103293,0.191769,
1625008172.095787,0.000000,0.460085,-1.103138,0.191826,
