1625007161.624582,0.000000,0.565532,-0.495394,0.197986,
1625007161.628757,0.000000,0.565535,-0.495386,0.197981,
1625007161.632998,0.000000,0.565527,-0.495388,0.197996,
1625007161.637089,0.000000,0.565526,-0.495400,0.197996,
1625007161.641256,0.000000,0.565518,-0.495394,0.197995,
1625007161.645419,0.000000,0.565524,-0.495385,0.197993,
1625007161.649594,0.000000,0.565519,-0.495391,0.197993,
1625007161.653754,0.000000,0.565530,-0.495397,0.197986,
1625007161.657925,0.000000,0.565534,-0.495393,0.197984,
1625007161.662079,0.000000,0.565531,-0.495394,0.197987,
1625007161.666260,0.000000,0.565526,-0.495388,0.197989,
1625007161.670418,0.000000,0.565524,-0.495396,0.197995,
1625007161.674591,0.000000,0.565522,-0.495389,0.197991,
1625007161.678755,0.000000,0.565529,-0.495393,0.197991,
1625007161.682919,0.000000,0.565521,-0.495395,0.197993,
1625007161.687112,0.000000,0.565524,-0.495390,0.197989,
1625007161.691255,0.000000,0.565529,-0.495394,0.197993,
1625007161.695466,0.000000,0.565517,-0.495385,0.197990,
1625007161.699711,0.000000,0.565525,-0.495385,0.197987,
1625007161.703792,0.000000,0.565529,-0.495391,0.197995,
1625007161.707963,0.000000,0.565517,-0.495384,0.197985,
1625007161.712127,0.000000,0.565530,-0.495387,0.197986,
1625007161.716296,0.000000,0.565528,-0.495399,0.197985,
1625007161.720461,0.000000,0.565515,-0.495386,0.197987,
1625007161.724619,0.000000,0.565513,-0.495386,0.197994,
1625007161.728797,0.000000,0.565517,-0.495383,0.197991,
1625007161.732955,0.000000,0.565516,-0.495378,0.197994,
1625007161.737117,0.000000,0.565524,-0.495383,0.197997,
1625007161.741307,0.000000,0.565524,-0.495382,0.197991,
1625007161.745459,0.000000,0.565530,-0.495391,0.197984,
1625007161.749626,0.000000,0.565525,-0.495395,0.197983,
1625007161.753790,0.000000,0.565524,-0.495396,0.197994,
1625007161.757952,0.000000,0.565521,-0.495399,0.197991,
1625007172.349739,0.000000,0.565535,-0.495395,0.197984,
1625007172.353818,0.000000,0.565527,-0.495394,0.197989,
1625007172.357999,0.000000,0.565519,-0.495400,0.197991,
1625007172.362212,0.000000,0.565520,-0.495383,0.197983,
1625007172.366324,0.000000,0.565521,-0.495390,0.197997,
1625007172.370483,0.000000,0.565523,-0.495379,0.197999,
1625007172.374645,0.000000,0.565526,-0.495378,0.197992,
1625007172.378819,0.000000,0.565540,-0.495393,0.197993,
1625007172.382983,0.000000,0.565530,-0.495396,0.197991,
1625007172.387165,0.000000,0.565525,-0.495397,0.197989,
1625007172.449649,0.000000,0.566242,-0.495573,0.198053,
1625007172.453819,0.000000,0.566537,-0.495639,0.198056,
1625007172.457980,0.000000,0.566913,-0.495717,0.198109,
1625007172.462155,0.000000,0.567323,-0.495794,0.198136,
1625007172.466314,0.000000,0.567755,-0.495867,0.198178,
1625007172.470478,0.000000,0.568240,-0.495926,0.198208,
1625007172.474631,0.000000,0.568729,-0.495990,0.198248,
1625007172.478829,0.000000,0.569227,-0.496057,0.198282,
1625007172.483100,0.000000,0.569671,-0.496133,0.198322,
1625007172.487149,0.000000,0.570186,-0.496202,0.198334,
1625007172.549738,0.000000,0.578339,-0.497335,0.198038,
1625007172.553815,0.000000,0.578934,-0.497442,0.198022,
1625007172.557983,0.000000,0.579517,-0.497527,0.198003,
1625007172.562158,0.000000,0.580109,-0.497607,0.198019,
1625007172.566315,0.000000,0.580641,-0.497726,0.198073,
1625007172.570532,0.000000,0.581187,-0.497816,0.198121,
1625007172.574651,0.000000,0.581695,-0.497922,0.198187,
1625007172.578858,0.000000,0.582170,-0.498023,0.198255,
1625007172.582987,0.000000,0.582645,-0.498129,0.198309,
1625007172.587169,0.000000,0.583156,-0.498264,0.198346,
1625007172.649609,0.000000,0.591378,-0.499871,0.198046,
1625007172.653773,0.000000,0.591947,-0.499970,0.197985,
1625007172.657969,0.000000,0.592511,-0.500062,0.197960,
1625007172.662155,0.000000,0.593048,-0.500161,0.198023,
1625007172.666273,0.000000,0.593652,-0.500254,0.198042,
1625007172.670430,0.000000,0.594198,-0.500396,0.198099,
1625007172.674606,0.000000,0.594701,-0.500562,0.198158,
1625007172.678860,0.000000,0.595213,-0.500680,0.198202,
1625007172.682978,0.000000,0.595698,-0.500826,0.198225,
1625007172.687112,0.000000,0.596195,-0.501013,0.198325,
1625007172.749667,0.000000,0.604340,-0.502879,0.198031,
1625007172.753824,0.000000,0.604927,-0.503023,0.197942,
1625007172.757997,0.000000,0.605535,-0.503175,0.197972,
1625007172.762143,0.000000,0.606101,-0.503334,0.197899,
1625007172.766314,0.000000,0.606663,-0.503527,0.198023,
1625007172.770503,0.000000,0.607199,-0.503680,0.198078,
1625007172.774678,0.000000,0.607705,-0.503855,0.198155,
1625007172.778845,0.000000,0.608136,-0.504019,0.198038,
1625007172.783009,0.000000,0.608619,-0.504224,0.198109,
1625007172.787175,0.000000,0.609134,-0.504371,0.198177,
1625007172.849674,0.000000,0.617204,-0.506778,0.197968,
1625007172.853829,0.000000,0.617777,-0.506851,0.197893,
1625007172.858009,0.000000,0.618430,-0.507045,0.197937,
1625007172.862176,0.000000,0.618992,-0.507210,0.197926,
1625007172.866335,0.000000,0.619574,-0.507395,0.197938,
1625007172.870499,0.000000,0.620115,-0.507586,0.197966,
1625007172.874676,0.000000,0.620639,-0.507767,0.197998,
1625007172.878917,0.000000,0.621143,-0.507970,0.198055,
1625007172.883002,0.000000,0.621612,-0.508160,0.198137,
1625007172.887169,0.000000,0.622089,-0.508363,0.198198,
1625007172.949629,0.000000,0.630096,-0.511131,0.198033,
1625007172.953791,0.000000,0.630663,-0.511310,0.197993,
1625007172.957955,0.000000,0.631270,-0.511473,0.197926,
1625007172.962133,0.000000,0.631845,-0.511660,0.197880,
1625007172.966292,0.000000,0.632385,-0.511856,0.197868,
1625007172.970474,0.000000,0.632923,-0.512071,0.197883,
1625007172.974633,0.000000,0.633406,-0.512275,0.197919,
1625007172.978800,0.000000,0.633976,-0.512509,0.198001,
1625007172.983052,0.000000,0.634493,-0.512729,0.198067,
1625007172.987140,0.000000,0.634947,-0.512927,0.198098,
1625007173.049636,0.000000,0.642945,-0.516172,0.197981,
1625007173.053796,0.000000,0.643494,-0.516351,0.197905,
1625007173.057950,0.000000,0.644052,-0.516550,0.197861,
1625007173.062129,0.000000,0.644592,-0.516756,0.197833,
1625007173.066313,0.000000,0.645171,-0.516958,0.197866,
1625007173.070456,0.000000,0.645669,-0.517209,0.197896,
1625007173.074627,0.000000,0.646183,-0.517461,0.197931,
1625007173.078922,0.000000,0.646702,-0.517748,0.197982,
1625007173.083003,0.000000,0.647205,-0.518012,0.198039,
1625007173.087125,0.000000,0.647667,-0.518255,0.198073,
1625007173.149675,0.000000,0.655793,-0.521823,0.197900,
1625007173.153831,0.000000,0.656347,-0.522050,0.197798,
1625007173.157988,0.000000,0.656897,-0.522303,0.197744,
1625007173.162180,0.000000,0.657419,-0.522552,0.197728,
1625007173.166336,0.000000,0.657970,-0.522824,0.197759,
1625007173.170511,0.000000,0.658492,-0.523129,0.197857,
1625007173.174806,0.000000,0.659000,-0.523395,0.197918,
1625007173.178838,0.000000,0.659466,-0.523664,0.197979,
1625007173.183021,0.000000,0.659929,-0.523933,0.198018,
1625007173.187166,0.000000,0.660435,-0.524294,0.198046,
1625007173.249683,0.000000,0.668157,-0.528064,0.197733,
1625007173.253834,0.000000,0.668695,-0.528302,0.197665,
1625007173.258014,0.000000,0.669234,-0.528545,0.197626,
1625007173.262193,0.000000,0.669766,-0.528833,0.197626,
1625007173.266341,0.000000,0.670298,-0.529130,0.197647,
1625007173.270493,0.000000,0.670793,-0.529426,0.197708,
1625007173.274749,0.000000,0.671233,-0.529720,0.197797,
1625007173.278831,0.000000,0.671666,-0.529992,0.197849,
1625007173.283007,0.000000,0.672110,-0.530287,0.197902,
1625007173.287182,0.000000,0.672555,-0.530554,0.197950,
1625007173.349622,0.000000,0.680116,-0.534704,0.197635,
1625007173.353851,0.000000,0.680620,-0.534963,0.197577,
1625007173.357968,0.000000,0.681131,-0.535233,0.197525,
1625007173.362134,0.000000,0.681587,-0.535490,0.197485,
1625007173.366307,0.000000,0.682111,-0.535800,0.197516,
1625007173.370469,0.000000,0.682581,-0.536131,0.197555,
1625007173.374638,0.000000,0.683063,-0.536443,0.197619,
1625007173.378825,0.000000,0.683495,-0.536756,0.197705,
1625007173.382967,0.000000,0.683962,-0.537094,0.197756,
1625007173.387131,0.000000,0.684395,-0.537399,0.197804,
1625007173.449672,0.000000,0.691605,-0.541714,0.197509,
1625007173.453828,0.000000,0.692124,-0.541993,0.197408,
1625007173.458013,0.000000,0.692642,-0.542292,0.197355,
1625007173.462162,0.000000,0.693136,-0.542609,0.197332,
1625007173.466348,0.000000,0.693601,-0.542921,0.197348,
1625007173.470522,0.000000,0.694068,-0.543265,0.197417,
1625007173.474773,0.000000,0.694524,-0.543589,0.197421,
1625007173.478862,0.000000,0.694940,-0.543896,0.197480,
1625007173.483000,0.000000,0.695359,-0.544219,0.197553,
1625007173.487193,0.000000,0.695760,-0.544535,0.197605,
1625007173.549667,0.000000,0.702707,-0.549202,0.197352,
1625007173.553836,0.000000,0.703234,-0.549532,0.197276,
1625007173.558001,0.000000,0.703764,-0.549863,0.197208,
1625007173.562167,0.000000,0.704254,-0.550213,0.197172,
1625007173.566351,0.000000,0.704723,-0.550539,0.197151,
1625007173.570496,0.000000,0.705171,-0.550879,0.197160,
1625007173.574670,0.000000,0.705595,-0.551222,0.197201,
1625007173.578841,0.000000,0.706004,-0.551545,0.197246,
1625007173.583009,0.000000,0.706407,-0.551890,0.197293,
1625007173.587169,0.000000,0.706796,-0.552224,0.197351,
1625007173.649675,0.000000,0.713484,-0.557196,0.197206,
1625007173.653838,0.000000,0.713945,-0.557540,0.197150,
1625007173.658018,0.000000,0.714412,-0.557881,0.197086,
1625007173.662165,0.000000,0.714908,-0.558246,0.197043,
1625007173.666328,0.000000,0.715392,-0.558586,0.197014,
1625007173.670585,0.000000,0.715841,-0.558949,0.197022,
1625007173.674678,0.000000,0.716222,-0.559313,0.197078,
1625007173.678829,0.000000,0.716655,-0.559679,0.197123,
1625007173.682994,0.000000,0.717051,-0.560037,0.197191,
1625007173.687162,0.000000,0.717440,-0.560379,0.197241,
1625007173.695492,0.000000,0.718131,-0.561025,0.197285,
1625007173.699662,0.000000,0.718511,-0.561384,0.197303,
1625007173.703823,0.000000,0.718884,-0.561738,0.197323,
1625007173.707992,0.000000,0.719249,-0.562092,0.197307,
1625007173.712156,0.000000,0.719634,-0.562430,0.197310,
1625007173.716329,0.000000,0.720040,-0.562778,0.197327,
1625007173.720510,0.000000,0.720448,-0.563127,0.197348,
1625007173.724661,0.000000,0.720895,-0.563471,0.197329,
1625007173.728827,0.000000,0.721366,-0.563817,0.197275,
1625007173.732995,0.000000,0.721853,-0.564175,0.197218,
1625007173.849649,0.000000,0.733596,-0.574314,0.197003,
1625007173.853820,0.000000,0.734034,-0.574763,0.196991,
1625007173.857996,0.000000,0.734485,-0.575149,0.196942,
1625007173.862152,0.000000,0.734956,-0.575526,0.196879,
1625007173.866329,0.000000,0.735389,-0.575897,0.196836,
1625007173.870563,0.000000,0.735843,-0.576313,0.196845,
1625007173.874662,0.000000,0.736238,-0.576701,0.196912,
1625007173.878849,0.000000,0.736633,-0.577062,0.196909,
1625007173.882987,0.000000,0.737003,-0.577445,0.196947,
1625007173.887170,0.000000,0.737359,-0.577808,0.196929,
1625007173.949651,0.000000,0.743117,-0.583604,0.196949,
1625007173.953833,0.000000,0.743571,-0.583992,0.196901,
1625007173.958062,0.000000,0.744028,-0.584417,0.196854,
1625007173.962182,0.000000,0.744481,-0.584822,0.196812,
1625007173.966328,0.000000,0.744920,-0.585243,0.196772,
1625007173.970514,0.000000,0.745338,-0.585625,0.196666,
1625007173.974666,0.000000,0.745739,-0.586077,0.196742,
1625007173.978822,0.000000,0.746126,-0.586521,0.196777,
1625007173.982990,0.000000,0.746484,-0.586932,0.196849,
1625007173.987174,0.000000,0.746818,-0.587342,0.196926,
1625007174.049664,0.000000,0.752295,-0.593407,0.196931,
1625007174.053846,0.000000,0.752695,-0.593844,0.196895,
1625007174.058002,0.000000,0.753134,-0.594239,0.196818,
1625007174.062174,0.000000,0.753553,-0.594646,0.196769,
1625007174.066322,0.000000,0.753977,-0.595093,0.196735,
1625007174.070582,0.000000,0.754379,-0.595550,0.196706,
1625007174.074657,0.000000,0.754779,-0.596018,0.196745,
1625007174.078848,0.000000,0.755110,-0.596414,0.196724,
1625007174.082999,0.000000,0.755466,-0.596846,0.196780,
1625007174.087155,0.000000,0.755812,-0.597267,0.196836,
1625007174.149663,0.000000,0.760966,-0.603564,0.196944,
1625007174.153825,0.000000,0.761348,-0.603977,0.196860,
1625007174.158007,0.000000,0.761767,-0.604401,0.196781,
1625007174.162157,0.000000,0.762180,-0.604802,0.196712,
1625007174.166320,0.000000,0.762580,-0.605256,0.196666,
1625007174.170487,0.000000,0.762935,-0.605678,0.196632,
1625007174.174659,0.000000,0.763342,-0.606181,0.196637,
1625007174.178819,0.000000,0.763690,-0.606651,0.196678,
1625007174.183036,0.000000,0.763997,-0.607074,0.196724,
1625007174.187205,0.000000,0.764297,-0.607520,0.196784,
1625007174.249671,0.000000,0.769147,-0.613947,0.196930,
1625007174.253828,0.000000,0.769531,-0.614423,0.196881,
1625007174.257993,0.000000,0.769929,-0.614881,0.196843,
1625007174.262172,0.000000,0.770322,-0.615319,0.196776,
1625007174.266412,0.000000,0.770698,-0.615748,0.196694,
1625007174.270508,0.000000,0.771084,-0.616221,0.196659,
1625007174.274666,0.000000,0.771414,-0.616698,0.196667,
1625007174.278839,0.000000,0.771743,-0.617135,0.196663,
1625007174.283072,0.000000,0.772068,-0.617627,0.196712,
1625007174.287155,0.000000,0.772342,-0.618070,0.196806,
1625007174.349648,0.000000,0.776875,-0.624780,0.196869,
1625007174.353836,0.000000,0.777223,-0.625252,0.196804,
1625007174.358000,0.000000,0.777572,-0.625711,0.196763,
1625007174.362160,0.000000,0.777932,-0.626172,0.196722,
1625007174.366410,0.000000,0.778347,-0.626619,0.196656,
1625007174.370488,0.000000,0.778709,-0.627064,0.196587,
1625007174.374642,0.000000,0.779005,-0.627513,0.196522,
1625007174.378818,0.000000,0.779337,-0.627997,0.196565,
1625007174.382977,0.000000,0.779722,-0.628594,0.196561,
1625007174.387147,0.000000,0.780014,-0.629048,0.196667,
1625007174.449643,0.000000,0.784186,-0.635941,0.196950,
1625007174.453823,0.000000,0.784542,-0.636425,0.196888,
1625007174.457995,0.000000,0.784920,-0.636907,0.196830,
1625007174.462163,0.000000,0.785253,-0.637441,0.196728,
1625007174.466415,0.000000,0.785620,-0.637911,0.196670,
1625007174.470496,0.000000,0.785928,-0.638352,0.196618,
1625007174.474677,0.000000,0.786280,-0.638860,0.196574,
1625007174.478829,0.000000,0.786601,-0.639361,0.196553,
1625007174.483021,0.000000,0.786891,-0.639864,0.196592,
1625007174.487157,0.000000,0.787219,-0.640487,0.196864,
1625007174.549715,0.000000,0.791177,-0.647712,0.196774,
1625007174.553823,0.000000,0.791477,-0.648254,0.196737,
1625007174.557996,0.000000,0.791815,-0.648779,0.196704,
1625007174.562161,0.000000,0.792148,-0.649257,0.196658,
1625007174.566312,0.000000,0.792455,-0.649740,0.196579,
1625007174.570494,0.000000,0.792770,-0.650226,0.196512,
1625007174.574658,0.000000,0.793076,-0.650727,0.196463,
1625007174.578830,0.000000,0.793409,-0.651211,0.196393,
1625007174.582994,0.000000,0.793668,-0.651739,0.196401,
1625007174.587147,0.000000,0.793920,-0.652291,0.196531,
1625007174.649641,0.000000,0.797563,-0.659680,0.196837,
1625007174.653819,0.000000,0.797871,-0.660220,0.196769,
1625007174.657988,0.000000,0.798184,-0.660729,0.196748,
1625007174.662146,0.000000,0.798486,-0.661101,0.196696,
1625007174.666409,0.000000,0.798782,-0.661615,0.196626,
1625007174.670482,0.000000,0.799107,-0.662144,0.196578,
1625007174.674643,0.000000,0.799398,-0.662675,0.196511,
1625007174.678859,0.000000,0.799712,-0.663217,0.196428,
1625007174.682979,0.000000,0.799989,-0.663776,0.196431,
1625007174.687155,0.000000,0.800188,-0.664316,0.196471,
1625007174.749650,0.000000,0.803611,-0.671925,0.196703,
1625007174.753817,0.000000,0.803907,-0.672488,0.196626,
1625007174.758100,0.000000,0.804191,-0.673025,0.196563,
1625007174.762146,0.000000,0.804479,-0.673570,0.196492,
1625007174.766396,0.000000,0.804767,-0.674092,0.196428,
1625007174.770480,0.000000,0.805040,-0.674594,0.196382,
1625007174.774651,0.000000,0.805312,-0.675144,0.196256,
1625007174.778828,0.000000,0.805563,-0.675684,0.196214,
1625007174.783038,0.000000,0.805797,-0.676242,0.196272,
1625007174.787164,0.000000,0.805993,-0.676860,0.196322,
1625007174.849637,0.000000,0.809075,-0.684649,0.196480,
1625007174.853812,0.000000,0.809360,-0.685201,0.196428,
1625007174.857994,0.000000,0.809626,-0.685763,0.196409,
1625007174.862222,0.000000,0.809838,-0.686263,0.196411,
1625007174.866327,0.000000,0.810108,-0.686814,0.196316,
1625007174.870486,0.000000,0.810371,-0.687385,0.196245,
1625007174.874648,0.000000,0.810605,-0.687938,0.196193,
1625007174.878816,0.000000,0.810843,-0.688460,0.196207,
1625007174.882990,0.000000,0.811039,-0.689005,0.196187,
1625007174.887158,0.000000,0.811244,-0.689561,0.196198,
1625007174.949646,0.000000,0.813915,-0.697462,0.196266,
1625007174.953828,0.000000,0.814140,-0.698014,0.196268,
1625007174.957990,0.000000,0.814364,-0.698554,0.196220,
1625007174.962152,0.000000,0.814622,-0.699148,0.196134,
1625007174.966322,0.000000,0.814859,-0.699673,0.196040,
1625007174.970481,0.000000,0.815074,-0.700210,0.196001,
1625007174.974631,0.000000,0.815294,-0.700770,0.195971,
1625007174.978805,0.000000,0.815481,-0.701341,0.195967,
1625007174.982933,0.000000,0.815671,-0.701932,0.195990,
1625007174.987112,0.000000,0.815830,-0.702486,0.195997,
1625007175.049612,0.000000,0.818243,-0.710294,0.196108,
1625007175.053780,0.000000,0.818448,-0.710857,0.196044,
1625007175.057950,0.000000,0.818631,-0.711392,0.195999,
1625007175.062202,0.000000,0.818804,-0.711962,0.195931,
1625007175.066283,0.000000,0.818995,-0.712511,0.195865,
1625007175.070433,0.000000,0.819185,-0.713028,0.195804,
1625007175.074595,0.000000,0.819391,-0.713601,0.195751,
1625007175.078777,0.000000,0.819605,-0.714136,0.195734,
1625007175.082954,0.000000,0.819758,-0.714680,0.195742,
1625007175.087128,0.000000,0.819906,-0.715259,0.195642,
1625007175.149612,0.000000,0.821825,-0.723132,0.195857,
1625007175.153788,0.000000,0.822043,-0.723675,0.195832,
1625007175.157951,0.000000,0.822230,-0.724200,0.195767,
1625007175.162122,0.000000,0.822402,-0.724731,0.195682,
1625007175.166290,0.000000,0.822614,-0.725288,0.195686,
1625007175.170466,0.000000,0.822752,-0.725837,0.195624,
1625007175.174627,0.000000,0.822931,-0.726427,0.195592,
1625007175.178795,0.000000,0.823072,-0.727026,0.195551,
1625007175.182980,0.000000,0.823257,-0.727578,0.195505,
1625007175.187152,0.000000,0.823374,-0.728207,0.195390,
1625007175.249645,0.000000,0.825006,-0.736112,0.195524,
1625007175.253819,0.000000,0.825150,-0.736588,0.195622,
1625007175.258064,0.000000,0.825314,-0.737166,0.195574,
1625007175.262146,0.000000,0.825473,-0.737762,0.195540,
1625007175.266306,0.000000,0.825574,-0.738342,0.195488,
1625007175.270474,0.000000,0.825770,-0.738951,0.195357,
1625007175.274655,0.000000,0.825888,-0.739479,0.195312,
1625007175.278834,0.000000,0.826080,-0.740067,0.195219,
1625007175.282978,0.000000,0.826220,-0.740614,0.195146,
1625007175.287153,0.000000,0.826335,-0.741177,0.195222,
1625007175.349673,0.000000,0.827425,-0.749161,0.195396,
1625007175.353815,0.000000,0.827575,-0.749631,0.195336,
1625007175.357974,0.000000,0.827698,-0.750260,0.195296,
1625007175.362186,0.000000,0.827804,-0.750871,0.195288,
1625007175.366309,0.000000,0.827972,-0.751447,0.195195,
1625007175.370475,0.000000,0.828118,-0.752015,0.195135,
1625007175.374652,0.000000,0.828246,-0.752727,0.195073,
1625007175.378823,0.000000,0.828391,-0.753325,0.194996,
1625007175.382976,0.000000,0.828493,-0.753940,0.194947,
1625007175.387151,0.000000,0.828586,-0.754529,0.194936,
1625007175.449652,0.000000,0.829410,-0.762248,0.195136,
1625007175.453816,0.000000,0.829506,-0.762820,0.195148,
1625007175.458070,0.000000,0.829658,-0.763449,0.195177,
1625007175.462136,0.000000,0.829714,-0.764075,0.195241,
1625007175.466325,0.000000,0.829797,-0.764666,0.195212,
1625007175.470477,0.000000,0.829901,-0.765235,0.195174,
1625007175.474639,0.000000,0.830024,-0.765800,0.194907,
1625007175.478814,0.000000,0.830116,-0.766360,0.194830,
1625007175.483007,0.000000,0.830249,-0.766987,0.194849,
1625007175.487139,0.000000,0.830327,-0.767547,0.194854,
1625007175.549652,0.000000,0.830743,-0.775421,0.195120,
1625007175.553828,0.000000,0.830813,-0.776039,0.195089,
1625007175.557974,0.000000,0.830915,-0.776649,0.195209,
1625007175.562142,0.000000,0.830993,-0.777257,0.195166,
1625007175.566313,0.000000,0.831065,-0.777856,0.195000,
1625007175.570471,0.000000,0.831154,-0.778451,0.194961,
1625007175.574643,0.000000,0.831221,-0.779039,0.194840,
1625007175.578875,0.000000,0.831310,-0.779633,0.194831,
1625007175.583041,0.000000,0.831315,-0.780281,0.194793,
1625007175.587145,0.000000,0.831377,-0.780862,0.194744,
1625007175.649652,0.000000,0.831500,-0.788733,0.194976,
1625007175.653826,0.000000,0.831588,-0.789357,0.195053,
1625007175.658066,0.000000,0.831565,-0.790023,0.195016,
1625007175.662155,0.000000,0.831614,-0.790587,0.195110,
1625007175.666327,0.000000,0.831659,-0.791214,0.195044,
1625007175.670472,0.000000,0.831689,-0.791839,0.194945,
1625007175.674655,0.000000,0.831754,-0.792442,0.194890,
1625007175.678808,0.000000,0.831827,-0.793083,0.194725,
1625007175.683026,0.000000,0.831925,-0.793591,0.194582,
1625007175.687150,0.000000,0.831931,-0.794273,0.194629,
1625007175.749629,0.000000,0.831685,-0.802098,0.194922,
1625007175.753830,0.000000,0.831697,-0.802690,0.194883,
1625007175.757980,0.000000,0.831648,-0.803381,0.194988,
1625007175.762151,0.000000,0.831725,-0.803903,0.194844,
1625007175.766299,0.000000,0.831751,-0.804510,0.194796,
1625007175.770520,0.000000,0.831785,-0.805131,0.194692,
1625007175.774638,0.000000,0.831823,-0.805758,0.194754,
1625007175.778810,0.000000,0.831792,-0.806407,0.194682,
1625007175.782979,0.000000,0.831812,-0.807009,0.194631,
1625007175.787221,0.000000,0.831839,-0.807614,0.194554,
1625007175.849647,0.000000,0.831274,-0.815391,0.194792,
1625007175.853890,0.000000,0.831177,-0.816083,0.194832,
1625007175.857976,0.000000,0.831159,-0.816685,0.194814,
1625007175.862147,0.000000,0.831157,-0.817270,0.194767,
1625007175.866322,0.000000,0.831150,-0.817869,0.194723,
1625007175.870489,0.000000,0.831163,-0.818476,0.194688,
1625007175.874640,0.000000,0.831162,-0.819059,0.194626,
1625007175.878818,0.000000,0.831149,-0.819631,0.194585,
1625007175.883004,0.000000,0.831131,-0.820206,0.194536,
1625007175.887146,0.000000,0.831140,-0.820830,0.194489,
1625007175.949635,0.000000,0.830234,-0.828824,0.194789,
1625007175.953808,0.000000,0.830194,-0.829397,0.194759,
1625007175.957986,0.000000,0.830174,-0.829953,0.194730,
1625007175.962143,0.000000,0.830151,-0.830524,0.194688,
1625007175.966311,0.000000,0.830127,-0.831132,0.194612,
1625007175.970469,0.000000,0.830106,-0.831742,0.194553,
1625007175.974639,0.000000,0.830070,-0.832355,0.194565,
1625007175.978809,0.000000,0.830043,-0.832941,0.194527,
1625007175.982978,0.000000,0.829988,-0.833559,0.194474,
1625007175.987215,0.000000,0.829954,-0.834146,0.194416,
1625007176.049641,0.000000,0.828612,-0.842210,0.194784,
1625007176.053895,0.000000,0.828536,-0.842768,0.194761,
1625007176.057973,0.000000,0.828457,-0.843347,0.194730,
1625007176.062140,0.000000,0.828405,-0.843948,0.194649,
1625007176.066309,0.000000,0.828348,-0.844512,0.194607,
1625007176.070470,0.000000,0.828309,-0.845085,0.194520,
1625007176.074639,0.000000,0.828269,-0.845676,0.194462,
1625007176.078795,0.000000,0.828226,-0.846264,0.194373,
1625007176.082967,0.000000,0.828151,-0.846860,0.194329,
1625007176.087161,0.000000,0.828076,-0.847486,0.194264,
1625007176.149632,0.000000,0.826418,-0.855567,0.194663,
1625007176.153807,0.000000,0.826324,-0.856138,0.194627,
1625007176.158034,0.000000,0.826210,-0.856719,0.194630,
1625007176.162131,0.000000,0.826111,-0.857317,0.194623,
1625007176.166309,0.000000,0.826038,-0.857898,0.194587,
1625007176.170473,0.000000,0.825960,-0.858488,0.194548,
1625007176.174642,0.000000,0.825898,-0.859081,0.194475,
1625007176.178807,0.000000,0.825817,-0.859638,0.194556,
1625007176.182968,0.000000,0.825720,-0.860265,0.194465,
1625007176.187429,0.000000,0.825625,-0.860865,0.194409,
1625007176.249640,0.000000,0.823657,-0.869019,0.194741,
1625007176.253894,0.000000,0.823531,-0.869546,0.194725,
1625007176.257976,0.000000,0.823389,-0.870143,0.194733,
1625007176.262148,0.000000,0.823268,-0.870770,0.194661,
1625007176.266341,0.000000,0.823171,-0.871360,0.194611,
1625007176.270466,0.000000,0.823068,-0.871942,0.194553,
1625007176.274637,0.000000,0.822939,-0.872446,0.194448,
1625007176.278797,0.000000,0.822848,-0.873013,0.194388,
1625007176.283018,0.000000,0.822775,-0.873653,0.194346,
1625007176.287136,0.000000,0.822672,-0.874232,0.194306,
1625007176.349639,0.000000,0.820242,-0.882289,0.194373,
1625007176.353825,0.000000,0.820091,-0.882823,0.194525,
1625007176.357993,0.000000,0.819963,-0.883371,0.194518,
1625007176.362139,0.000000,0.819818,-0.883960,0.194467,
1625007176.366299,0.000000,0.819654,-0.884561,0.194457,
1625007176.370453,0.000000,0.819498,-0.885183,0.194402,
1625007176.374648,0.000000,0.819359,-0.885753,0.194376,
1625007176.378853,0.000000,0.819207,-0.886339,0.194333,
1625007176.383059,0.000000,0.819062,-0.886947,0.194283,
1625007176.387134,0.000000,0.818920,-0.887576,0.194194,
1625007176.449759,0.000000,0.816252,-0.895560,0.194357,
1625007176.453808,0.000000,0.816076,-0.896113,0.194350,
1625007176.457980,0.000000,0.815892,-0.896659,0.194351,
1625007176.462148,0.000000,0.815731,-0.897229,0.194295,
1625007176.466315,0.000000,0.815548,-0.897815,0.194256,
1625007176.470473,0.000000,0.815394,-0.898401,0.194183,
1625007176.474820,0.000000,0.815226,-0.898988,0.194111,
1625007176.478810,0.000000,0.815075,-0.899619,0.193905,
1625007176.483129,0.000000,0.814922,-0.900205,0.193838,
1625007176.487140,0.000000,0.814759,-0.900771,0.193883,
1625007176.549638,0.000000,0.811664,-0.908508,0.194156,
1625007176.553807,0.000000,0.811444,-0.909049,0.194174,
1625007176.557966,0.000000,0.811243,-0.909579,0.194182,
1625007176.562134,0.000000,0.811034,-0.910136,0.194152,
1625007176.566309,0.000000,0.810943,-0.910664,0.194085,
1625007176.570477,0.000000,0.810741,-0.911242,0.194044,
1625007176.574651,0.000000,0.810536,-0.911853,0.194011,
1625007176.578810,0.000000,0.810385,-0.912455,0.193926,
1625007176.583093,0.000000,0.810211,-0.913034,0.193845,
1625007176.587134,0.000000,0.810032,-0.913616,0.193779,
1625007176.649705,0.000000,0.806734,-0.921093,0.193936,
1625007176.653802,0.000000,0.806525,-0.921602,0.193938,
1625007176.657971,0.000000,0.806346,-0.922084,0.193911,
1625007176.662134,0.000000,0.806057,-0.922662,0.193916,
1625007176.666305,0.000000,0.805893,-0.923204,0.193837,
1625007176.670467,0.000000,0.805681,-0.923765,0.193752,
1625007176.674632,0.000000,0.805438,-0.924351,0.193707,
1625007176.678792,0.000000,0.805228,-0.924942,0.193539,
1625007176.682971,0.000000,0.805014,-0.925504,0.193531,
1625007176.687135,0.000000,0.804808,-0.926041,0.193490,
1625007176.753784,0.000000,0.800867,-0.933956,0.193757,
1625007176.757972,0.000000,0.800597,-0.934474,0.193629,
1625007176.762115,0.000000,0.800350,-0.935013,0.193595,
1625007176.766298,0.000000,0.800099,-0.935551,0.193530,
1625007176.770508,0.000000,0.799829,-0.936132,0.193490,
1625007176.774698,0.000000,0.799589,-0.936676,0.193441,
1625007176.778887,0.000000,0.799342,-0.937231,0.193410,
1625007176.783134,0.000000,0.799094,-0.937789,0.193376,
1625007176.787192,0.000000,0.798868,-0.938326,0.193327,
1625007176.791347,0.000000,0.798614,-0.938891,0.193281,
1625007176.849677,0.000000,0.794938,-0.945469,0.193506,
1625007176.853854,0.000000,0.794671,-0.945956,0.193500,
1625007176.858021,0.000000,0.794418,-0.946447,0.193477,
1625007176.862187,0.000000,0.794166,-0.946939,0.193476,
1625007176.866352,0.000000,0.793902,-0.947488,0.193472,
1625007176.870522,0.000000,0.793642,-0.948027,0.193403,
1625007176.874691,0.000000,0.793383,-0.948583,0.193359,
1625007176.878862,0.000000,0.793139,-0.949050,0.193463,
1625007176.883012,0.000000,0.792832,-0.949625,0.193334,
1625007176.887188,0.000000,0.792584,-0.950152,0.193276,
1625007176.949694,0.000000,0.788692,-0.956908,0.193246,
1625007176.953859,0.000000,0.788420,-0.957348,0.193222,
1625007176.958034,0.000000,0.788138,-0.957814,0.193209,
1625007176.962189,0.000000,0.787631,-0.958434,0.193374,
1625007176.966355,0.000000,0.787399,-0.958943,0.193208,
1625007176.970530,0.000000,0.787095,-0.959503,0.193197,
1625007176.974704,0.000000,0.786789,-0.960055,0.193147,
1625007176.978959,0.000000,0.786499,-0.960587,0.193115,
1625007176.983095,0.000000,0.786226,-0.961125,0.193057,
1625007176.987192,0.000000,0.785940,-0.961688,0.192961,
1625007177.049688,0.000000,0.781677,-0.968326,0.192882,
1625007177.053864,0.000000,0.781415,-0.968703,0.192922,
1625007177.058034,0.000000,0.781124,-0.969124,0.192902,
1625007177.062207,0.000000,0.780826,-0.969548,0.192917,
1625007177.066368,0.000000,0.780489,-0.970054,0.192893,
1625007177.070539,0.000000,0.780226,-0.970473,0.192924,
1625007177.074693,0.000000,0.779851,-0.971020,0.192905,
1625007177.078857,0.000000,0.779529,-0.971572,0.192799,
1625007177.083095,0.000000,0.779212,-0.972128,0.192704,
1625007177.087201,0.000000,0.778910,-0.972690,0.192632,
1625007177.149680,0.000000,0.774045,-0.979272,0.193005,
1625007177.153853,0.000000,0.773772,-0.979675,0.192991,
1625007177.158024,0.000000,0.773459,-0.980093,0.192960,
1625007177.162189,0.000000,0.773148,-0.980516,0.192945,
1625007177.166344,0.000000,0.772811,-0.980979,0.192930,
1625007177.170525,0.000000,0.772520,-0.981448,0.192855,
1625007177.174696,0.000000,0.772164,-0.981961,0.192795,
1625007177.178940,0.000000,0.771832,-0.982460,0.192742,
1625007177.183057,0.000000,0.771500,-0.982948,0.192713,
1625007177.187200,0.000000,0.771171,-0.983479,0.192627,
1625007177.249691,0.000000,0.766049,-0.989962,0.192747,
1625007177.253861,0.000000,0.765755,-0.990356,0.192732,
1625007177.258030,0.000000,0.765455,-0.990753,0.192647,
1625007177.262197,0.000000,0.765145,-0.991156,0.192600,
1625007177.266417,0.000000,0.764795,-0.991606,0.192584,
1625007177.270520,0.000000,0.764490,-0.992013,0.192605,
1625007177.274693,0.000000,0.764121,-0.992503,0.192574,
1625007177.278861,0.000000,0.763715,-0.992992,0.192578,
1625007177.283056,0.000000,0.763411,-0.993467,0.192489,
1625007177.287192,0.000000,0.763056,-0.993972,0.192439,
1625007177.349679,0.000000,0.757522,-1.000289,0.192672,
1625007177.353847,0.000000,0.757195,-1.000646,0.192641,
1625007177.358029,0.000000,0.756950,-1.001012,0.192638,
1625007177.362180,0.000000,0.756646,-1.001432,0.192585,
1625007177.366338,0.000000,0.756280,-1.001831,0.192581,
1625007177.370509,0.000000,0.755917,-1.002242,0.192532,
1625007177.374773,0.000000,0.755533,-1.002717,0.192473,
1625007177.378852,0.000000,0.755141,-1.003203,0.192437,
1625007177.383059,0.000000,0.754751,-1.003694,0.192390,
1625007177.387180,0.000000,0.754366,-1.004171,0.192372,
1625007177.449681,0.000000,0.748763,-1.010196,0.192515,
1625007177.453861,0.000000,0.748388,-1.010544,0.192545,
1625007177.458048,0.000000,0.748064,-1.010911,0.192506,
1625007177.462198,0.000000,0.747639,-1.011303,0.192527,
1625007177.466349,0.000000,0.747359,-1.011691,0.192444,
1625007177.470561,0.000000,0.746921,-1.012099,0.192445,
1625007177.474801,0.000000,0.746518,-1.012551,0.192420,
1625007177.478944,0.000000,0.746098,-1.012969,0.192429,
1625007177.483025,0.000000,0.745779,-1.013452,0.192332,
1625007177.487186,0.000000,0.745307,-1.013879,0.192359,
1625007177.549652,0.000000,0.739415,-1.019690,0.192480,
1625007177.553822,0.000000,0.738686,-1.019995,0.192706,
1625007177.557994,0.000000,0.738375,-1.020331,0.192672,
1625007177.562163,0.000000,0.737985,-1.020703,0.192690,
1625007177.566303,0.000000,0.737578,-1.021055,0.192727,
1625007177.570482,0.000000,0.737239,-1.021425,0.192695,
1625007177.574738,0.000000,0.736815,-1.021832,0.192658,
1625007177.578820,0.000000,0.736425,-1.022217,0.192620,
1625007177.582978,0.000000,0.735993,-1.022670,0.192569,
1625007177.587158,0.000000,0.735560,-1.023107,0.192519,
1625007177.649691,0.000000,0.729537,-1.028824,0.192514,
1625007177.653859,0.000000,0.729102,-1.029206,0.192484,
1625007177.658017,0.000000,0.728609,-1.029576,0.192552,
1625007177.662173,0.000000,0.728255,-1.029906,0.192558,
1625007177.666334,0.000000,0.727825,-1.030269,0.192588,
1625007177.670522,0.000000,0.727417,-1.030642,0.192588,
1625007177.674681,0.000000,0.727013,-1.031019,0.192571,
1625007177.678857,0.000000,0.726510,-1.031428,0.192568,
1625007177.683086,0.000000,0.726144,-1.031842,0.192514,
1625007177.687184,0.000000,0.725713,-1.032264,0.192460,
1625007177.749696,0.000000,0.719099,-1.037734,0.192514,
1625007177.753843,0.000000,0.718690,-1.038012,0.192571,
1625007177.758012,0.000000,0.718283,-1.038295,0.192621,
1625007177.762181,0.000000,0.717884,-1.038606,0.192645,
1625007177.766345,0.000000,0.717457,-1.038944,0.192638,
1625007177.770559,0.000000,0.716985,-1.039292,0.192658,
1625007177.774875,0.000000,0.716483,-1.039691,0.192636,
1625007177.778849,0.000000,0.715993,-1.040078,0.192618,
1625007177.783025,0.000000,0.715612,-1.040522,0.192502,
1625007177.787187,0.000000,0.715168,-1.040916,0.192453,
1625007177.849647,0.000000,0.708397,-1.046121,0.192437,
1625007177.853814,0.000000,0.707912,-1.046400,0.192476,
1625007177.857977,0.000000,0.707433,-1.046663,0.192536,
1625007177.862141,0.000000,0.706963,-1.046996,0.192539,
1625007177.866311,0.000000,0.706611,-1.047332,0.192494,
1625007177.870481,0.000000,0.706150,-1.047685,0.192466,
1625007177.874644,0.000000,0.705680,-1.048044,0.192452,
1625007177.878813,0.000000,0.705208,-1.048390,0.192471,
1625007177.883014,0.000000,0.704707,-1.048749,0.192466,
1625007177.887149,0.000000,0.704241,-1.049114,0.192439,
1625007177.949678,0.000000,0.697122,-1.054130,0.192383,
1625007177.953818,0.000000,0.696668,-1.054376,0.192419,
1625007177.957981,0.000000,0.696173,-1.054636,0.192475,
1625007177.962155,0.000000,0.695768,-1.054953,0.192409,
1625007177.966332,0.000000,0.695169,-1.055211,0.192501,
1625007177.970576,0.000000,0.694651,-1.055496,0.192544,
1625007177.974649,0.000000,0.694406,-1.055908,0.192328,
1625007177.978814,0.000000,0.693783,-1.056184,0.192385,
1625007177.983031,0.000000,0.693385,-1.056622,0.192291,
1625007177.987142,0.000000,0.692857,-1.056974,0.192269,
1625007178.049658,0.000000,0.685508,-1.061570,0.192382,
1625007178.053825,0.000000,0.685013,-1.061818,0.192410,
1625007178.058027,0.000000,0.684593,-1.062066,0.192417,
1625007178.062195,0.000000,0.684094,-1.062288,0.192512,
1625007178.066381,0.000000,0.683655,-1.062621,0.192424,
1625007178.070566,0.000000,0.683181,-1.062927,0.192411,
1625007178.074687,0.000000,0.682728,-1.063240,0.192356,
1625007178.079051,0.000000,0.682187,-1.063540,0.192373,
1625007178.083080,0.000000,0.681609,-1.063848,0.192439,
1625007178.087182,0.000000,0.681130,-1.064188,0.192379,
1625007178.149688,0.000000,0.673719,-1.068519,0.192372,
1625007178.153847,0.000000,0.673256,-1.068737,0.192416,
1625007178.158034,0.000000,0.672783,-1.068989,0.192387,
1625007178.162191,0.000000,0.672294,-1.069256,0.192384,
1625007178.166356,0.000000,0.671772,-1.069526,0.192397,
1625007178.170596,0.000000,0.671299,-1.069847,0.192348,
1625007178.174699,0.000000,0.670832,-1.070160,0.192240,
1625007178.178876,0.000000,0.670331,-1.070448,0.192224,
1625007178.183023,0.000000,0.669785,-1.070760,0.192184,
1625007178.187188,0.000000,0.669237,-1.071049,0.192155,
1625007178.249703,0.000000,0.661685,-1.074993,0.192161,
1625007178.253854,0.000000,0.661288,-1.075195,0.192136,
1625007178.258029,0.000000,0.660718,-1.075413,0.192211,
1625007178.262179,0.000000,0.660243,-1.075671,0.192164,
1625007178.266360,0.000000,0.659627,-1.075813,0.192298,
1625007178.270523,0.000000,0.659281,-1.076083,0.192209,
1625007178.274688,0.000000,0.658778,-1.076338,0.192178,
1625007178.278897,0.000000,0.658262,-1.076593,0.192152,
1625007178.283075,0.000000,0.657722,-1.076901,0.192092,
1625007178.287192,0.000000,0.657186,-1.077191,0.192033,
1625007178.349697,0.000000,0.649424,-1.080729,0.192056,
1625007178.353863,0.000000,0.648945,-1.080911,0.192073,
1625007178.358012,0.000000,0.648496,-1.081101,0.192071,
1625007178.362192,0.000000,0.648017,-1.081286,0.192116,
1625007178.366362,0.000000,0.647558,-1.081478,0.192124,
1625007178.370762,0.000000,0.647036,-1.081685,0.192163,
1625007178.374700,0.000000,0.646521,-1.081941,0.192118,
1625007178.378862,0.000000,0.646020,-1.082175,0.192136,
1625007178.383035,0.000000,0.645519,-1.082455,0.192073,
1625007178.387187,0.000000,0.645006,-1.082726,0.192003,
1625007178.449702,0.000000,0.637193,-1.085983,0.191981,
1625007178.453866,0.000000,0.636694,-1.086115,0.192044,
1625007178.458020,0.000000,0.636186,-1.086269,0.192101,
1625007178.462183,0.000000,0.635689,-1.086463,0.192109,
1625007178.466347,0.000000,0.635197,-1.086616,0.192146,
1625007178.470529,0.000000,0.634613,-1.086823,0.192102,
1625007178.474686,0.000000,0.634089,-1.087009,0.192114,
1625007178.478842,0.000000,0.633695,-1.087200,0.192092,
1625007178.483024,0.000000,0.633174,-1.087397,0.192081,
1625007178.487186,0.000000,0.632570,-1.087637,0.192053,
1625007178.549690,0.000000,0.624553,-1.090628,0.191827,
1625007178.553858,0.000000,0.624114,-1.090751,0.191862,
1625007178.558049,0.000000,0.623646,-1.090891,0.191878,
1625007178.562164,0.000000,0.623162,-1.091022,0.191923,
1625007178.566511,0.000000,0.622552,-1.091166,0.191972,
1625007178.570534,0.000000,0.622065,-1.091322,0.192014,
1625007178.574703,0.000000,0.621549,-1.091520,0.191970,
1625007178.578867,0.000000,0.621017,-1.091694,0.191948,
1625007178.583089,0.000000,0.620486,-1.091901,0.191929,
1625007178.587196,0.000000,0.619956,-1.092111,0.191863,
1625007178.653899,0.000000,0.611364,-1.094869,0.191733,
1625007178.658028,0.000000,0.610794,-1.094962,0.191822,
1625007178.662181,0.000000,0.610458,-1.095103,0.191742,
1625007178.666363,0.000000,0.609911,-1.095208,0.191823,
1625007178.670533,0.000000,0.609429,-1.095354,0.191791,
1625007178.674690,0.000000,0.608935,-1.095479,0.191828,
1625007178.678843,0.000000,0.608339,-1.095631,0.191863,
1625007178.683025,0.000000,0.607810,-1.095799,0.191845,
1625007178.687196,0.000000,0.607304,-1.095969,0.191804,
1625007178.691348,0.000000,0.606696,-1.096180,0.191732,
1625007178.695523,0.000000,0.606104,-1.096377,0.191710,
1625007178.849672,0.000000,0.585985,-1.101331,0.191554,
1625007178.853845,0.000000,0.585559,-1.101389,0.191605,
1625007178.858008,0.000000,0.585145,-1.101442,0.191635,
1625007178.862178,0.000000,0.584637,-1.101506,0.191680,
1625007178.866354,0.000000,0.584121,-1.101591,0.191666,
1625007178.870517,0.000000,0.583631,-1.101661,0.191712,
1625007178.874692,0.000000,0.583120,-1.101745,0.191745,
1625007178.878858,0.000000,0.582626,-1.101839,0.191727,
1625007178.883167,0.000000,0.582106,-1.101920,0.191733,
1625007178.887184,0.000000,0.581563,-1.102016,0.191724,
1625007178.949701,0.000000,0.572930,-1.103716,0.191514,
1625007178.953847,0.000000,0.572442,-1.103752,0.191570,
1625007178.958039,0.000000,0.571977,-1.103794,0.191561,
1625007178.962270,0.000000,0.571536,-1.103818,0.191596,
1625007178.966351,0.000000,0.570982,-1.103883,0.191621,
1625007178.970510,0.000000,0.570429,-1.103919,0.191670,
1625007178.974675,0.000000,0.569882,-1.103973,0.191726,
1625007178.978857,0.000000,0.569358,-1.104033,0.191768,
1625007178.983017,0.000000,0.568871,-1.104092,0.191758,
1625007178.987180,0.000000,0.568228,-1.104209,0.191739,
1625007179.049746,0.000000,0.559730,-1.105480,0.191647,
1625007179.053846,0.000000,0.559178,-1.105501,0.191733,
1625007179.058015,0.000000,0.558765,-1.105539,0.191766,
1625007179.062202,0.000000,0.558279,-1.105591,0.191763,
1625007179.066352,0.000000,0.557751,-1.105617,0.191788,
1625007179.070526,0.000000,0.557212,-1.105662,0.191722,
1625007179.074694,0.000000,0.556652,-1.105683,0.191762,
1625007179.078859,0.000000,0.556126,-1.105732,0.191782,
1625007179.083029,0.000000,0.555486,-1.105763,0.191803,
1625007179.087190,0.000000,0.555003,-1.105856,0.191735,
1625007179.149693,0.000000,0.546395,-1.106620,0.191891,
1625007179.153859,0.000000,0.545839,-1.106618,0.191955,
1625007179.158020,0.000000,0.545338,-1.106649,0.191954,
1625007179.162268,0.000000,0.544826,-1.106618,0.192066,
1625007179.166355,0.000000,0.544318,-1.106612,0.192093,
1625007179.170516,0.000000,0.543846,-1.106630,0.192103,
1625007179.174691,0.000000,0.543354,-1.106644,0.192105,
1625007179.178851,0.000000,0.542825,-1.106657,0.192121,
1625007179.183017,0.000000,0.542155,-1.106684,0.192145,
1625007179.187172,0.000000,0.541684,-1.106731,0.192121,
1625007179.249687,0.000000,0.533109,-1.107309,0.191904,
1625007179.253860,0.000000,0.532677,-1.107260,0.191956,
1625007179.258019,0.000000,0.532123,-1.107243,0.191990,
1625007179.262192,0.000000,0.531648,-1.107218,0.192044,
1625007179.266347,0.000000,0.531123,-1.107200,0.192078,
1625007179.270506,0.000000,0.530617,-1.107162,0.192138,
1625007179.274694,0.000000,0.530016,-1.107116,0.192209,
1625007179.278848,0.000000,0.529530,-1.107136,0.192193,
1625007179.283010,0.000000,0.529009,-1.107125,0.192217,
1625007179.287173,0.000000,0.528483,-1.107131,0.192229,
1625007179.349686,0.000000,0.519701,-1.107380,0.192048,
1625007179.353835,0.000000,0.519177,-1.107304,0.192145,
1625007179.358020,0.000000,0.518671,-1.107252,0.192205,
1625007179.362254,0.000000,0.518155,-1.107216,0.192195,
1625007179.366342,0.000000,0.517693,-1.107177,0.192198,
1625007179.370507,0.000000,0.517138,-1.107123,0.192291,
1625007179.374678,0.000000,0.516620,-1.107105,0.192306,
1625007179.378843,0.000000,0.516089,-1.107090,0.192284,
1625007179.383021,0.000000,0.515574,-1.107051,0.192300,
1625007179.387175,0.000000,0.514974,-1.107020,0.192346,
1625007179.449641,0.000000,0.506149,-1.106867,0.191994,
1625007179.453816,0.000000,0.505629,-1.106779,0.192075,
1625007179.457978,0.000000,0.505033,-1.106686,0.192133,
1625007179.462140,0.000000,0.504611,-1.106630,0.192162,
1625007179.466305,0.000000,0.504079,-1.106553,0.192224,
1625007179.470481,0.000000,0.503597,-1.106489,0.192242,
1625007179.474648,0.000000,0.503043,-1.106403,0.192323,
1625007179.478814,0.000000,0.502507,-1.106361,0.192335,
1625007179.483021,0.000000,0.501926,-1.106323,0.192330,
1625007179.487177,0.000000,0.501393,-1.106267,0.192315,
1625007179.549700,0.000000,0.492582,-1.105751,0.192070,
1625007179.553847,0.000000,0.492053,-1.105667,0.192122,
1625007179.558079,0.000000,0.491439,-1.105539,0.192228,
1625007179.562178,0.000000,0.490919,-1.105525,0.192173,
1625007179.566361,0.000000,0.490401,-1.105461,0.192174,
1625007179.570513,0.000000,0.489898,-1.105363,0.192246,
1625007179.574705,0.000000,0.489453,-1.105281,0.192241,
1625007179.578861,0.000000,0.488898,-1.105189,0.192274,
1625007179.583060,0.000000,0.488331,-1.105086,0.192258,
1625007179.587200,0.000000,0.487772,-1.105006,0.192270,
1625007179.649678,0.000000,0.478960,-1.104114,0.191925,
1625007179.653845,0.000000,0.478430,-1.104021,0.191976,
1625007179.658000,0.000000,0.477874,-1.103843,0.192096,
1625007179.662165,0.000000,0.477329,-1.103736,0.192143,
1625007179.666337,0.000000,0.476808,-1.103610,0.192236,
1625007179.670519,0.000000,0.476233,-1.103489,0.192288,
1625007179.674674,0.000000,0.475705,-1.103386,0.192299,
1625007179.678878,0.000000,0.475277,-1.103302,0.192310,
1625007179.683025,0.000000,0.474714,-1.103213,0.192254,
1625007179.687165,0.000000,0.474104,-1.103118,0.192299,
1625007179.749682,0.000000,0.465357,-1.101746,0.191987,
1625007179.753934,0.000000,0.464855,-1.101610,0.192007,
1625007179.758096,0.000000,0.464334,-1.101461,0.192084,
1625007179.762172,0.000000,0.463793,-1.101290,0.192147,
1625007179.766344,0.000000,0.463293,-1.101200,0.192108,
1625007179.770513,0.000000,0.462778,-1.101061,0.192152,
1625007179.774680,0.000000,0.462247,-1.100959,0.192149,
1625007179.778997,0.000000,0.461660,-1.100834,0.192177,
1625007179.783008,0.000000,0.461220,-1.100706,0.192172,
1625007179.787169,0.000000,0.460636,-1.100582,0.192189,
1625007179.849677,0.000000,0.451907,-1.098896,0.192041,
1625007179.853848,0.000000,0.451416,-1.098745,0.192107,
1625007179.858007,0.000000,0.450871,-1.098583,0.192165,
1625007179.862178,0.000000,0.450398,-1.098433,0.192203,
1625007179.866350,0.000000,0.449953,-1.098271,0.192256,
1625007179.870522,0.000000,0.449531,-1.098108,0.192247,
1625007179.874684,0.000000,0.449031,-1.098032,0.192143,
1625007179.878848,0.000000,0.448474,-1.097845,0.192244,
1625007179.883019,0.000000,0.447944,-1.097700,0.192238,
1625007179.887172,0.000000,0.447411,-1.097538,0.192247,
