1624923966.000000,627197921.000000,-0.172325,-2.309923,0.000000,0.000000,0.000000,-0.016152,0.999870,0.000000,0.000000,0.000000,0.000000,0.000000,0.000105,
1624923966.000000,660197921.000000,-0.172325,-2.309923,0.000000,0.000000,0.000000,-0.016152,0.999870,0.000000,0.000000,0.000000,0.000000,0.000000,-0.000007,
1624923977.000000,125096076.000000,-0.172325,-2.309923,0.000000,0.000000,0.000000,-0.016502,0.999864,0.000000,0.000000,0.000000,0.000000,0.000000,-0.000112,
1624923977.000000,158096076.000000,-0.172325,-2.309923,0.000000,0.000000,0.000000,-0.016503,0.999864,0.000000,0.000000,0.000000,0.000000,0.000000,-0.000069,
1624923977.000000,191096076.000000,-0.172325,-2.309923,0.000000,0.000000,0.000000,-0.016503,0.999864,0.000000,0.000000,0.000000,0.000000,0.000000,0.000018,
1624923977.000000,224096076.000000,-0.172299,-2.309924,0.000000,0.000000,0.000000,-0.016504,0.999864,0.000767,0.000000,0.000000,0.000000,0.000000,-0.000058,
1624923977.000000,257096076.000000,-0.172325,-2.309923,0.000000,0.000000,0.000000,-0.016506,0.999864,-0.000767,0.000000,0.000000,0.000000,0.000000,-0.000108,
1624923977.000000,290096076.000000,-0.172325,-2.309923,0.000000,0.000000,0.000000,-0.016507,0.999864,0.000000,0.000000,0.000000,0.000000,0.000000,-0.000079,
1624923977.000000,323096076.000000,-0.172325,-2.309923,0.000000,0.000000,0.000000,-0.016509,0.999864,0.000000,0.000000,0.000000,0.000000,0.000000,-0.000094,
1624923977.000000,356096076.000000,-0.172299,-2.309924,0.000000,0.000000,0.000000,-0.016509,0.999864,0.000767,0.000000,0.000000,0.000000,0.000000,-0.000047,
1624923977.000000,389096076.000000,-0.172299,-2.309924,0.000000,0.000000,0.000000,-0.016512,0.999864,0.000000,0.000000,0.000000,0.000000,0.000000,-0.000130,
1624923977.000000,422096076.000000,-0.172325,-2.309923,0.000000,0.000000,0.000000,-0.016511,0.999864,-0.000767,0.000000,0.000000,0.000000,0.000000,0.000061,
1624923977.000000,455096076.000000,-0.172299,-2.309924,0.000000,0.000000,0.000000,-0.016513,0.999864,0.000767,0.000000,0.000000,0.000000,0.000000,-0.000126,
1624923977.000000,488096076.000000,-0.172325,-2.309923,0.000000,0.000000,0.000000,-0.016515,0.999864,-0.000767,0.000000,0.000000,0.000000,0.000000,-0.000159,
1624923977.000000,521096076.000000,-0.171616,-2.309947,0.000000,0.000000,0.000000,-0.017145,0.999853,0.021476,0.000000,0.000000,0.000000,0.000000,-0.038169,
1624923977.000000,554096076.000000,-0.169947,-2.310012,0.000000,0.000000,0.000000,-0.022050,0.999757,0.050621,0.000000,0.000000,0.000000,0.000000,-0.297308,
1624923977.000000,589096076.000000,-0.167798,-2.310120,0.000000,0.000000,0.000000,-0.027786,0.999614,0.061469,0.000000,0.000000,0.000000,0.000000,-0.327894,
1624923977.000000,622096076.000000,-0.165727,-2.310251,0.000000,0.000000,0.000000,-0.035426,0.999372,0.062893,0.000000,0.000000,0.000000,0.000000,-0.463233,
1624923977.000000,655096076.000000,-0.163582,-2.310420,0.000000,0.000000,0.000000,-0.043140,0.999069,0.065194,0.000000,0.000000,0.000000,0.000000,-0.467915,
1624923977.000000,688096076.000000,-0.161440,-2.310621,0.000000,0.000000,0.000000,-0.050568,0.998721,0.065194,0.000000,0.000000,0.000000,0.000000,-0.450698,
1624923977.000000,721096076.000000,-0.159352,-2.310846,0.000000,0.000000,0.000000,-0.056635,0.998395,0.063660,0.000000,0.000000,0.000000,0.000000,-0.368205,
1624923977.000000,754096076.000000,-0.157241,-2.311104,0.000000,0.000000,0.000000,-0.064896,0.997892,0.064427,0.000000,0.000000,0.000000,0.000000,-0.501615,
1624923977.000000,787096076.000000,-0.155110,-2.311398,0.000000,0.000000,0.000000,-0.072328,0.997381,0.065194,0.000000,0.000000,0.000000,0.000000,-0.451493,
1624923977.000000,820096076.000000,-0.153058,-2.311710,0.000000,0.000000,0.000000,-0.078284,0.996931,0.062893,0.000000,0.000000,0.000000,0.000000,-0.361984,
1624923977.000000,855096076.000000,-0.150836,-2.312080,0.000000,0.000000,0.000000,-0.086766,0.996229,0.064361,0.000000,0.000000,0.000000,0.000000,-0.486343,
1624923977.000000,888096076.000000,-0.148794,-2.312453,0.000000,0.000000,0.000000,-0.093487,0.995620,0.062893,0.000000,0.000000,0.000000,0.000000,-0.408989,
1624923977.000000,921096076.000000,-0.146733,-2.312859,0.000000,0.000000,0.000000,-0.100467,0.994940,0.063660,0.000000,0.000000,0.000000,0.000000,-0.425043,
1624923977.000000,954096076.000000,-0.144678,-2.313293,0.000000,0.000000,0.000000,-0.107438,0.994212,0.063660,0.000000,0.000000,0.000000,0.000000,-0.424797,
1624923977.000000,987096076.000000,-0.142629,-2.313756,0.000000,0.000000,0.000000,-0.114183,0.993460,0.063660,0.000000,0.000000,0.000000,0.000000,-0.411326,
1624923978.000000,20096076.000000,-0.140562,-2.314254,0.000000,0.000000,0.000000,-0.121828,0.992551,0.064427,0.000000,0.000000,0.000000,0.000000,-0.466592,
1624923978.000000,53096076.000000,-0.138503,-2.314784,0.000000,0.000000,0.000000,-0.129337,0.991601,0.064427,0.000000,0.000000,0.000000,0.000000,-0.458706,
1624923978.000000,86096076.000000,-0.136451,-2.315343,0.000000,0.000000,0.000000,-0.136038,0.990704,0.064427,0.000000,0.000000,0.000000,0.000000,-0.409722,
1624923978.000000,119096076.000000,-0.134506,-2.315904,0.000000,0.000000,0.000000,-0.143535,0.989645,0.061359,0.000000,0.000000,0.000000,0.000000,-0.458869,
1624923978.000000,152096076.000000,-0.132471,-2.316522,0.000000,0.000000,0.000000,-0.150461,0.988616,0.064427,0.000000,0.000000,0.000000,0.000000,-0.424392,
1624923978.000000,185096076.000000,-0.130422,-2.317176,0.000000,0.000000,0.000000,-0.157132,0.987578,0.065194,0.000000,0.000000,0.000000,0.000000,-0.409180,
1624923978.000000,218096076.000000,-0.128477,-2.317826,0.000000,0.000000,0.000000,-0.164163,0.986433,0.062126,0.000000,0.000000,0.000000,0.000000,-0.431689,
1624923978.000000,251096076.000000,-0.126519,-2.318513,0.000000,0.000000,0.000000,-0.171516,0.985181,0.062893,0.000000,0.000000,0.000000,0.000000,-0.452081,
1624923978.000000,284096076.000000,-0.124523,-2.319245,0.000000,0.000000,0.000000,-0.178104,0.984012,0.064427,0.000000,0.000000,0.000000,0.000000,-0.405499,
1624923978.000000,317096076.000000,-0.122561,-2.319995,0.000000,0.000000,0.000000,-0.185118,0.982716,0.063660,0.000000,0.000000,0.000000,0.000000,-0.432285,
1624923978.000000,353096076.000000,-0.120492,-2.320822,0.000000,0.000000,0.000000,-0.192979,0.981203,0.061871,0.000000,0.000000,0.000000,0.000000,-0.444753,
1624923978.000000,386096076.000000,-0.118507,-2.321651,0.000000,0.000000,0.000000,-0.200121,0.979771,0.065194,0.000000,0.000000,0.000000,0.000000,-0.441468,
1624923978.000000,419096076.000000,-0.116533,-2.322507,0.000000,0.000000,0.000000,-0.206175,0.978515,0.065194,0.000000,0.000000,0.000000,0.000000,-0.374696,
1624923978.000000,452096076.000000,-0.114641,-2.323360,0.000000,0.000000,0.000000,-0.214048,0.976823,0.062893,0.000000,0.000000,0.000000,0.000000,-0.488061,
1624923978.000000,502896024.000000,-0.112670,-2.324284,0.000000,0.000000,0.000000,-0.220874,0.975302,0.064021,0.000000,0.000000,0.000000,0.000000,-0.411353,
1624923978.000000,535896024.000000,-0.110736,-2.325225,0.000000,0.000000,0.000000,-0.227929,0.973678,0.065194,0.000000,0.000000,0.000000,0.000000,-0.438799,
1624923978.000000,568896024.000000,-0.108882,-2.326159,0.000000,0.000000,0.000000,-0.234717,0.972064,0.062893,0.000000,0.000000,0.000000,0.000000,-0.422871,
1624923978.000000,601896024.000000,-0.106975,-2.327155,0.000000,0.000000,0.000000,-0.241745,0.970340,0.065194,0.000000,0.000000,0.000000,0.000000,-0.438531,
1624923978.000000,634896024.000000,-0.105149,-2.328142,0.000000,0.000000,0.000000,-0.248819,0.968550,0.062893,0.000000,0.000000,0.000000,0.000000,-0.442274,
1624923978.000000,667896024.000000,-0.103338,-2.329155,0.000000,0.000000,0.000000,-0.255505,0.966808,0.062893,0.000000,0.000000,0.000000,0.000000,-0.418743,
1624923978.000000,702896024.000000,-0.101410,-2.330270,0.000000,0.000000,0.000000,-0.262815,0.964846,0.063638,0.000000,0.000000,0.000000,0.000000,-0.432457,
1624923978.000000,735896024.000000,-0.099629,-2.331336,0.000000,0.000000,0.000000,-0.270264,0.962786,0.062893,0.000000,0.000000,0.000000,0.000000,-0.468442,
1624923978.000000,768896024.000000,-0.097864,-2.332428,0.000000,0.000000,0.000000,-0.276425,0.961036,0.062893,0.000000,0.000000,0.000000,0.000000,-0.388153,
1624923978.000000,801896024.000000,-0.096071,-2.333570,0.000000,0.000000,0.000000,-0.283403,0.959001,0.064427,0.000000,0.000000,0.000000,0.000000,-0.440504,
1624923978.000000,834896024.000000,-0.094295,-2.334739,0.000000,0.000000,0.000000,-0.290440,0.956893,0.064427,0.000000,0.000000,0.000000,0.000000,-0.445221,
1624923978.000000,867896024.000000,-0.092557,-2.335919,0.000000,0.000000,0.000000,-0.297120,0.954840,0.063660,0.000000,0.000000,0.000000,0.000000,-0.423533,
1624923978.000000,900896024.000000,-0.090794,-2.337153,0.000000,0.000000,0.000000,-0.304087,0.952644,0.065194,0.000000,0.000000,0.000000,0.000000,-0.442736,
1624923978.000000,933896024.000000,-0.089091,-2.338382,0.000000,0.000000,0.000000,-0.311110,0.950374,0.063660,0.000000,0.000000,0.000000,0.000000,-0.447360,
1624923978.000000,966896024.000000,-0.087405,-2.339637,0.000000,0.000000,0.000000,-0.317800,0.948158,0.063660,0.000000,0.000000,0.000000,0.000000,-0.427058,
1624923978.000000,999896024.000000,-0.085678,-2.340961,0.000000,0.000000,0.000000,-0.324760,0.945796,0.065961,0.000000,0.000000,0.000000,0.000000,-0.445467,
1624923979.000000,32896024.000000,-0.084030,-2.342264,0.000000,0.000000,0.000000,-0.331797,0.943351,0.063660,0.000000,0.000000,0.000000,0.000000,-0.451500,
1624923979.000000,67896024.000000,-0.082304,-2.343671,0.000000,0.000000,0.000000,-0.338827,0.940849,0.063638,0.000000,0.000000,0.000000,0.000000,-0.426422,
1624923979.000000,100896024.000000,-0.080598,-2.345104,0.000000,0.000000,0.000000,-0.345770,0.938319,0.067495,0.000000,0.000000,0.000000,0.000000,-0.447815,
1624923979.000000,133896024.000000,-0.079010,-2.346479,0.000000,0.000000,0.000000,-0.352791,0.935702,0.063660,0.000000,0.000000,0.000000,0.000000,-0.454158,
1624923979.000000,166896024.000000,-0.077442,-2.347877,0.000000,0.000000,0.000000,-0.359422,0.933175,0.063660,0.000000,0.000000,0.000000,0.000000,-0.430042,
1624923979.000000,199896024.000000,-0.075820,-2.349366,0.000000,0.000000,0.000000,-0.366291,0.930500,0.066728,0.000000,0.000000,0.000000,0.000000,-0.446768,
1624923979.000000,232896024.000000,-0.074239,-2.350863,0.000000,0.000000,0.000000,-0.373782,0.927517,0.065961,0.000000,0.000000,0.000000,0.000000,-0.488664,
1624923979.000000,265896024.000000,-0.072753,-2.352312,0.000000,0.000000,0.000000,-0.379874,0.925038,0.062893,0.000000,0.000000,0.000000,0.000000,-0.398600,
1624923979.000000,298896024.000000,-0.071181,-2.353889,0.000000,0.000000,0.000000,-0.387203,0.921995,0.067495,0.000000,0.000000,0.000000,0.000000,-0.480970,
1624923979.000000,331896024.000000,-0.069703,-2.355418,0.000000,0.000000,0.000000,-0.393515,0.919318,0.064427,0.000000,0.000000,0.000000,0.000000,-0.415491,
1624923979.000000,364896024.000000,-0.068282,-2.356930,0.000000,0.000000,0.000000,-0.400443,0.916322,0.062893,0.000000,0.000000,0.000000,0.000000,-0.457475,
1624923979.000000,397896024.000000,-0.066832,-2.358520,0.000000,0.000000,0.000000,-0.407068,0.913398,0.065194,0.000000,0.000000,0.000000,0.000000,-0.438936,
1624923979.000000,430896024.000000,-0.065420,-2.360110,0.000000,0.000000,0.000000,-0.412821,0.910812,0.064427,0.000000,0.000000,0.000000,0.000000,-0.382250,
1624923979.000000,463896024.000000,-0.064081,-2.361662,0.000000,0.000000,0.000000,-0.420076,0.907489,0.062126,0.000000,0.000000,0.000000,0.000000,-0.483585,
1624923979.000000,498896024.000000,-0.062636,-2.363390,0.000000,0.000000,0.000000,-0.426457,0.904508,0.064361,0.000000,0.000000,0.000000,0.000000,-0.402464,
1624923979.000000,531896024.000000,-0.061311,-2.365020,0.000000,0.000000,0.000000,-0.433047,0.901372,0.063660,0.000000,0.000000,0.000000,0.000000,-0.442324,
1624923979.000000,564896024.000000,-0.060026,-2.366650,0.000000,0.000000,0.000000,-0.439628,0.898180,0.062893,0.000000,0.000000,0.000000,0.000000,-0.443278,
1624923979.000000,597896024.000000,-0.058734,-2.368338,0.000000,0.000000,0.000000,-0.446050,0.895008,0.064427,0.000000,0.000000,0.000000,0.000000,-0.434095,
1624923979.000000,630896024.000000,-0.057479,-2.370023,0.000000,0.000000,0.000000,-0.451650,0.892195,0.063660,0.000000,0.000000,0.000000,0.000000,-0.379851,
1624923979.000000,663896024.000000,-0.056248,-2.371726,0.000000,0.000000,0.000000,-0.458264,0.888816,0.063660,0.000000,0.000000,0.000000,0.000000,-0.450084,
1624923979.000000,696896024.000000,-0.055014,-2.373488,0.000000,0.000000,0.000000,-0.465064,0.885277,0.065194,0.000000,0.000000,0.000000,0.000000,-0.464598,
1624923979.000000,729896024.000000,-0.053847,-2.375204,0.000000,0.000000,0.000000,-0.470581,0.882357,0.062893,0.000000,0.000000,0.000000,0.000000,-0.378370,
1624923979.000000,763896024.000000,-0.052676,-2.376979,0.000000,0.000000,0.000000,-0.477384,0.878695,0.062532,0.000000,0.000000,0.000000,0.000000,-0.454454,
1624923979.000000,796896024.000000,-0.051533,-2.378771,0.000000,0.000000,0.000000,-0.484058,0.875036,0.064427,0.000000,0.000000,0.000000,0.000000,-0.461246,
1624923979.000000,829896024.000000,-0.050428,-2.380558,0.000000,0.000000,0.000000,-0.489511,0.871997,0.063660,0.000000,0.000000,0.000000,0.000000,-0.378370,
1624923979.000000,863896024.000000,-0.049348,-2.382360,0.000000,0.000000,0.000000,-0.496465,0.868057,0.061788,0.000000,0.000000,0.000000,0.000000,-0.470147,
1624923979.000000,895896024.000000,-0.048293,-2.384177,0.000000,0.000000,0.000000,-0.501628,0.865084,0.065650,0.000000,0.000000,0.000000,0.000000,-0.372373,
1624923979.000000,928896024.000000,-0.047264,-2.386008,0.000000,0.000000,0.000000,-0.508372,0.861137,0.063660,0.000000,0.000000,0.000000,0.000000,-0.473586,
1624923979.000000,962896024.000000,-0.046275,-2.387833,0.000000,0.000000,0.000000,-0.514846,0.857283,0.061043,0.000000,0.000000,0.000000,0.000000,-0.443192,
1624923979.000000,994896024.000000,-0.045287,-2.389716,0.000000,0.000000,0.000000,-0.519944,0.854200,0.066441,0.000000,0.000000,0.000000,0.000000,-0.372358,
1624923980.000000,29896024.000000,-0.044281,-2.391702,0.000000,0.000000,0.000000,-0.526930,0.849909,0.063638,0.000000,0.000000,0.000000,0.000000,-0.468493,
1624923980.000000,62896024.000000,-0.043349,-2.393613,0.000000,0.000000,0.000000,-0.532956,0.846143,0.064427,0.000000,0.000000,0.000000,0.000000,-0.430700,
1624923980.000000,95896024.000000,-0.042456,-2.395515,0.000000,0.000000,0.000000,-0.539356,0.842078,0.063660,0.000000,0.000000,0.000000,0.000000,-0.459490,
1624923980.000000,128896024.000000,-0.041581,-2.397453,0.000000,0.000000,0.000000,-0.545543,0.838083,0.064427,0.000000,0.000000,0.000000,0.000000,-0.446320,
1624923980.000000,161896024.000000,-0.040743,-2.399379,0.000000,0.000000,0.000000,-0.551027,0.834488,0.063660,0.000000,0.000000,0.000000,0.000000,-0.397429,
1624923980.000000,194896024.000000,-0.039933,-2.401317,0.000000,0.000000,0.000000,-0.557301,0.830310,0.063660,0.000000,0.000000,0.000000,0.000000,-0.456839,
1624923980.000000,227896024.000000,-0.039151,-2.403267,0.000000,0.000000,0.000000,-0.563395,0.826187,0.063660,0.000000,0.000000,0.000000,0.000000,-0.445922,
1624923980.000000,261896024.000000,-0.038389,-2.405252,0.000000,0.000000,0.000000,-0.569330,0.822109,0.062532,0.000000,0.000000,0.000000,0.000000,-0.423572,
1624923980.000000,294896024.000000,-0.037673,-2.407200,0.000000,0.000000,0.000000,-0.575048,0.818120,0.062893,0.000000,0.000000,0.000000,0.000000,-0.422557,
1624923980.000000,326896024.000000,-0.036957,-2.409229,0.000000,0.000000,0.000000,-0.580045,0.814585,0.067232,0.000000,0.000000,0.000000,0.000000,-0.382558,
1624923980.000000,360896024.000000,-0.036302,-2.411172,0.000000,0.000000,0.000000,-0.586679,0.809820,0.060299,0.000000,0.000000,0.000000,0.000000,-0.480448,
1624923980.000000,393896024.000000,-0.035669,-2.413148,0.000000,0.000000,0.000000,-0.592362,0.805672,0.062893,0.000000,0.000000,0.000000,0.000000,-0.426437,
1624923980.000000,426896024.000000,-0.035049,-2.415182,0.000000,0.000000,0.000000,-0.597758,0.801676,0.064427,0.000000,0.000000,0.000000,0.000000,-0.406930,
1624923980.000000,459896024.000000,-0.034465,-2.417200,0.000000,0.000000,0.000000,-0.603946,0.797025,0.063660,0.000000,0.000000,0.000000,0.000000,-0.469186,
1624923980.000000,492896024.000000,-0.033917,-2.419202,0.000000,0.000000,0.000000,-0.609478,0.792803,0.062893,0.000000,0.000000,0.000000,0.000000,-0.421770,
1624923980.000000,525896024.000000,-0.033371,-2.421309,0.000000,0.000000,0.000000,-0.614349,0.789035,0.065961,0.000000,0.000000,0.000000,0.000000,-0.373190,
1624923980.000000,558896024.000000,-0.032849,-2.423448,0.000000,0.000000,0.000000,-0.621210,0.783644,0.066728,0.000000,0.000000,0.000000,0.000000,-0.528812,
1624923980.000000,591896024.000000,-0.032379,-2.425522,0.000000,0.000000,0.000000,-0.626885,0.779112,0.064427,0.000000,0.000000,0.000000,0.000000,-0.440215,
1624923980.000000,624896024.000000,-0.031929,-2.427652,0.000000,0.000000,0.000000,-0.632663,0.774428,0.065961,0.000000,0.000000,0.000000,0.000000,-0.450748,
1624923980.000000,657896024.000000,-0.031520,-2.429738,0.000000,0.000000,0.000000,-0.638297,0.769790,0.064427,0.000000,0.000000,0.000000,0.000000,-0.442274,
1624923980.000000,690896024.000000,-0.031139,-2.431830,0.000000,0.000000,0.000000,-0.642877,0.765969,0.064427,0.000000,0.000000,0.000000,0.000000,-0.361486,
1624923980.000000,723896024.000000,-0.030780,-2.433977,0.000000,0.000000,0.000000,-0.649354,0.760486,0.065961,0.000000,0.000000,0.000000,0.000000,-0.514312,
1624923980.000000,756896024.000000,-0.030462,-2.436079,0.000000,0.000000,0.000000,-0.654963,0.755661,0.064427,0.000000,0.000000,0.000000,0.000000,-0.448422,
1624923980.000000,789896024.000000,-0.030175,-2.438185,0.000000,0.000000,0.000000,-0.660309,0.750994,0.064427,0.000000,0.000000,0.000000,0.000000,-0.430100,
1624923980.000000,822896024.000000,-0.029913,-2.440346,0.000000,0.000000,0.000000,-0.665878,0.746061,0.065961,0.000000,0.000000,0.000000,0.000000,-0.450871,
1624923980.000000,855896024.000000,-0.029688,-2.442460,0.000000,0.000000,0.000000,-0.671402,0.741093,0.064427,0.000000,0.000000,0.000000,0.000000,-0.450272,
1624923980.000000,888896024.000000,-0.029493,-2.444577,0.000000,0.000000,0.000000,-0.676660,0.736296,0.064427,0.000000,0.000000,0.000000,0.000000,-0.431379,
1624923980.000000,921896024.000000,-0.029324,-2.446773,0.000000,0.000000,0.000000,-0.682088,0.731270,0.066728,0.000000,0.000000,0.000000,0.000000,-0.448306,
1624923980.000000,955896024.000000,-0.029188,-2.448946,0.000000,0.000000,0.000000,-0.687268,0.726404,0.064021,0.000000,0.000000,0.000000,0.000000,-0.418074,
1624923980.000000,973870979.000000,-0.029086,-2.451069,0.000000,0.000000,0.000000,-0.692373,0.721540,0.064427,0.000000,0.000000,0.000000,0.000000,-0.427354,
1624923981.000000,6870979.000000,-0.029012,-2.453245,0.000000,0.000000,0.000000,-0.697645,0.716443,0.065961,0.000000,0.000000,0.000000,0.000000,-0.444441,
1624923981.000000,39870979.000000,-0.028971,-2.455370,0.000000,0.000000,0.000000,-0.702833,0.711355,0.064427,0.000000,0.000000,0.000000,0.000000,-0.440395,
1624923981.000000,72870979.000000,-0.028960,-2.457421,0.000000,0.000000,0.000000,-0.707691,0.706522,0.062126,0.000000,0.000000,0.000000,0.000000,-0.415318,
1624923981.000000,105870979.000000,-0.028979,-2.459547,0.000000,0.000000,0.000000,-0.712761,0.701407,0.064427,0.000000,0.000000,0.000000,0.000000,-0.436479,
1624923981.000000,138870979.000000,-0.029028,-2.461647,0.000000,0.000000,0.000000,-0.717839,0.696209,0.063660,0.000000,0.000000,0.000000,0.000000,-0.440410,
1624923981.000000,171870979.000000,-0.028950,-2.459573,0.000000,0.000000,0.000000,0.722584,-0.691284,0.062893,0.000000,0.000000,0.000000,0.000000,189.985092,
1624923981.000000,204870979.000000,-0.029061,-2.461721,0.000000,0.000000,0.000000,0.727502,-0.686106,0.065194,0.000000,0.000000,0.000000,0.000000,-0.432802,
1624923981.000000,237870979.000000,-0.029197,-2.463792,0.000000,0.000000,0.000000,0.732463,-0.680807,0.062893,0.000000,0.000000,0.000000,0.000000,-0.439955,
1624923981.000000,270870979.000000,-0.029363,-2.465861,0.000000,0.000000,0.000000,0.737098,-0.675786,0.062893,0.000000,0.000000,0.000000,0.000000,-0.414082,
1624923981.000000,303870979.000000,-0.029562,-2.467978,0.000000,0.000000,0.000000,0.741820,-0.670599,0.064427,0.000000,0.000000,0.000000,0.000000,-0.425158,
1624923981.000000,336870979.000000,-0.029786,-2.470041,0.000000,0.000000,0.000000,0.746695,-0.665167,0.062893,0.000000,0.000000,0.000000,0.000000,-0.442346,
1624923981.000000,369870979.000000,-0.030039,-2.472101,0.000000,0.000000,0.000000,0.751256,-0.660011,0.062893,0.000000,0.000000,0.000000,0.000000,-0.417233,
1624923981.000000,402870979.000000,-0.030332,-2.474232,0.000000,0.000000,0.000000,0.756268,-0.654262,0.065194,0.000000,0.000000,0.000000,0.000000,-0.462221,
1624923981.000000,435870979.000000,-0.030650,-2.476309,0.000000,0.000000,0.000000,0.760997,-0.648756,0.063660,0.000000,0.000000,0.000000,0.000000,-0.439868,
1624923981.000000,468870979.000000,-0.030991,-2.478356,0.000000,0.000000,0.000000,0.765090,-0.643924,0.062893,0.000000,0.000000,0.000000,0.000000,-0.383818,
1624923981.000000,501870979.000000,-0.031359,-2.480399,0.000000,0.000000,0.000000,0.769563,-0.638571,0.062893,0.000000,0.000000,0.000000,0.000000,-0.422752,
1624923981.000000,534870979.000000,-0.031767,-2.482485,0.000000,0.000000,0.000000,0.774241,-0.632891,0.064427,0.000000,0.000000,0.000000,0.000000,-0.446009,
1624923981.000000,567870979.000000,-0.032199,-2.484541,0.000000,0.000000,0.000000,0.778651,-0.627457,0.063660,0.000000,0.000000,0.000000,0.000000,-0.424082,
1624923981.000000,600870979.000000,-0.032666,-2.486615,0.000000,0.000000,0.000000,0.783045,-0.621966,0.064427,0.000000,0.000000,0.000000,0.000000,-0.426249,
1624923981.000000,633870979.000000,-0.033162,-2.488683,0.000000,0.000000,0.000000,0.787587,-0.616203,0.064427,0.000000,0.000000,0.000000,0.000000,-0.444716,
1624923981.000000,666870979.000000,-0.033688,-2.490743,0.000000,0.000000,0.000000,0.791946,-0.610591,0.064427,0.000000,0.000000,0.000000,0.000000,-0.430642,
1624923981.000000,699870979.000000,-0.034244,-2.492795,0.000000,0.000000,0.000000,0.796212,-0.605018,0.064427,0.000000,0.000000,0.000000,0.000000,-0.425368,
1624923981.000000,732870979.000000,-0.034821,-2.494815,0.000000,0.000000,0.000000,0.800623,-0.599168,0.063660,0.000000,0.000000,0.000000,0.000000,-0.444080,
1624923981.000000,765870979.000000,-0.035428,-2.496826,0.000000,0.000000,0.000000,0.804794,-0.593554,0.063660,0.000000,0.000000,0.000000,0.000000,-0.423829,
1624923981.000000,799870979.000000,-0.036084,-2.498901,0.000000,0.000000,0.000000,0.808707,-0.588211,0.064021,0.000000,0.000000,0.000000,0.000000,-0.389576,
1624923981.000000,832870979.000000,-0.036748,-2.500895,0.000000,0.000000,0.000000,0.813653,-0.581351,0.063660,0.000000,0.000000,0.000000,0.000000,-0.512600,
1624923981.000000,865870979.000000,-0.037443,-2.502877,0.000000,0.000000,0.000000,0.817719,-0.575618,0.063660,0.000000,0.000000,0.000000,0.000000,-0.425953,
1624923981.000000,901870979.000000,-0.038210,-2.504968,0.000000,0.000000,0.000000,0.822008,-0.569476,0.061871,0.000000,0.000000,0.000000,0.000000,-0.416173,
1624923981.000000,934870979.000000,-0.038971,-2.506954,0.000000,0.000000,0.000000,0.825814,-0.563942,0.064427,0.000000,0.000000,0.000000,0.000000,-0.407031,
1624923981.000000,967870979.000000,-0.039730,-2.508858,0.000000,0.000000,0.000000,0.829776,-0.558096,0.062126,0.000000,0.000000,0.000000,0.000000,-0.428005,
1624923982.000000,870979.000000,-0.040537,-2.510798,0.000000,0.000000,0.000000,0.833871,-0.551959,0.063660,0.000000,0.000000,0.000000,0.000000,-0.447165,
1624923982.000000,33870979.000000,-0.041369,-2.512727,0.000000,0.000000,0.000000,0.837303,-0.546739,0.063660,0.000000,0.000000,0.000000,0.000000,-0.378573,
1624923982.000000,66870979.000000,-0.042241,-2.514666,0.000000,0.000000,0.000000,0.841790,-0.539805,0.064427,0.000000,0.000000,0.000000,0.000000,-0.500585,
1624923982.000000,99870979.000000,-0.043119,-2.516547,0.000000,0.000000,0.000000,0.845232,-0.534400,0.062893,0.000000,0.000000,0.000000,0.000000,-0.388333,
1624923982.000000,132870979.000000,-0.044044,-2.518461,0.000000,0.000000,0.000000,0.849139,-0.528170,0.064427,0.000000,0.000000,0.000000,0.000000,-0.445684,
1624923982.000000,165870979.000000,-0.045010,-2.520383,0.000000,0.000000,0.000000,0.853231,-0.521534,0.065194,0.000000,0.000000,0.000000,0.000000,-0.472524,
1624923982.000000,198870979.000000,-0.045982,-2.522246,0.000000,0.000000,0.000000,0.856871,-0.515532,0.063660,0.000000,0.000000,0.000000,0.000000,-0.425433,
1624923982.000000,231870979.000000,-0.047002,-2.524140,0.000000,0.000000,0.000000,0.860397,-0.509625,0.065194,0.000000,0.000000,0.000000,0.000000,-0.416936,
1624923982.000000,264870979.000000,-0.048063,-2.526041,0.000000,0.000000,0.000000,0.864141,-0.503251,0.065961,0.000000,0.000000,0.000000,0.000000,-0.448025,
1624923982.000000,297870979.000000,-0.049113,-2.527860,0.000000,0.000000,0.000000,0.867942,-0.496666,0.063660,0.000000,0.000000,0.000000,0.000000,-0.460784,
1624923982.000000,331870979.000000,-0.050282,-2.529815,0.000000,0.000000,0.000000,0.871778,-0.489901,0.066999,0.000000,0.000000,0.000000,0.000000,-0.457462,
1624923982.000000,367870979.000000,-0.051482,-2.531751,0.000000,0.000000,0.000000,0.875589,-0.483057,0.063277,0.000000,0.000000,0.000000,0.000000,-0.435213,
1624923982.000000,400870979.000000,-0.052613,-2.533522,0.000000,0.000000,0.000000,0.878483,-0.477774,0.063660,0.000000,0.000000,0.000000,0.000000,-0.365062,
1624923982.000000,433870979.000000,-0.053826,-2.535360,0.000000,0.000000,0.000000,0.882571,-0.470179,0.066728,0.000000,0.000000,0.000000,0.000000,-0.522765,
1624923982.000000,466870979.000000,-0.055025,-2.537115,0.000000,0.000000,0.000000,0.885972,-0.463739,0.064427,0.000000,0.000000,0.000000,0.000000,-0.441378,
1624923982.000000,499870979.000000,-0.056262,-2.538875,0.000000,0.000000,0.000000,0.888985,-0.457937,0.065194,0.000000,0.000000,0.000000,0.000000,-0.396244,
1624923982.000000,532870979.000000,-0.057526,-2.540617,0.000000,0.000000,0.000000,0.892637,-0.450777,0.065194,0.000000,0.000000,0.000000,0.000000,-0.487118,
1624923982.000000,565870979.000000,-0.058798,-2.542320,0.000000,0.000000,0.000000,0.895404,-0.445255,0.064427,0.000000,0.000000,0.000000,0.000000,-0.374288,
1624923982.000000,598870979.000000,-0.060078,-2.543986,0.000000,0.000000,0.000000,0.898732,-0.438499,0.063660,0.000000,0.000000,0.000000,0.000000,-0.456485,
1624923982.000000,631870979.000000,-0.061432,-2.545691,0.000000,0.000000,0.000000,0.902215,-0.431286,0.065961,0.000000,0.000000,0.000000,0.000000,-0.485471,
1624923982.000000,664870979.000000,-0.062747,-2.547296,0.000000,0.000000,0.000000,0.905277,-0.424822,0.062893,0.000000,0.000000,0.000000,0.000000,-0.433467,
1624923982.000000,698870979.000000,-0.064166,-2.548980,0.000000,0.000000,0.000000,0.908299,-0.418322,0.064766,0.000000,0.000000,0.000000,0.000000,-0.421650,
1624923982.000000,731870979.000000,-0.065559,-2.550586,0.000000,0.000000,0.000000,0.911097,-0.412191,0.064427,0.000000,0.000000,0.000000,0.000000,-0.408447,
1624923982.000000,764870979.000000,-0.066957,-2.552154,0.000000,0.000000,0.000000,0.914017,-0.405675,0.063660,0.000000,0.000000,0.000000,0.000000,-0.432780,
1624923982.000000,797870979.000000,-0.068344,-2.553664,0.000000,0.000000,0.000000,0.916984,-0.398924,0.062126,0.000000,0.000000,0.000000,0.000000,-0.446861,
1624923982.000000,832870979.000000,-0.069891,-2.555301,0.000000,0.000000,0.000000,0.919771,-0.392457,0.064361,0.000000,0.000000,0.000000,0.000000,-0.402444,
1624923982.000000,865870979.000000,-0.071356,-2.556807,0.000000,0.000000,0.000000,0.922767,-0.385357,0.063660,0.000000,0.000000,0.000000,0.000000,-0.467026,
1624923982.000000,898870979.000000,-0.072824,-2.558274,0.000000,0.000000,0.000000,0.924984,-0.380006,0.062893,0.000000,0.000000,0.000000,0.000000,-0.351053,
1624923982.000000,931870979.000000,-0.074366,-2.559774,0.000000,0.000000,0.000000,0.928105,-0.372318,0.065194,0.000000,0.000000,0.000000,0.000000,-0.502846,
1624923982.000000,964870979.000000,-0.075877,-2.561197,0.000000,0.000000,0.000000,0.930760,-0.365632,0.062893,0.000000,0.000000,0.000000,0.000000,-0.436017,
1624923982.000000,997870979.000000,-0.077387,-2.562583,0.000000,0.000000,0.000000,0.933042,-0.359768,0.062126,0.000000,0.000000,0.000000,0.000000,-0.381354,
1624923983.000000,30870979.000000,-0.079011,-2.564033,0.000000,0.000000,0.000000,0.935593,-0.353080,0.065961,0.000000,0.000000,0.000000,0.000000,-0.433799,
1624923983.000000,63870979.000000,-0.080580,-2.565392,0.000000,0.000000,0.000000,0.938321,-0.345765,0.062893,0.000000,0.000000,0.000000,0.000000,-0.473203,
1624923983.000000,96870979.000000,-0.082148,-2.566712,0.000000,0.000000,0.000000,0.940488,-0.339827,0.062126,0.000000,0.000000,0.000000,0.000000,-0.383074,
1624923983.000000,129870979.000000,-0.083832,-2.568092,0.000000,0.000000,0.000000,0.942914,-0.333036,0.065961,0.000000,0.000000,0.000000,0.000000,-0.437014,
1624923983.000000,162870979.000000,-0.085457,-2.569382,0.000000,0.000000,0.000000,0.945501,-0.325619,0.062893,0.000000,0.000000,0.000000,0.000000,-0.476100,
1624923983.000000,195870979.000000,-0.087101,-2.570650,0.000000,0.000000,0.000000,0.947547,-0.319617,0.062893,0.000000,0.000000,0.000000,0.000000,-0.384309,
1624923983.000000,228870979.000000,-0.088823,-2.571940,0.000000,0.000000,0.000000,0.949985,-0.312297,0.065194,0.000000,0.000000,0.000000,0.000000,-0.467604,
1624923983.000000,261870979.000000,-0.090542,-2.573190,0.000000,0.000000,0.000000,0.952090,-0.305819,0.064427,0.000000,0.000000,0.000000,0.000000,-0.412789,
1624923983.000000,294870979.000000,-0.092259,-2.574401,0.000000,0.000000,0.000000,0.954169,-0.299269,0.063660,0.000000,0.000000,0.000000,0.000000,-0.416510,
1624923983.000000,327870979.000000,-0.094013,-2.575602,0.000000,0.000000,0.000000,0.956471,-0.291829,0.064427,0.000000,0.000000,0.000000,0.000000,-0.472004,
1624923983.000000,360870979.000000,-0.095785,-2.576777,0.000000,0.000000,0.000000,0.958433,-0.285319,0.064427,0.000000,0.000000,0.000000,0.000000,-0.412096,
1624923983.000000,393870979.000000,-0.097553,-2.577913,0.000000,0.000000,0.000000,0.960524,-0.278198,0.063660,0.000000,0.000000,0.000000,0.000000,-0.449744,
1624923983.000000,426870979.000000,-0.099356,-2.579038,0.000000,0.000000,0.000000,0.962208,-0.272316,0.064427,0.000000,0.000000,0.000000,0.000000,-0.370806,
1624923983.000000,459870979.000000,-0.101133,-2.580112,0.000000,0.000000,0.000000,0.964332,-0.264694,0.062893,0.000000,0.000000,0.000000,0.000000,-0.479583,
1624923983.000000,500945117.000000,-0.102946,-2.581172,0.000000,0.000000,0.000000,0.966138,-0.258027,0.063660,0.000000,0.000000,0.000000,0.000000,-0.418605,
1624923983.000000,533945117.000000,-0.104819,-2.582231,0.000000,0.000000,0.000000,0.967949,-0.251147,0.065194,0.000000,0.000000,0.000000,0.000000,-0.431198,
1624923983.000000,566945117.000000,-0.106618,-2.583215,0.000000,0.000000,0.000000,0.969761,-0.244055,0.062126,0.000000,0.000000,0.000000,0.000000,-0.443610,
1624923983.000000,600945117.000000,-0.108453,-2.584183,0.000000,0.000000,0.000000,0.971566,-0.236768,0.061043,0.000000,0.000000,0.000000,0.000000,-0.441607,
1624923983.000000,633945117.000000,-0.110347,-2.585149,0.000000,0.000000,0.000000,0.973111,-0.230338,0.064427,0.000000,0.000000,0.000000,0.000000,-0.400774,
1624923983.000000,666945117.000000,-0.112278,-2.586099,0.000000,0.000000,0.000000,0.974795,-0.223103,0.065194,0.000000,0.000000,0.000000,0.000000,-0.450221,
1624923983.000000,699945117.000000,-0.114131,-2.586977,0.000000,0.000000,0.000000,0.976461,-0.215692,0.062126,0.000000,0.000000,0.000000,0.000000,-0.460350,
1624923983.000000,732945117.000000,-0.116088,-2.587869,0.000000,0.000000,0.000000,0.977985,-0.208676,0.065194,0.000000,0.000000,0.000000,0.000000,-0.435150,
1624923983.000000,765945117.000000,-0.118081,-2.588744,0.000000,0.000000,0.000000,0.979397,-0.201945,0.065961,0.000000,0.000000,0.000000,0.000000,-0.416813,
1624923983.000000,798945117.000000,-0.119970,-2.589541,0.000000,0.000000,0.000000,0.980806,-0.194986,0.062126,0.000000,0.000000,0.000000,0.000000,-0.430295,
1624923983.000000,831945117.000000,-0.121940,-2.590340,0.000000,0.000000,0.000000,0.982180,-0.187944,0.064427,0.000000,0.000000,0.000000,0.000000,-0.434850,
1624923983.000000,864945117.000000,-0.123969,-2.591129,0.000000,0.000000,0.000000,0.983562,-0.180573,0.065961,0.000000,0.000000,0.000000,0.000000,-0.454520,
1624923983.000000,897945117.000000,-0.125962,-2.591870,0.000000,0.000000,0.000000,0.984832,-0.173511,0.064427,0.000000,0.000000,0.000000,0.000000,-0.434854,
1624923983.000000,930945117.000000,-0.127965,-2.592582,0.000000,0.000000,0.000000,0.986058,-0.166402,0.064427,0.000000,0.000000,0.000000,0.000000,-0.437209,
1624923983.000000,963945117.000000,-0.130003,-2.593273,0.000000,0.000000,0.000000,0.987281,-0.158986,0.065194,0.000000,0.000000,0.000000,0.000000,-0.455531,
1624923983.000000,996945117.000000,-0.132050,-2.593933,0.000000,0.000000,0.000000,0.988406,-0.151834,0.065194,0.000000,0.000000,0.000000,0.000000,-0.438809,
1624923984.000000,29945117.000000,-0.134083,-2.594556,0.000000,0.000000,0.000000,0.989550,-0.144191,0.064427,0.000000,0.000000,0.000000,0.000000,-0.468352,
1624923984.000000,62945117.000000,-0.136149,-2.595155,0.000000,0.000000,0.000000,0.990529,-0.137302,0.065194,0.000000,0.000000,0.000000,0.000000,-0.421705,
1624923984.000000,96945117.000000,-0.138249,-2.595731,0.000000,0.000000,0.000000,0.991608,-0.129277,0.064021,0.000000,0.000000,0.000000,0.000000,-0.476294,
1624923984.000000,129945117.000000,-0.140381,-2.596281,0.000000,0.000000,0.000000,0.992458,-0.122587,0.066728,0.000000,0.000000,0.000000,0.000000,-0.408754,
1624923984.000000,163945117.000000,-0.142472,-2.596789,0.000000,0.000000,0.000000,0.993347,-0.115156,0.063277,0.000000,0.000000,0.000000,0.000000,-0.440198,
1624923984.000000,196945117.000000,-0.144545,-2.597259,0.000000,0.000000,0.000000,0.994204,-0.107510,0.064427,0.000000,0.000000,0.000000,0.000000,-0.466325,
1624923984.000000,228945117.000000,-0.146600,-2.597696,0.000000,0.000000,0.000000,0.994836,-0.101496,0.065650,0.000000,0.000000,0.000000,0.000000,-0.377968,
1624923984.000000,262945117.000000,-0.148735,-2.598117,0.000000,0.000000,0.000000,0.995669,-0.092964,0.064021,0.000000,0.000000,0.000000,0.000000,-0.504252,
1624923984.000000,295945117.000000,-0.150778,-2.598487,0.000000,0.000000,0.000000,0.996298,-0.085964,0.062893,0.000000,0.000000,0.000000,0.000000,-0.425917,
1624923984.000000,328945117.000000,-0.152850,-2.598832,0.000000,0.000000,0.000000,0.996875,-0.078999,0.063660,0.000000,0.000000,0.000000,0.000000,-0.423601,
1624923984.000000,361945117.000000,-0.154952,-2.599153,0.000000,0.000000,0.000000,0.997385,-0.072278,0.064427,0.000000,0.000000,0.000000,0.000000,-0.408519,
1624923984.000000,394945117.000000,-0.157007,-2.599439,0.000000,0.000000,0.000000,0.997842,-0.065662,0.062893,0.000000,0.000000,0.000000,0.000000,-0.401876,
1624923984.000000,428945117.000000,-0.159167,-2.599708,0.000000,0.000000,0.000000,0.998291,-0.058439,0.064021,0.000000,0.000000,0.000000,0.000000,-0.425735,
1624923984.000000,461945117.000000,-0.161306,-2.599941,0.000000,0.000000,0.000000,0.998745,-0.050090,0.065194,0.000000,0.000000,0.000000,0.000000,-0.506737,
1624923984.000000,494945117.000000,-0.163372,-2.600136,0.000000,0.000000,0.000000,0.999052,-0.043523,0.062893,0.000000,0.000000,0.000000,0.000000,-0.398466,
1624923984.000000,527945117.000000,-0.165466,-2.600304,0.000000,0.000000,0.000000,0.999330,-0.036594,0.063660,0.000000,0.000000,0.000000,0.000000,-0.420256,
1624923984.000000,560945117.000000,-0.167613,-2.600446,0.000000,0.000000,0.000000,0.999569,-0.029340,0.065194,0.000000,0.000000,0.000000,0.000000,-0.439922,
1624923984.000000,593945117.000000,-0.169711,-2.600553,0.000000,0.000000,0.000000,0.999766,-0.021653,0.063660,0.000000,0.000000,0.000000,0.000000,-0.466011,
1624923984.000000,626945117.000000,-0.171735,-2.600628,0.000000,0.000000,0.000000,0.999875,-0.015833,0.061359,0.000000,0.000000,0.000000,0.000000,-0.352805,
1624923984.000000,659945117.000000,-0.173885,-2.600679,0.000000,0.000000,0.000000,0.999972,-0.007532,0.065194,0.000000,0.000000,0.000000,0.000000,-0.503121,
1624923984.000000,692945117.000000,-0.175986,-2.600695,0.000000,0.000000,0.000000,1.000000,-0.000287,0.063660,0.000000,0.000000,0.000000,0.000000,-0.439080,
1624923984.000000,725945117.000000,-0.178087,-2.600684,0.000000,0.000000,0.000000,0.999985,0.005530,0.063660,0.000000,0.000000,0.000000,0.000000,-0.352542,
1624923984.000000,758945117.000000,-0.180187,-2.600645,0.000000,0.000000,0.000000,0.999912,0.013281,0.063660,0.000000,0.000000,0.000000,0.000000,-0.469789,
1624923984.000000,791945117.000000,-0.182287,-2.600572,0.000000,0.000000,0.000000,0.999777,0.021101,0.063660,0.000000,0.000000,0.000000,0.000000,-0.474001,
1624923984.000000,825945117.000000,-0.184410,-2.600469,0.000000,0.000000,0.000000,0.999617,0.027659,0.062532,0.000000,0.000000,0.000000,0.000000,-0.385895,
1624923984.000000,858945117.000000,-0.186532,-2.600336,0.000000,0.000000,0.000000,0.999391,0.034904,0.064427,0.000000,0.000000,0.000000,0.000000,-0.439275,
1624923984.000000,891945117.000000,-0.188652,-2.600171,0.000000,0.000000,0.000000,0.999084,0.042783,0.064427,0.000000,0.000000,0.000000,0.000000,-0.477870,
