1624924026.090968,0.000000,0.565667,-0.498167,0.196625,
1624924026.095140,0.000000,0.565658,-0.498173,0.196638,
1624924026.099357,0.000000,0.565658,-0.498166,0.196620,
1624924026.103471,0.000000,0.565656,-0.498162,0.196611,
1624924026.107639,0.000000,0.565646,-0.498158,0.196612,
1624924026.111804,0.000000,0.565639,-0.498161,0.196612,
1624924026.115974,0.000000,0.565647,-0.498151,0.196604,
1624924026.120139,0.000000,0.565645,-0.498163,0.196618,
1624924026.124382,0.000000,0.565644,-0.498164,0.196610,
1624924026.128470,0.000000,0.565647,-0.498157,0.196599,
1624924026.132639,0.000000,0.565653,-0.498169,0.196623,
1624924026.136805,0.000000,0.565664,-0.498167,0.196629,
1624924026.140973,0.000000,0.565670,-0.498178,0.196637,
1624924026.145137,0.000000,0.565653,-0.498169,0.196622,
1624924026.149304,0.000000,0.565651,-0.498154,0.196603,
1624924026.153469,0.000000,0.565649,-0.498172,0.196609,
1624924026.157636,0.000000,0.565640,-0.498143,0.196586,
1624924026.161803,0.000000,0.565647,-0.498157,0.196609,
1624924026.165968,0.000000,0.565656,-0.498158,0.196603,
1624924026.170133,0.000000,0.565658,-0.498178,0.196624,
1624924026.174300,0.000000,0.565662,-0.498174,0.196622,
1624924026.178468,0.000000,0.565649,-0.498163,0.196609,
1624924026.182637,0.000000,0.565654,-0.498154,0.196613,
1624924026.186810,0.000000,0.565642,-0.498155,0.196615,
1624924026.190976,0.000000,0.565647,-0.498160,0.196617,
1624924026.195134,0.000000,0.565672,-0.498174,0.196632,
1624924026.199336,0.000000,0.565661,-0.498167,0.196616,
1624924026.203467,0.000000,0.565639,-0.498156,0.196597,
1624924026.207647,0.000000,0.565649,-0.498155,0.196600,
1624924026.211803,0.000000,0.565652,-0.498155,0.196596,
1624924026.215973,0.000000,0.565659,-0.498165,0.196621,
1624924026.220139,0.000000,0.565657,-0.498157,0.196612,
1624924026.224307,0.000000,0.565659,-0.498157,0.196629,
1624924026.228475,0.000000,0.565655,-0.498156,0.196623,
1624924026.232646,0.000000,0.565658,-0.498162,0.196615,
1624924026.236811,0.000000,0.565646,-0.498162,0.196613,
1624924026.240980,0.000000,0.565652,-0.498155,0.196606,
1624924026.245138,0.000000,0.565648,-0.498150,0.196609,
1624924026.249306,0.000000,0.565660,-0.498158,0.196619,
1624924026.253564,0.000000,0.565660,-0.498148,0.196598,
1624924026.257631,0.000000,0.565650,-0.498161,0.196596,
1624924026.261802,0.000000,0.565654,-0.498194,0.196620,
1624924026.265970,0.000000,0.565654,-0.498161,0.196609,
1624924036.816009,0.000000,0.565666,-0.498174,0.196627,
1624924036.820173,0.000000,0.565658,-0.498165,0.196622,
1624924036.824337,0.000000,0.565654,-0.498162,0.196618,
1624924036.828497,0.000000,0.565658,-0.498170,0.196627,
1624924036.832682,0.000000,0.565652,-0.498161,0.196611,
1624924036.836842,0.000000,0.565671,-0.498162,0.196626,
1624924036.841005,0.000000,0.565652,-0.498154,0.196605,
1624924036.845192,0.000000,0.565650,-0.498157,0.196611,
1624924036.849388,0.000000,0.565643,-0.498155,0.196606,
1624924036.853499,0.000000,0.565650,-0.498161,0.196617,
1624924036.857669,0.000000,0.565658,-0.498160,0.196612,
1624924036.920209,0.000000,0.566912,-0.498464,0.196604,
1624924036.924367,0.000000,0.567319,-0.498523,0.196578,
1624924036.928524,0.000000,0.567757,-0.498568,0.196519,
1624924036.932716,0.000000,0.568242,-0.498602,0.196450,
1624924036.936867,0.000000,0.568796,-0.498674,0.196430,
1624924036.941051,0.000000,0.569343,-0.498718,0.196383,
1624924036.945214,0.000000,0.569914,-0.498745,0.196325,
1624924036.949385,0.000000,0.570484,-0.498792,0.196296,
1624924036.953542,0.000000,0.571057,-0.498823,0.196254,
1624924036.957690,0.000000,0.571614,-0.498866,0.196216,
1624924037.020193,0.000000,0.579261,-0.500488,0.196633,
1624924037.024361,0.000000,0.579858,-0.500559,0.196613,
1624924037.028528,0.000000,0.580473,-0.500614,0.196558,
1624924037.032783,0.000000,0.581088,-0.500717,0.196522,
1624924037.036881,0.000000,0.581697,-0.500757,0.196433,
1624924037.041044,0.000000,0.582304,-0.500840,0.196408,
1624924037.045198,0.000000,0.582899,-0.500902,0.196345,
1624924037.049371,0.000000,0.583550,-0.501033,0.196266,
1624924037.053531,0.000000,0.584154,-0.501131,0.196209,
1624924037.057727,0.000000,0.584734,-0.501223,0.196160,
1624924037.120209,0.000000,0.592603,-0.503100,0.196569,
1624924037.124363,0.000000,0.593190,-0.503214,0.196533,
1624924037.128547,0.000000,0.593772,-0.503336,0.196467,
1624924037.132704,0.000000,0.594381,-0.503467,0.196478,
1624924037.136872,0.000000,0.594964,-0.503573,0.196452,
1624924037.141037,0.000000,0.595591,-0.503706,0.196388,
1624924037.145225,0.000000,0.596228,-0.503838,0.196359,
1624924037.149368,0.000000,0.596820,-0.503926,0.196279,
1624924037.153542,0.000000,0.597440,-0.504042,0.196215,
1624924037.157735,0.000000,0.598030,-0.504119,0.196159,
1624924037.216044,0.000000,0.605212,-0.506184,0.196480,
1624924037.220213,0.000000,0.605754,-0.506341,0.196468,
1624924037.224363,0.000000,0.606348,-0.506506,0.196450,
1624924037.228526,0.000000,0.606856,-0.506654,0.196364,
1624924037.232711,0.000000,0.607567,-0.506822,0.196360,
1624924037.236895,0.000000,0.608183,-0.507002,0.196293,
1624924037.241035,0.000000,0.608822,-0.507162,0.196264,
1624924037.245188,0.000000,0.609478,-0.507272,0.196191,
1624924037.249362,0.000000,0.610078,-0.507394,0.196133,
1624924037.253530,0.000000,0.610678,-0.507523,0.196092,
1624924037.316034,0.000000,0.618423,-0.510191,0.196375,
1624924037.320207,0.000000,0.618960,-0.510366,0.196349,
1624924037.324366,0.000000,0.619524,-0.510519,0.196287,
1624924037.328542,0.000000,0.620106,-0.510668,0.196283,
1624924037.332693,0.000000,0.620704,-0.510818,0.196262,
1624924037.336870,0.000000,0.621300,-0.510997,0.196201,
1624924037.341031,0.000000,0.621898,-0.511146,0.196148,
1624924037.345186,0.000000,0.622535,-0.511304,0.196066,
1624924037.349356,0.000000,0.623148,-0.511460,0.196018,
1624924037.353533,0.000000,0.623703,-0.511636,0.195987,
1624924037.420200,0.000000,0.632069,-0.514795,0.196278,
1624924037.424385,0.000000,0.632640,-0.515014,0.196253,
1624924037.428526,0.000000,0.633228,-0.515205,0.196231,
1624924037.432703,0.000000,0.633746,-0.515335,0.196134,
1624924037.436868,0.000000,0.634363,-0.515558,0.196058,
1624924037.441034,0.000000,0.634959,-0.515744,0.196024,
1624924037.445206,0.000000,0.635498,-0.515870,0.195958,
1624924037.449370,0.000000,0.636032,-0.516010,0.195930,
1624924037.453535,0.000000,0.636654,-0.516163,0.195886,
1624924037.457695,0.000000,0.637253,-0.516361,0.195841,
1624924037.520206,0.000000,0.645018,-0.519895,0.196158,
1624924037.524355,0.000000,0.645503,-0.520128,0.196182,
1624924037.528519,0.000000,0.646126,-0.520324,0.196091,
1624924037.532695,0.000000,0.646733,-0.520567,0.196041,
1624924037.536864,0.000000,0.647340,-0.520826,0.195995,
1624924037.541029,0.000000,0.647946,-0.521048,0.195942,
1624924037.545276,0.000000,0.648517,-0.521205,0.195860,
1624924037.549359,0.000000,0.649085,-0.521421,0.195795,
1624924037.553525,0.000000,0.649707,-0.521638,0.195713,
1624924037.557692,0.000000,0.650293,-0.521862,0.195654,
1624924037.620198,0.000000,0.657744,-0.525539,0.196039,
1624924037.624370,0.000000,0.658285,-0.525801,0.195983,
1624924037.628524,0.000000,0.658841,-0.526063,0.195941,
1624924037.632693,0.000000,0.659373,-0.526294,0.195933,
1624924037.636867,0.000000,0.659941,-0.526545,0.195900,
1624924037.641059,0.000000,0.660538,-0.526810,0.195830,
1624924037.645195,0.000000,0.661119,-0.527026,0.195736,
1624924037.649355,0.000000,0.661711,-0.527274,0.195717,
1624924037.653523,0.000000,0.662289,-0.527520,0.195640,
1624924037.657695,0.000000,0.662852,-0.527791,0.195624,
1624924037.720195,0.000000,0.670116,-0.531946,0.196005,
1624924037.724355,0.000000,0.670629,-0.532196,0.195958,
1624924037.728525,0.000000,0.671163,-0.532410,0.195823,
1624924037.732696,0.000000,0.671702,-0.532652,0.195779,
1624924037.736856,0.000000,0.672271,-0.532914,0.195753,
1624924037.741020,0.000000,0.672832,-0.533190,0.195740,
1624924037.745198,0.000000,0.673420,-0.533422,0.195732,
1624924037.749359,0.000000,0.673984,-0.533690,0.195558,
1624924037.753525,0.000000,0.674560,-0.533935,0.195451,
1624924037.757701,0.000000,0.675124,-0.534221,0.195406,
1624924037.820194,0.000000,0.682055,-0.538509,0.195771,
1624924037.824350,0.000000,0.682561,-0.538824,0.195727,
1624924037.828512,0.000000,0.683059,-0.539133,0.195714,
1624924037.832690,0.000000,0.683587,-0.539478,0.195672,
1624924037.836854,0.000000,0.684106,-0.539696,0.195642,
1624924037.841018,0.000000,0.684619,-0.539978,0.195614,
1624924037.845193,0.000000,0.685179,-0.540246,0.195564,
1624924037.849349,0.000000,0.685734,-0.540512,0.195499,
1624924037.853541,0.000000,0.686282,-0.540841,0.195482,
1624924037.857689,0.000000,0.686815,-0.541115,0.195426,
1624924037.920197,0.000000,0.693534,-0.545666,0.195759,
1624924037.924361,0.000000,0.694031,-0.545956,0.195719,
1624924037.928528,0.000000,0.694518,-0.546205,0.195719,
1624924037.932755,0.000000,0.695054,-0.546505,0.195668,
1624924037.936853,0.000000,0.695580,-0.546828,0.195624,
1624924037.941020,0.000000,0.696095,-0.547139,0.195543,
1624924037.945192,0.000000,0.696620,-0.547450,0.195496,
1624924037.949347,0.000000,0.697150,-0.547735,0.195430,
1624924037.953522,0.000000,0.697686,-0.548027,0.195378,
1624924037.957690,0.000000,0.698231,-0.548360,0.195274,
1624924038.020166,0.000000,0.704708,-0.553202,0.195582,
1624924038.024318,0.000000,0.705177,-0.553536,0.195562,
1624924038.028491,0.000000,0.705674,-0.553876,0.195523,
1624924038.032672,0.000000,0.706193,-0.554207,0.195504,
1624924038.036849,0.000000,0.706694,-0.554528,0.195472,
1624924038.041008,0.000000,0.707203,-0.554845,0.195445,
1624924038.045168,0.000000,0.707737,-0.555160,0.195339,
1624924038.049323,0.000000,0.708265,-0.555533,0.195327,
1624924038.053487,0.000000,0.708762,-0.555835,0.195230,
1624924038.057739,0.000000,0.709240,-0.556173,0.195191,
1624924038.120197,0.000000,0.715596,-0.561252,0.195498,
1624924038.124359,0.000000,0.716041,-0.561665,0.195493,
1624924038.128526,0.000000,0.716486,-0.561951,0.195482,
1624924038.132704,0.000000,0.716965,-0.562312,0.195452,
1624924038.136862,0.000000,0.717423,-0.562650,0.195408,
1624924038.141015,0.000000,0.717929,-0.562983,0.195322,
1624924038.145194,0.000000,0.718420,-0.563330,0.195276,
1624924038.149361,0.000000,0.718912,-0.563661,0.195220,
1624924038.153594,0.000000,0.719406,-0.564021,0.195182,
1624924038.157716,0.000000,0.719901,-0.564385,0.195143,
1624924038.220187,0.000000,0.726031,-0.569888,0.195371,
1624924038.224335,0.000000,0.726448,-0.570233,0.195414,
1624924038.228518,0.000000,0.726877,-0.570579,0.195390,
1624924038.232691,0.000000,0.727309,-0.570971,0.195364,
1624924038.236842,0.000000,0.727751,-0.571366,0.195364,
1624924038.241016,0.000000,0.728222,-0.571767,0.195303,
1624924038.245182,0.000000,0.728746,-0.572091,0.195223,
1624924038.249360,0.000000,0.729242,-0.572453,0.195157,
1624924038.253578,0.000000,0.729684,-0.572806,0.195118,
1624924038.257673,0.000000,0.730190,-0.573276,0.195132,
1624924038.320188,0.000000,0.736117,-0.578862,0.195348,
1624924038.324348,0.000000,0.736503,-0.579274,0.195399,
1624924038.328518,0.000000,0.736954,-0.579669,0.195383,
1624924038.332687,0.000000,0.737389,-0.580063,0.195346,
1624924038.336854,0.000000,0.737834,-0.580456,0.195300,
1624924038.341009,0.000000,0.738248,-0.580813,0.195253,
1624924038.345183,0.000000,0.738702,-0.581206,0.195203,
1624924038.349356,0.000000,0.739171,-0.581611,0.195165,
1624924038.353539,0.000000,0.739626,-0.582033,0.195141,
1624924038.357682,0.000000,0.740079,-0.582428,0.195075,
1624924038.420195,0.000000,0.745815,-0.588395,0.195296,
1624924038.424348,0.000000,0.746176,-0.588774,0.195269,
1624924038.428518,0.000000,0.746575,-0.589207,0.195241,
1624924038.432686,0.000000,0.747003,-0.589613,0.195247,
1624924038.436860,0.000000,0.747425,-0.590033,0.195183,
1624924038.441014,0.000000,0.747858,-0.590444,0.195138,
1624924038.445262,0.000000,0.748299,-0.590851,0.195080,
1624924038.449351,0.000000,0.748755,-0.591252,0.195037,
1624924038.453515,0.000000,0.749206,-0.591651,0.195000,
1624924038.457676,0.000000,0.749660,-0.592062,0.194947,
1624924038.520166,0.000000,0.755161,-0.598309,0.195165,
1624924038.524334,0.000000,0.755552,-0.598739,0.195158,
1624924038.528499,0.000000,0.755937,-0.599161,0.195167,
1624924038.532679,0.000000,0.756302,-0.599579,0.195109,
1624924038.536837,0.000000,0.756676,-0.599997,0.195122,
1624924038.541011,0.000000,0.757056,-0.600402,0.195108,
1624924038.545162,0.000000,0.757491,-0.600863,0.195085,
1624924038.549339,0.000000,0.757932,-0.601297,0.195038,
1624924038.553530,0.000000,0.758352,-0.601712,0.194996,
1624924038.557688,0.000000,0.758797,-0.602129,0.194907,
1624924038.620171,0.000000,0.764205,-0.608802,0.195015,
1624924038.624338,0.000000,0.764511,-0.609189,0.195015,
1624924038.628515,0.000000,0.764846,-0.609641,0.195027,
1624924038.632692,0.000000,0.765217,-0.610085,0.195019,
1624924038.636849,0.000000,0.765608,-0.610562,0.194976,
1624924038.641023,0.000000,0.765993,-0.611023,0.194916,
1624924038.645182,0.000000,0.766385,-0.611484,0.194907,
1624924038.649347,0.000000,0.766777,-0.611907,0.194849,
1624924038.653513,0.000000,0.767170,-0.612344,0.194807,
1624924038.657683,0.000000,0.767577,-0.612782,0.194751,
1624924038.720170,0.000000,0.772575,-0.619510,0.195140,
1624924038.724350,0.000000,0.772905,-0.619972,0.195117,
1624924038.728517,0.000000,0.773217,-0.620383,0.195060,
1624924038.732688,0.000000,0.773551,-0.620870,0.195089,
1624924038.736863,0.000000,0.773976,-0.621352,0.195033,
1624924038.741005,0.000000,0.774343,-0.621793,0.195001,
1624924038.745178,0.000000,0.774734,-0.622256,0.195014,
1624924038.749343,0.000000,0.775122,-0.622720,0.194952,
1624924038.753513,0.000000,0.775421,-0.623133,0.194842,
1624924038.757690,0.000000,0.775757,-0.623542,0.194770,
1624924038.820175,0.000000,0.780619,-0.630563,0.195039,
1624924038.824341,0.000000,0.780909,-0.631017,0.195007,
1624924038.828620,0.000000,0.781200,-0.631526,0.195115,
1624924038.832681,0.000000,0.781518,-0.632006,0.195060,
1624924038.836846,0.000000,0.781810,-0.632473,0.195069,
1624924038.841001,0.000000,0.782190,-0.632934,0.194998,
1624924038.845185,0.000000,0.782560,-0.633409,0.194942,
1624924038.849338,0.000000,0.782906,-0.633866,0.194887,
1624924038.853519,0.000000,0.783269,-0.634378,0.194818,
1624924038.857684,0.000000,0.783622,-0.634851,0.194780,
1624924038.920183,0.000000,0.788102,-0.642019,0.195077,
1624924038.924340,0.000000,0.788346,-0.642470,0.195171,
1624924038.928512,0.000000,0.788660,-0.642944,0.195144,
1624924038.932685,0.000000,0.788938,-0.643369,0.195167,
1624924038.936853,0.000000,0.789267,-0.643870,0.195141,
1624924038.941028,0.000000,0.789575,-0.644415,0.195129,
1624924038.945177,0.000000,0.789968,-0.645013,0.194697,
1624924038.949346,0.000000,0.790293,-0.645539,0.194773,
1624924038.953524,0.000000,0.790704,-0.646214,0.195213,
1624924038.957765,0.000000,0.791065,-0.646740,0.195024,
1624924039.020166,0.000000,0.795239,-0.653939,0.194586,
1624924039.024338,0.000000,0.795481,-0.654456,0.194680,
1624924039.028508,0.000000,0.795716,-0.654955,0.194665,
1624924039.032664,0.000000,0.795940,-0.655438,0.194584,
1624924039.036834,0.000000,0.796262,-0.655988,0.194560,
1624924039.040994,0.000000,0.796569,-0.656541,0.194565,
1624924039.045176,0.000000,0.796890,-0.657034,0.194521,
1624924039.049329,0.000000,0.797222,-0.657530,0.194445,
1624924039.053499,0.000000,0.797540,-0.658073,0.194382,
1624924039.057668,0.000000,0.797898,-0.658609,0.194351,
1624924039.120172,0.000000,0.801734,-0.666277,0.194848,
1624924039.124330,0.000000,0.801907,-0.666766,0.194892,
1624924039.128512,0.000000,0.802173,-0.667226,0.194847,
1624924039.132679,0.000000,0.802409,-0.667718,0.194841,
1624924039.136851,0.000000,0.802683,-0.668233,0.194791,
1624924039.141015,0.000000,0.802981,-0.668742,0.194726,
1624924039.145183,0.000000,0.803263,-0.669297,0.194727,
1624924039.149352,0.000000,0.803558,-0.669865,0.194721,
1624924039.153519,0.000000,0.803905,-0.670387,0.194619,
1624924039.157677,0.000000,0.804213,-0.670903,0.194581,
1624924039.220169,0.000000,0.807851,-0.678757,0.194656,
1624924039.224338,0.000000,0.808035,-0.679221,0.194642,
1624924039.228527,0.000000,0.808252,-0.679723,0.194647,
1624924039.232678,0.000000,0.808489,-0.680213,0.194609,
1624924039.236839,0.000000,0.808733,-0.680751,0.194581,
1624924039.241003,0.000000,0.808997,-0.681311,0.194563,
1624924039.245193,0.000000,0.809244,-0.681881,0.194543,
1624924039.249342,0.000000,0.809522,-0.682411,0.194493,
1624924039.253549,0.000000,0.809766,-0.682915,0.194427,
1624924039.257670,0.000000,0.810039,-0.683451,0.194380,
1624924039.320174,0.000000,0.813206,-0.691461,0.194443,
1624924039.324338,0.000000,0.813396,-0.691989,0.194411,
1624924039.328513,0.000000,0.813589,-0.692521,0.194404,
1624924039.332682,0.000000,0.813785,-0.693008,0.194385,
1624924039.336850,0.000000,0.814041,-0.693532,0.194369,
1624924039.341074,0.000000,0.814260,-0.694085,0.194341,
1624924039.345163,0.000000,0.814497,-0.694665,0.194323,
1624924039.349352,0.000000,0.814744,-0.695254,0.194271,
1624924039.353511,0.000000,0.814994,-0.695799,0.194203,
1624924039.357678,0.000000,0.815226,-0.696347,0.194174,
1624924039.420193,0.000000,0.817991,-0.704320,0.194296,
1624924039.424330,0.000000,0.818148,-0.704813,0.194308,
1624924039.428497,0.000000,0.818305,-0.705319,0.194322,
1624924039.432680,0.000000,0.818499,-0.705825,0.194382,
1624924039.436839,0.000000,0.818711,-0.706366,0.194420,
1624924039.440965,0.000000,0.818879,-0.706998,0.194202,
1624924039.445139,0.000000,0.819041,-0.707558,0.194223,
1624924039.449304,0.000000,0.819247,-0.708066,0.194290,
1624924039.453473,0.000000,0.819480,-0.708592,0.194229,
1624924039.457636,0.000000,0.819725,-0.709174,0.194182,
1624924039.520138,0.000000,0.822194,-0.717216,0.194273,
1624924039.524301,0.000000,0.822342,-0.717723,0.194263,
1624924039.528473,0.000000,0.822497,-0.718297,0.194245,
1624924039.532634,0.000000,0.822619,-0.718841,0.194268,
1624924039.536798,0.000000,0.822772,-0.719356,0.194275,
1624924039.540979,0.000000,0.822932,-0.719875,0.194248,
1624924039.545161,0.000000,0.823112,-0.720387,0.194061,
1624924039.549328,0.000000,0.823325,-0.720952,0.193994,
1624924039.553500,0.000000,0.823509,-0.721523,0.194083,
1624924039.557670,0.000000,0.823684,-0.722012,0.194043,
1624924039.620152,0.000000,0.825891,-0.730237,0.193831,
1624924039.624341,0.000000,0.825989,-0.730755,0.193863,
1624924039.628500,0.000000,0.826072,-0.731263,0.193908,
1624924039.632671,0.000000,0.826175,-0.731801,0.193961,
1624924039.636834,0.000000,0.826328,-0.732355,0.193936,
1624924039.641013,0.000000,0.826458,-0.732892,0.193900,
1624924039.645172,0.000000,0.826629,-0.733488,0.193843,
1624924039.649344,0.000000,0.826753,-0.734059,0.193847,
1624924039.653508,0.000000,0.826912,-0.734639,0.193828,
1624924039.657664,0.000000,0.827059,-0.735258,0.193822,
1624924039.720165,0.000000,0.828936,-0.743469,0.193790,
1624924039.724340,0.000000,0.829014,-0.743977,0.193736,
1624924039.728599,0.000000,0.829118,-0.744533,0.193746,
1624924039.732671,0.000000,0.829261,-0.745044,0.193713,
1624924039.736835,0.000000,0.829389,-0.745623,0.193680,
1624924039.741006,0.000000,0.829432,-0.746126,0.193679,
1624924039.745176,0.000000,0.829582,-0.746715,0.193652,
1624924039.749339,0.000000,0.829761,-0.747246,0.193674,
1624924039.753503,0.000000,0.829951,-0.747668,0.193886,
1624924039.757703,0.000000,0.830012,-0.748398,0.193648,
1624924039.820176,0.000000,0.831463,-0.756656,0.193537,
1624924039.824347,0.000000,0.831481,-0.756971,0.193737,
1624924039.828515,0.000000,0.831443,-0.757546,0.193825,
1624924039.832675,0.000000,0.831558,-0.758106,0.193817,
1624924039.836834,0.000000,0.831629,-0.758633,0.193750,
1624924039.841003,0.000000,0.831719,-0.759195,0.193718,
1624924039.845170,0.000000,0.831818,-0.759763,0.193697,
1624924039.849337,0.000000,0.831979,-0.760371,0.193625,
1624924039.853501,0.000000,0.832047,-0.760968,0.193627,
1624924039.857752,0.000000,0.832205,-0.761580,0.193520,
1624924039.920169,0.000000,0.833368,-0.769998,0.193424,
1624924039.924332,0.000000,0.833432,-0.770404,0.193501,
1624924039.928506,0.000000,0.833432,-0.770920,0.193537,
1624924039.932666,0.000000,0.833446,-0.771483,0.193578,
1624924039.936831,0.000000,0.833521,-0.771990,0.193554,
1624924039.941002,0.000000,0.833542,-0.772627,0.193546,
1624924039.945168,0.000000,0.833630,-0.773200,0.193545,
1624924039.949346,0.000000,0.833774,-0.773817,0.193517,
1624924039.953559,0.000000,0.833813,-0.774456,0.193456,
1624924039.957657,0.000000,0.833909,-0.775007,0.193464,
1624924040.020168,0.000000,0.834678,-0.783566,0.193350,
1624924040.024340,0.000000,0.834669,-0.784007,0.193442,
1624924040.028503,0.000000,0.834707,-0.784495,0.193421,
1624924040.032672,0.000000,0.834731,-0.785028,0.193407,
1624924040.036839,0.000000,0.834762,-0.785555,0.193414,
1624924040.040996,0.000000,0.834810,-0.786126,0.193476,
1624924040.045161,0.000000,0.834848,-0.786698,0.193453,
1624924040.049332,0.000000,0.834906,-0.787278,0.193424,
1624924040.053495,0.000000,0.834946,-0.787869,0.193362,
1624924040.057657,0.000000,0.834930,-0.788464,0.193354,
1624924040.120148,0.000000,0.835429,-0.797253,0.193211,
1624924040.124329,0.000000,0.835409,-0.797758,0.193239,
1624924040.128503,0.000000,0.835390,-0.798248,0.193285,
1624924040.132662,0.000000,0.835395,-0.798771,0.193271,
1624924040.136835,0.000000,0.835383,-0.799327,0.193274,
1624924040.140978,0.000000,0.835419,-0.799875,0.193256,
1624924040.145146,0.000000,0.835501,-0.800297,0.193338,
1624924040.149324,0.000000,0.835471,-0.800900,0.193281,
1624924040.153482,0.000000,0.835462,-0.801484,0.193236,
1624924040.157656,0.000000,0.835543,-0.802122,0.193306,
1624924040.220227,0.000000,0.835584,-0.810894,0.192996,
1624924040.224394,0.000000,0.835548,-0.811410,0.193021,
1624924040.228564,0.000000,0.835516,-0.811913,0.193038,
1624924040.232729,0.000000,0.835498,-0.812412,0.193035,
1624924040.236903,0.000000,0.835465,-0.812927,0.193046,
1624924040.241148,0.000000,0.835453,-0.813437,0.193043,
1624924040.245218,0.000000,0.835439,-0.813989,0.193080,
1624924040.249403,0.000000,0.835420,-0.814548,0.193089,
1624924040.253572,0.000000,0.835425,-0.815133,0.193059,
1624924040.257742,0.000000,0.835437,-0.815748,0.193001,
1624924040.320230,0.000000,0.835216,-0.824420,0.192818,
1624924040.324379,0.000000,0.835157,-0.824951,0.192839,
1624924040.328565,0.000000,0.835086,-0.825464,0.192878,
1624924040.332738,0.000000,0.835015,-0.825966,0.192918,
1624924040.336885,0.000000,0.834975,-0.826472,0.192947,
1624924040.341047,0.000000,0.834916,-0.827007,0.192954,
1624924040.345214,0.000000,0.834875,-0.827556,0.192971,
1624924040.349410,0.000000,0.834831,-0.828106,0.192986,
1624924040.353559,0.000000,0.834801,-0.828681,0.192948,
1624924040.357724,0.000000,0.834765,-0.829305,0.192924,
1624924040.420211,0.000000,0.834194,-0.838001,0.192670,
1624924040.424398,0.000000,0.834122,-0.838580,0.192713,
1624924040.428564,0.000000,0.834019,-0.839135,0.192756,
1624924040.432724,0.000000,0.833926,-0.839654,0.192766,
1624924040.436882,0.000000,0.833875,-0.840198,0.192797,
1624924040.441045,0.000000,0.833800,-0.840710,0.192839,
1624924040.445213,0.000000,0.833737,-0.841248,0.192815,
1624924040.449394,0.000000,0.833668,-0.841770,0.192827,
1624924040.453552,0.000000,0.833581,-0.842347,0.192855,
1624924040.457722,0.000000,0.833533,-0.842932,0.192811,
1624924040.520246,0.000000,0.832537,-0.851739,0.192526,
1624924040.524364,0.000000,0.832432,-0.852224,0.192588,
1624924040.528552,0.000000,0.832351,-0.852710,0.192618,
1624924040.532718,0.000000,0.832252,-0.853263,0.192664,
1624924040.536879,0.000000,0.832148,-0.853781,0.192634,
1624924040.541043,0.000000,0.832043,-0.854318,0.192682,
1624924040.545207,0.000000,0.831944,-0.854849,0.192727,
1624924040.549389,0.000000,0.831813,-0.855382,0.192748,
1624924040.553584,0.000000,0.831706,-0.855968,0.192753,
1624924040.557729,0.000000,0.831592,-0.856594,0.192735,
1624924040.620227,0.000000,0.830273,-0.865410,0.192410,
1624924040.624453,0.000000,0.830137,-0.865908,0.192471,
1624924040.628554,0.000000,0.830020,-0.866388,0.192541,
1624924040.632713,0.000000,0.829882,-0.866896,0.192538,
1624924040.636894,0.000000,0.829739,-0.867420,0.192525,
1624924040.641049,0.000000,0.829598,-0.867970,0.192551,
1624924040.645211,0.000000,0.829412,-0.868477,0.192870,
1624924040.649401,0.000000,0.829389,-0.869077,0.192773,
1624924040.653552,0.000000,0.829277,-0.869689,0.192895,
1624924040.657712,0.000000,0.829145,-0.870333,0.192654,
1624924040.720171,0.000000,0.827399,-0.879178,0.192403,
1624924040.724348,0.000000,0.827211,-0.879488,0.192750,
1624924040.728520,0.000000,0.827065,-0.880004,0.192752,
1624924040.732673,0.000000,0.826922,-0.880466,0.192786,
1624924040.737095,0.000000,0.826584,-0.881020,0.192829,
1624924040.741013,0.000000,0.826540,-0.881477,0.192937,
1624924040.745178,0.000000,0.826303,-0.882054,0.192848,
1624924040.749343,0.000000,0.826263,-0.882564,0.192456,
1624924040.753601,0.000000,0.826142,-0.883130,0.192377,
1624924040.757682,0.000000,0.825994,-0.883720,0.192372,
1624924040.820206,0.000000,0.823721,-0.892570,0.192430,
1624924040.824367,0.000000,0.823558,-0.893044,0.192490,
1624924040.828555,0.000000,0.823397,-0.893497,0.192527,
1624924040.832711,0.000000,0.823234,-0.893979,0.192534,
1624924040.836872,0.000000,0.823032,-0.894483,0.192602,
1624924040.841058,0.000000,0.822852,-0.894987,0.192618,
1624924040.845218,0.000000,0.822677,-0.895515,0.192646,
1624924040.849396,0.000000,0.822527,-0.896092,0.192601,
1624924040.853544,0.000000,0.822391,-0.896596,0.192587,
1624924040.857741,0.000000,0.822260,-0.897124,0.192585,
1624924040.920208,0.000000,0.819718,-0.905805,0.192229,
1624924040.924373,0.000000,0.819520,-0.906314,0.192278,
1624924040.928546,0.000000,0.819345,-0.906742,0.192330,
1624924040.932719,0.000000,0.819147,-0.907246,0.192334,
1624924040.936877,0.000000,0.818972,-0.907730,0.192340,
1624924040.941042,0.000000,0.818762,-0.908219,0.192355,
1624924040.945217,0.000000,0.818563,-0.908730,0.192369,
1624924040.949388,0.000000,0.818371,-0.909254,0.192388,
1624924040.953532,0.000000,0.818179,-0.909793,0.192351,
1624924040.957709,0.000000,0.818023,-0.910387,0.192280,
1624924041.020202,0.000000,0.815136,-0.918777,0.192087,
1624924041.024379,0.000000,0.814899,-0.919222,0.192132,
1624924041.028550,0.000000,0.814691,-0.919679,0.192173,
1624924041.032712,0.000000,0.814494,-0.920140,0.192145,
1624924041.036875,0.000000,0.814348,-0.920564,0.192139,
1624924041.041047,0.000000,0.814146,-0.921100,0.192110,
1624924041.045212,0.000000,0.813953,-0.921517,0.192098,
1624924041.049379,0.000000,0.813779,-0.921972,0.192107,
1624924041.053533,0.000000,0.813601,-0.922478,0.192106,
1624924041.057714,0.000000,0.813352,-0.923013,0.192142,
1624924041.120215,0.000000,0.810132,-0.931309,0.191791,
1624924041.124374,0.000000,0.809897,-0.931737,0.191859,
1624924041.128545,0.000000,0.809695,-0.932174,0.191887,
1624924041.132703,0.000000,0.809412,-0.932627,0.191980,
1624924041.136873,0.000000,0.809187,-0.933054,0.192033,
1624924041.141122,0.000000,0.808859,-0.933653,0.191960,
1624924041.145225,0.000000,0.808769,-0.933922,0.192208,
1624924041.149375,0.000000,0.808377,-0.934598,0.191998,
1624924041.153534,0.000000,0.808152,-0.935144,0.191869,
1624924041.157711,0.000000,0.808013,-0.935619,0.191857,
1624924041.220211,0.000000,0.804319,-0.943851,0.191554,
1624924041.224375,0.000000,0.804065,-0.944301,0.191612,
1624924041.228581,0.000000,0.803805,-0.944734,0.191685,
1624924041.232702,0.000000,0.803548,-0.945154,0.191711,
1624924041.236863,0.000000,0.803303,-0.945570,0.191767,
1624924041.241032,0.000000,0.803044,-0.946021,0.191765,
1624924041.245209,0.000000,0.802873,-0.946466,0.191708,
1624924041.249371,0.000000,0.802640,-0.946942,0.191703,
1624924041.253537,0.000000,0.802402,-0.947419,0.191703,
1624924041.257709,0.000000,0.802159,-0.947926,0.191670,
1624924041.320205,0.000000,0.798167,-0.956063,0.191242,
1624924041.324364,0.000000,0.797883,-0.956465,0.191341,
1624924041.328527,0.000000,0.797619,-0.956849,0.191403,
1624924041.332704,0.000000,0.797326,-0.957238,0.191487,
1624924041.336867,0.000000,0.797073,-0.957629,0.191503,
1624924041.341036,0.000000,0.796813,-0.958012,0.191555,
1624924041.345210,0.000000,0.796735,-0.958245,0.191657,
1624924041.349377,0.000000,0.796319,-0.958886,0.191528,
1624924041.353543,0.000000,0.796026,-0.959390,0.191497,
1624924041.357716,0.000000,0.795774,-0.959892,0.191445,
1624924041.420177,0.000000,0.791766,-0.967558,0.191265,
1624924041.424351,0.000000,0.791352,-0.968001,0.191303,
1624924041.428505,0.000000,0.791150,-0.968384,0.191350,
1624924041.432678,0.000000,0.790891,-0.968757,0.191381,
1624924041.436841,0.000000,0.790673,-0.969061,0.191382,
1624924041.441016,0.000000,0.790419,-0.969413,0.191400,
1624924041.445181,0.000000,0.790148,-0.969808,0.191448,
1624924041.449347,0.000000,0.789875,-0.970217,0.191424,
1624924041.453517,0.000000,0.789623,-0.970714,0.191347,
1624924041.457669,0.000000,0.789280,-0.971196,0.191416,
1624924041.520204,0.000000,0.784607,-0.979050,0.190925,
1624924041.524460,0.000000,0.784254,-0.979459,0.191021,
1624924041.528538,0.000000,0.783963,-0.979827,0.191106,
1624924041.532705,0.000000,0.783700,-0.980179,0.191107,
1624924041.536874,0.000000,0.783333,-0.980554,0.191154,
1624924041.541046,0.000000,0.782963,-0.980984,0.191230,
1624924041.545209,0.000000,0.782728,-0.981382,0.191260,
1624924041.549385,0.000000,0.782419,-0.981790,0.191269,
1624924041.553543,0.000000,0.782005,-0.982168,0.191503,
1624924041.557706,0.000000,0.781744,-0.982628,0.191210,
1624924041.620212,0.000000,0.776925,-0.990157,0.190976,
1624924041.624436,0.000000,0.776525,-0.990561,0.191058,
1624924041.628545,0.000000,0.776173,-0.990951,0.191151,
1624924041.632708,0.000000,0.775806,-0.991351,0.191207,
1624924041.636879,0.000000,0.775480,-0.991702,0.191260,
1624924041.641042,0.000000,0.775226,-0.992045,0.191274,
1624924041.645220,0.000000,0.774876,-0.992438,0.191324,
1624924041.649372,0.000000,0.774620,-0.992803,0.191276,
1624924041.653625,0.000000,0.774323,-0.993182,0.191292,
1624924041.657702,0.000000,0.773944,-0.993614,0.191273,
1624924041.720205,0.000000,0.768766,-1.000973,0.190714,
1624924041.724363,0.000000,0.768426,-1.001365,0.190778,
1624924041.728536,0.000000,0.768053,-1.001750,0.190862,
1624924041.732686,0.000000,0.767660,-1.002170,0.190914,
1624924041.736858,0.000000,0.767383,-1.002517,0.190940,
1624924041.741022,0.000000,0.767041,-1.002942,0.190924,
1624924041.745194,0.000000,0.766706,-1.003277,0.190990,
1624924041.749368,0.000000,0.766380,-1.003635,0.191023,
1624924041.753527,0.000000,0.765959,-1.004041,0.191076,
1624924041.757693,0.000000,0.765676,-1.004371,0.191068,
1624924041.820212,0.000000,0.760110,-1.011409,0.190632,
1624924041.824368,0.000000,0.759788,-1.011809,0.190682,
1624924041.828541,0.000000,0.759397,-1.012169,0.190744,
1624924041.832708,0.000000,0.759030,-1.012522,0.190824,
1624924041.836870,0.000000,0.758641,-1.012889,0.190887,
1624924041.841048,0.000000,0.758337,-1.013223,0.190903,
1624924041.845216,0.000000,0.757924,-1.013546,0.190936,
1624924041.849377,0.000000,0.757492,-1.013969,0.190928,
1624924041.853553,0.000000,0.757132,-1.014323,0.190961,
1624924041.857721,0.000000,0.756752,-1.014662,0.191006,
1624924041.920201,0.000000,0.750966,-1.021477,0.190607,
1624924041.924357,0.000000,0.750590,-1.021875,0.190612,
1624924041.928562,0.000000,0.750242,-1.022249,0.190661,
1624924041.932708,0.000000,0.749849,-1.022597,0.190735,
1624924041.936858,0.000000,0.749504,-1.022932,0.190758,
1624924041.941031,0.000000,0.749126,-1.023268,0.190815,
1624924041.945199,0.000000,0.748741,-1.023617,0.190836,
1624924041.949365,0.000000,0.748340,-1.023947,0.190882,
1624924041.953533,0.000000,0.748060,-1.024270,0.190862,
1624924041.957698,0.000000,0.747690,-1.024595,0.190878,
1624924042.020205,0.000000,0.741206,-1.031109,0.190546,
1624924042.024359,0.000000,0.740809,-1.031527,0.190552,
1624924042.028536,0.000000,0.740440,-1.031903,0.190576,
1624924042.032697,0.000000,0.740106,-1.032260,0.190563,
1624924042.036935,0.000000,0.739732,-1.032619,0.190608,
1624924042.041040,0.000000,0.739325,-1.032971,0.190614,
1624924042.045192,0.000000,0.739055,-1.033309,0.190565,
1624924042.049374,0.000000,0.738500,-1.033656,0.190669,
1624924042.053530,0.000000,0.738097,-1.033959,0.190721,
1624924042.057743,0.000000,0.737518,-1.034290,0.190932,
1624924042.120179,0.000000,0.731388,-1.040612,0.190190,
1624924042.124340,0.000000,0.730810,-1.040977,0.190331,
1624924042.128503,0.000000,0.730456,-1.041309,0.190367,
1624924042.132679,0.000000,0.730029,-1.041693,0.190334,
1624924042.136837,0.000000,0.729653,-1.042004,0.190368,
1624924042.141001,0.000000,0.729267,-1.042316,0.190428,
1624924042.145172,0.000000,0.728905,-1.042627,0.190403,
1624924042.149338,0.000000,0.728500,-1.042961,0.190434,
1624924042.153510,0.000000,0.728104,-1.043248,0.190462,
1624924042.157660,0.000000,0.727713,-1.043648,0.190353,
1624924042.220222,0.000000,0.720644,-1.049218,0.190606,
1624924042.224364,0.000000,0.720346,-1.049898,0.190132,
1624924042.228544,0.000000,0.719915,-1.050261,0.190147,
1624924042.232696,0.000000,0.719464,-1.050586,0.190226,
1624924042.236867,0.000000,0.719008,-1.050911,0.190280,
1624924042.241026,0.000000,0.718545,-1.051242,0.190341,
1624924042.245209,0.000000,0.718156,-1.051552,0.190336,
1624924042.249373,0.000000,0.717731,-1.051857,0.190347,
1624924042.253558,0.000000,0.717272,-1.052089,0.190512,
1624924042.257708,0.000000,0.716692,-1.052108,0.190992,
1624924042.320201,0.000000,0.709699,-1.057867,0.190481,
1624924042.324366,0.000000,0.709217,-1.058194,0.190536,
1624924042.328514,0.000000,0.708771,-1.058531,0.190541,
1624924042.332698,0.000000,0.708171,-1.059027,0.190376,
1624924042.336855,0.000000,0.707746,-1.059319,0.190434,
1624924042.341031,0.000000,0.707293,-1.059604,0.190488,
1624924042.345191,0.000000,0.707043,-1.059698,0.190714,
1624924042.349355,0.000000,0.706610,-1.059983,0.190728,
1624924042.353524,0.000000,0.706176,-1.060293,0.190710,
1624924042.357685,0.000000,0.705725,-1.060572,0.190737,
1624924042.420202,0.000000,0.698453,-1.066168,0.189986,
1624924042.424437,0.000000,0.697918,-1.066459,0.190048,
1624924042.428514,0.000000,0.697445,-1.066719,0.190129,
1624924042.432686,0.000000,0.696956,-1.066998,0.190204,
1624924042.436850,0.000000,0.696496,-1.067213,0.190287,
1624924042.441050,0.000000,0.696047,-1.067481,0.190310,
1624924042.445193,0.000000,0.695641,-1.067727,0.190357,
1624924042.449355,0.000000,0.695215,-1.068037,0.190268,
1624924042.453525,0.000000,0.694732,-1.068377,0.190241,
1624924042.457675,0.000000,0.694300,-1.068682,0.190182,
1624924042.520179,0.000000,0.686766,-1.073752,0.189822,
1624924042.524352,0.000000,0.686302,-1.074051,0.189839,
1624924042.528518,0.000000,0.685833,-1.074315,0.189889,
1624924042.532682,0.000000,0.685344,-1.074564,0.189980,
1624924042.536825,0.000000,0.684968,-1.074801,0.190003,
1624924042.541002,0.000000,0.684490,-1.075058,0.190026,
1624924042.545182,0.000000,0.683918,-1.075371,0.190004,
1624924042.549408,0.000000,0.683447,-1.075612,0.190033,
1624924042.553493,0.000000,0.682860,-1.075806,0.190192,
1624924042.557659,0.000000,0.682377,-1.076050,0.190206,
1624924042.620166,0.000000,0.674899,-1.080605,0.189937,
1624924042.624332,0.000000,0.674420,-1.080842,0.189965,
1624924042.628488,0.000000,0.673974,-1.081041,0.190025,
1624924042.632655,0.000000,0.673381,-1.081290,0.190138,
1624924042.636866,0.000000,0.672912,-1.081509,0.190189,
1624924042.641032,0.000000,0.672518,-1.081711,0.190211,
1624924042.645190,0.000000,0.671947,-1.081964,0.190262,
1624924042.649356,0.000000,0.671524,-1.082265,0.190088,
1624924042.653539,0.000000,0.671072,-1.082390,0.190326,
1624924042.657691,0.000000,0.670653,-1.082599,0.190288,
1624924042.720232,0.000000,0.663018,-1.086929,0.189803,
1624924042.724428,0.000000,0.662508,-1.087186,0.189801,
1624924042.728574,0.000000,0.661967,-1.087400,0.189902,
1624924042.732737,0.000000,0.661493,-1.087636,0.189980,
1624924042.736901,0.000000,0.661139,-1.087852,0.189881,
1624924042.741069,0.000000,0.660674,-1.088072,0.189906,
1624924042.745228,0.000000,0.660138,-1.088251,0.190010,
1624924042.749386,0.000000,0.659678,-1.088445,0.190047,
1624924042.753549,0.000000,0.659302,-1.088641,0.190024,
1624924042.757715,0.000000,0.658815,-1.088859,0.190016,
1624924042.820225,0.000000,0.650849,-1.092792,0.189674,
1624924042.824389,0.000000,0.650434,-1.093040,0.189595,
1624924042.828557,0.000000,0.649846,-1.093304,0.189615,
1624924042.832719,0.000000,0.649369,-1.093475,0.189701,
1624924042.836881,0.000000,0.648875,-1.093658,0.189797,
1624924042.841055,0.000000,0.648419,-1.093817,0.189872,
1624924042.845228,0.000000,0.647726,-1.093950,0.190085,
1624924042.849406,0.000000,0.647244,-1.094080,0.190145,
1624924042.853578,0.000000,0.646718,-1.094243,0.190228,
1624924042.857724,0.000000,0.646167,-1.094412,0.190327,
1624924042.920219,0.000000,0.638371,-1.097967,0.189774,
1624924042.924388,0.000000,0.637929,-1.098173,0.189770,
1624924042.928560,0.000000,0.637348,-1.098383,0.189828,
1624924042.932723,0.000000,0.636848,-1.098543,0.189904,
1624924042.936965,0.000000,0.636329,-1.098692,0.189983,
1624924042.941058,0.000000,0.635947,-1.098924,0.189931,
1624924042.945221,0.000000,0.635338,-1.099048,0.190032,
1624924042.949397,0.000000,0.634739,-1.099190,0.190117,
1624924042.953553,0.000000,0.634184,-1.099347,0.190170,
1624924042.957717,0.000000,0.633628,-1.099471,0.190220,
1624924043.020220,0.000000,0.625718,-1.102629,0.189821,
1624924043.024394,0.000000,0.625211,-1.102876,0.189699,
1624924043.028567,0.000000,0.624556,-1.103056,0.189791,
1624924043.032722,0.000000,0.623875,-1.103169,0.189969,
1624924043.036893,0.000000,0.623296,-1.103325,0.190028,
1624924043.041049,0.000000,0.622954,-1.103523,0.189986,
1624924043.045218,0.000000,0.622357,-1.103631,0.190066,
1624924043.049379,0.000000,0.621931,-1.103760,0.190092,
1624924043.053548,0.000000,0.621450,-1.103883,0.190129,
1624924043.057710,0.000000,0.621024,-1.103962,0.190206,
1624924043.120219,0.000000,0.612491,-1.106882,0.189729,
1624924043.124384,0.000000,0.611953,-1.107086,0.189673,
1624924043.128550,0.000000,0.611449,-1.107279,0.189630,
1624924043.132704,0.000000,0.610937,-1.107400,0.189680,
1624924043.136884,0.000000,0.610442,-1.107512,0.189758,
1624924043.141047,0.000000,0.609879,-1.107582,0.189870,
1624924043.145203,0.000000,0.609326,-1.107664,0.189978,
1624924043.149367,0.000000,0.608806,-1.107790,0.189974,
1624924043.153540,0.000000,0.608403,-1.107904,0.189994,
1624924043.157703,0.000000,0.607894,-1.108016,0.190001,
1624924043.220210,0.000000,0.599584,-1.110369,0.189785,
1624924043.224375,0.000000,0.599055,-1.110584,0.189680,
1624924043.228533,0.000000,0.598423,-1.110743,0.189692,
1624924043.232715,0.000000,0.597867,-1.110859,0.189739,
1624924043.236869,0.000000,0.597230,-1.110967,0.189809,
1624924043.241027,0.000000,0.596775,-1.111084,0.189840,
1624924043.245199,0.000000,0.596251,-1.111178,0.189897,
1624924043.249375,0.000000,0.595765,-1.111202,0.189997,
1624924043.253528,0.000000,0.595353,-1.111286,0.190001,
1624924043.257690,0.000000,0.594842,-1.111351,0.190061,
1624924043.320284,0.000000,0.586477,-1.113429,0.189669,
1624924043.324375,0.000000,0.585915,-1.113594,0.189549,
1624924043.328537,0.000000,0.585199,-1.113719,0.189538,
1624924043.332704,0.000000,0.584724,-1.113821,0.189661,
1624924043.336871,0.000000,0.584197,-1.113904,0.189702,
1624924043.341027,0.000000,0.583731,-1.113999,0.189738,
1624924043.345193,0.000000,0.583208,-1.114082,0.189791,
1624924043.349372,0.000000,0.582697,-1.114171,0.189775,
1624924043.353544,0.000000,0.582179,-1.114217,0.189864,
1624924043.357719,0.000000,0.581668,-1.114282,0.189894,
1624924043.420219,0.000000,0.573163,-1.115910,0.189624,
1624924043.424392,0.000000,0.572487,-1.116029,0.189587,
1624924043.428544,0.000000,0.572017,-1.116093,0.189702,
1624924043.432696,0.000000,0.571283,-1.116234,0.189598,
1624924043.436872,0.000000,0.570752,-1.116302,0.189622,
1624924043.441033,0.000000,0.570168,-1.116361,0.189672,
1624924043.445208,0.000000,0.569612,-1.116404,0.189748,
1624924043.449490,0.000000,0.569033,-1.116425,0.189876,
1624924043.453539,0.000000,0.568571,-1.116457,0.189940,
1624924043.457707,0.000000,0.568112,-1.116512,0.189961,
1624924043.520236,0.000000,0.559927,-1.117711,0.189767,
1624924043.524393,0.000000,0.559219,-1.117787,0.189733,
1624924043.528570,0.000000,0.558704,-1.117862,0.189755,
1624924043.532719,0.000000,0.558135,-1.117959,0.189709,
1624924043.536898,0.000000,0.557401,-1.118002,0.189736,
1624924043.541063,0.000000,0.557121,-1.118108,0.189683,
1624924043.545227,0.000000,0.556394,-1.118126,0.189818,
1624924043.549587,0.000000,0.556007,-1.118127,0.189906,
1624924043.553548,0.000000,0.555509,-1.118160,0.189954,
1624924043.557899,0.000000,0.554965,-1.118162,0.190010,
1624924043.620228,0.000000,0.546364,-1.118930,0.189903,
1624924043.624380,0.000000,0.545806,-1.118993,0.189873,
1624924043.628576,0.000000,0.545184,-1.119031,0.189871,
1624924043.632716,0.000000,0.544484,-1.119112,0.189831,
1624924043.636935,0.000000,0.543718,-1.119094,0.189924,
1624924043.641062,0.000000,0.543206,-1.119101,0.189979,
1624924043.645231,0.000000,0.542609,-1.119138,0.190013,
1624924043.649394,0.000000,0.542065,-1.119136,0.190129,
1624924043.653552,0.000000,0.541621,-1.119137,0.190228,
1624924043.657718,0.000000,0.541161,-1.119142,0.190222,
1624924043.720215,0.000000,0.532713,-1.119539,0.190113,
1624924043.724387,0.000000,0.532056,-1.119587,0.190065,
1624924043.728558,0.000000,0.531466,-1.119618,0.189964,
1624924043.732713,0.000000,0.530859,-1.119652,0.189927,
1624924043.736904,0.000000,0.530272,-1.119685,0.189902,
1624924043.741053,0.000000,0.529581,-1.119694,0.189981,
1624924043.745212,0.000000,0.529097,-1.119735,0.190011,
1624924043.749390,0.000000,0.528596,-1.119702,0.190050,
1624924043.753545,0.000000,0.528016,-1.119663,0.190155,
1624924043.757704,0.000000,0.527511,-1.119644,0.190198,
1624924043.820208,0.000000,0.519116,-1.119749,0.190037,
1624924043.824364,0.000000,0.518464,-1.119716,0.190042,
1624924043.828551,0.000000,0.517861,-1.119751,0.189995,
1624924043.832798,0.000000,0.517167,-1.119713,0.189994,
1624924043.836865,0.000000,0.516538,-1.119669,0.190041,
1624924043.841041,0.000000,0.515964,-1.119643,0.190078,
1624924043.845219,0.000000,0.515470,-1.119650,0.190070,
1624924043.849391,0.000000,0.514935,-1.119642,0.190106,
1624924043.853546,0.000000,0.514411,-1.119626,0.190169,
1624924043.857719,0.000000,0.513894,-1.119587,0.190190,
1624924043.920173,0.000000,0.505279,-1.119271,0.190019,
1624924043.924342,0.000000,0.504652,-1.119251,0.189988,
1624924043.928509,0.000000,0.504097,-1.119221,0.189975,
1624924043.932670,0.000000,0.503458,-1.119241,0.189918,
1624924043.936843,0.000000,0.502849,-1.119174,0.189902,
1624924043.941003,0.000000,0.502270,-1.119143,0.189910,
1624924043.945182,0.000000,0.501680,-1.119092,0.190012,
1624924043.949349,0.000000,0.501131,-1.119023,0.190073,
1624924043.953507,0.000000,0.500518,-1.118876,0.190195,
1624924043.957666,0.000000,0.500038,-1.118834,0.190213,
1624924044.020219,0.000000,0.491476,-1.118247,0.189844,
1624924044.024391,0.000000,0.490784,-1.118186,0.189839,
1624924044.028555,0.000000,0.490165,-1.118201,0.189816,
1624924044.032708,0.000000,0.489676,-1.118192,0.189813,
1624924044.036876,0.000000,0.489057,-1.118082,0.189843,
1624924044.041048,0.000000,0.488461,-1.117918,0.189904,
1624924044.045226,0.000000,0.487796,-1.117877,0.189955,
1624924044.049375,0.000000,0.487300,-1.117744,0.190029,
1624924044.053548,0.000000,0.486775,-1.117682,0.190072,
1624924044.057725,0.000000,0.486212,-1.117597,0.190154,
1624924044.120221,0.000000,0.477753,-1.116503,0.189952,
1624924044.124377,0.000000,0.477112,-1.116396,0.189927,
1624924044.128550,0.000000,0.476483,-1.116339,0.189866,
1624924044.132715,0.000000,0.475793,-1.116276,0.189832,
1624924044.136877,0.000000,0.475230,-1.116194,0.189837,
1624924044.141048,0.000000,0.474702,-1.116103,0.189746,
1624924044.145223,0.000000,0.474162,-1.115981,0.189807,
1624924044.149384,0.000000,0.473611,-1.115860,0.189889,
1624924044.153549,0.000000,0.473178,-1.115789,0.189934,
1624924044.157718,0.000000,0.472503,-1.115599,0.190126,
1624924044.220291,0.000000,0.464027,-1.114112,0.190011,
1624924044.224368,0.000000,0.463347,-1.113991,0.189981,
1624924044.228552,0.000000,0.462746,-1.113954,0.189923,
1624924044.232714,0.000000,0.462150,-1.113796,0.189893,
1624924044.236888,0.000000,0.461631,-1.113745,0.189821,
1624924044.241038,0.000000,0.461025,-1.113713,0.189802,
1624924044.245224,0.000000,0.460492,-1.113600,0.189822,
1624924044.249369,0.000000,0.460003,-1.113442,0.189908,
1624924044.253539,0.000000,0.459477,-1.113296,0.189973,
1624924044.257737,0.000000,0.458967,-1.113174,0.190010,
1624924044.320203,0.000000,0.450771,-1.111379,0.189881,
1624924044.324358,0.000000,0.450179,-1.111240,0.189862,
1624924044.328526,0.000000,0.449579,-1.111140,0.189802,
1624924044.332714,0.000000,0.448938,-1.111011,0.189790,
1624924044.336874,0.000000,0.448374,-1.110834,0.189801,
1624924044.341042,0.000000,0.447799,-1.110685,0.189819,
1624924044.345274,0.000000,0.447288,-1.110515,0.189917,
1624924044.349359,0.000000,0.446771,-1.110395,0.189954,
1624924044.353528,0.000000,0.446303,-1.110205,0.190028,
1624924044.357697,0.000000,0.445815,-1.110047,0.190079,
