1629325585.000000,60119928.000000,-0.008228,-0.295790,0.000000,0.000000,0.000000,0.013132,0.999914,0.000000,0.000000,0.000000,0.000000,0.000000,0.000104,
1629325595.000000,402979118.000000,-0.008228,-0.295790,0.000000,0.000000,0.000000,0.013114,0.999914,0.000000,0.000000,0.000000,0.000000,0.000000,-0.000308,
1629325595.000000,435979118.000000,-0.008228,-0.295790,0.000000,0.000000,0.000000,0.013115,0.999914,0.000000,0.000000,0.000000,0.000000,0.000000,0.000087,
1629325595.000000,468979118.000000,-0.008254,-0.295790,0.000000,0.000000,0.000000,0.013112,0.999914,-0.000767,0.000000,0.000000,0.000000,0.000000,-0.000198,
1629325595.000000,501979118.000000,-0.008228,-0.295790,0.000000,0.000000,0.000000,0.013110,0.999914,0.000767,0.000000,0.000000,0.000000,0.000000,-0.000116,
1629325595.000000,534979118.000000,-0.008228,-0.295790,0.000000,0.000000,0.000000,0.013113,0.999914,0.000000,0.000000,0.000000,0.000000,0.000000,0.000210,
1629325595.000000,567979118.000000,-0.008228,-0.295790,0.000000,0.000000,0.000000,0.013113,0.999914,0.000000,0.000000,0.000000,0.000000,0.000000,-0.000008,
1629325595.000000,600979118.000000,-0.008228,-0.295790,0.000000,0.000000,0.000000,0.013116,0.999914,0.000000,0.000000,0.000000,0.000000,0.000000,0.000157,
1629325595.000000,633979118.000000,-0.008228,-0.295790,0.000000,0.000000,0.000000,0.013118,0.999914,0.000000,0.000000,0.000000,0.000000,0.000000,0.000155,
1629325595.000000,666979118.000000,-0.008228,-0.295790,0.000000,0.000000,0.000000,0.013114,0.999914,0.000000,0.000000,0.000000,0.000000,0.000000,-0.000261,
1629325595.000000,699979118.000000,-0.008228,-0.295790,0.000000,0.000000,0.000000,0.013114,0.999914,0.000000,0.000000,0.000000,0.000000,0.000000,0.000024,
1629325595.000000,732979118.000000,-0.008228,-0.295790,0.000000,0.000000,0.000000,0.013115,0.999914,0.000000,0.000000,0.000000,0.000000,0.000000,0.000019,
1629325595.000000,765979118.000000,-0.008254,-0.295790,0.000000,0.000000,0.000000,0.013114,0.999914,-0.000767,0.000000,0.000000,0.000000,0.000000,-0.000067,
1629325595.000000,798979118.000000,-0.007469,-0.295770,0.000000,0.000000,0.000000,0.012220,0.999925,0.023777,0.000000,0.000000,0.000000,0.000000,-0.054182,
1629325595.000000,831979118.000000,-0.005774,-0.295738,0.000000,0.000000,0.000000,0.006743,0.999977,0.051388,0.000000,0.000000,0.000000,0.000000,-0.331934,
1629325595.000000,865979118.000000,-0.003673,-0.295724,0.000000,0.000000,0.000000,-0.000083,1.000000,0.061788,0.000000,0.000000,0.000000,0.000000,-0.401513,
1629325595.000000,898979118.000000,-0.001623,-0.295740,0.000000,0.000000,0.000000,-0.007810,0.999969,0.062126,0.000000,0.000000,0.000000,0.000000,-0.468350,
1629325595.000000,931979118.000000,0.000452,-0.295787,0.000000,0.000000,0.000000,-0.014840,0.999890,0.062893,0.000000,0.000000,0.000000,0.000000,-0.426081,
1629325595.000000,964979118.000000,0.002627,-0.295867,0.000000,0.000000,0.000000,-0.021502,0.999769,0.065961,0.000000,0.000000,0.000000,0.000000,-0.403847,
1629325595.000000,997979118.000000,0.004726,-0.295974,0.000000,0.000000,0.000000,-0.029429,0.999567,0.063660,0.000000,0.000000,0.000000,0.000000,-0.480554,
1629325596.000000,30979118.000000,0.006822,-0.296111,0.000000,0.000000,0.000000,-0.036010,0.999351,0.063660,0.000000,0.000000,0.000000,0.000000,-0.399070,
1629325596.000000,63979118.000000,0.008941,-0.296279,0.000000,0.000000,0.000000,-0.043166,0.999068,0.064427,0.000000,0.000000,0.000000,0.000000,-0.433999,
1629325596.000000,96979118.000000,0.011058,-0.296478,0.000000,0.000000,0.000000,-0.050601,0.998719,0.064427,0.000000,0.000000,0.000000,0.000000,-0.451148,
1629325596.000000,136211069.000000,0.013172,-0.296709,0.000000,0.000000,0.000000,-0.057873,0.998324,0.064427,0.000000,0.000000,0.000000,0.000000,-0.441332,
1629325596.000000,170211069.000000,0.015332,-0.296975,0.000000,0.000000,0.000000,-0.064915,0.997891,0.064021,0.000000,0.000000,0.000000,0.000000,-0.415023,
1629325596.000000,203211069.000000,0.017338,-0.297251,0.000000,0.000000,0.000000,-0.071359,0.997451,0.061359,0.000000,0.000000,0.000000,0.000000,-0.391453,
1629325596.000000,235211069.000000,0.019441,-0.297566,0.000000,0.000000,0.000000,-0.077335,0.997005,0.066441,0.000000,0.000000,0.000000,0.000000,-0.374557,
1629325596.000000,269211069.000000,0.021613,-0.297923,0.000000,0.000000,0.000000,-0.085275,0.996357,0.064766,0.000000,0.000000,0.000000,0.000000,-0.468612,
1629325596.000000,302211069.000000,0.023830,-0.298323,0.000000,0.000000,0.000000,-0.093095,0.995657,0.068262,0.000000,0.000000,0.000000,0.000000,-0.475872,
1629325596.000000,334211069.000000,0.026041,-0.298758,0.000000,0.000000,0.000000,-0.100830,0.994904,0.070395,0.000000,0.000000,0.000000,0.000000,-0.485693,
1629325596.000000,368211069.000000,0.028170,-0.299209,0.000000,0.000000,0.000000,-0.107709,0.994182,0.064021,0.000000,0.000000,0.000000,0.000000,-0.406858,
1629325596.000000,401211069.000000,0.030194,-0.299669,0.000000,0.000000,0.000000,-0.115351,0.993325,0.062893,0.000000,0.000000,0.000000,0.000000,-0.466098,
1629325596.000000,433211069.000000,0.032235,-0.300164,0.000000,0.000000,0.000000,-0.121822,0.992552,0.065650,0.000000,0.000000,0.000000,0.000000,-0.407297,
1629325596.000000,467211069.000000,0.034246,-0.300680,0.000000,0.000000,0.000000,-0.128901,0.991657,0.061043,0.000000,0.000000,0.000000,0.000000,-0.419725,
1629325596.000000,499211069.000000,0.036297,-0.301240,0.000000,0.000000,0.000000,-0.136737,0.990607,0.066441,0.000000,0.000000,0.000000,0.000000,-0.494142,
1629325596.000000,533211069.000000,0.038340,-0.301829,0.000000,0.000000,0.000000,-0.143277,0.989683,0.062532,0.000000,0.000000,0.000000,0.000000,-0.388539,
1629325596.000000,566211069.000000,0.040374,-0.302447,0.000000,0.000000,0.000000,-0.150282,0.988643,0.064427,0.000000,0.000000,0.000000,0.000000,-0.429188,
1629325596.000000,599211069.000000,0.042375,-0.303086,0.000000,0.000000,0.000000,-0.157448,0.987527,0.063660,0.000000,0.000000,0.000000,0.000000,-0.439495,
1629325596.000000,632211069.000000,0.044343,-0.303745,0.000000,0.000000,0.000000,-0.164463,0.986383,0.062893,0.000000,0.000000,0.000000,0.000000,-0.430786,
1629325596.000000,665211069.000000,0.046301,-0.304433,0.000000,0.000000,0.000000,-0.171905,0.985114,0.062893,0.000000,0.000000,0.000000,0.000000,-0.457576,
1629325596.000000,698211069.000000,0.048344,-0.305184,0.000000,0.000000,0.000000,-0.178527,0.983935,0.065961,0.000000,0.000000,0.000000,0.000000,-0.407627,
1629325596.000000,731211069.000000,0.050282,-0.305927,0.000000,0.000000,0.000000,-0.185583,0.982629,0.062893,0.000000,0.000000,0.000000,0.000000,-0.434888,
1629325596.000000,764211069.000000,0.052209,-0.306698,0.000000,0.000000,0.000000,-0.192442,0.981308,0.062893,0.000000,0.000000,0.000000,0.000000,-0.423348,
1629325596.000000,797211069.000000,0.054219,-0.307535,0.000000,0.000000,0.000000,-0.200040,0.979788,0.065961,0.000000,0.000000,0.000000,0.000000,-0.469603,
1629325596.000000,830211069.000000,0.056123,-0.308361,0.000000,0.000000,0.000000,-0.206022,0.978547,0.062893,0.000000,0.000000,0.000000,0.000000,-0.370232,
1629325596.000000,863211069.000000,0.057992,-0.309202,0.000000,0.000000,0.000000,-0.213834,0.976870,0.062126,0.000000,0.000000,0.000000,0.000000,-0.484286,
1629325596.000000,896211069.000000,0.059963,-0.310126,0.000000,0.000000,0.000000,-0.220849,0.975308,0.065961,0.000000,0.000000,0.000000,0.000000,-0.435546,
1629325596.000000,929211069.000000,0.061831,-0.311032,0.000000,0.000000,0.000000,-0.226869,0.973925,0.062893,0.000000,0.000000,0.000000,0.000000,-0.374352,
1629325596.000000,962211069.000000,0.063776,-0.312009,0.000000,0.000000,0.000000,-0.234443,0.972130,0.065961,0.000000,0.000000,0.000000,0.000000,-0.471787,
1629325596.000000,995211069.000000,0.065684,-0.313003,0.000000,0.000000,0.000000,-0.241500,0.970401,0.065194,0.000000,0.000000,0.000000,0.000000,-0.440328,
1629325597.000000,28211069.000000,0.067532,-0.314002,0.000000,0.000000,0.000000,-0.249016,0.968499,0.063660,0.000000,0.000000,0.000000,0.000000,-0.469885,
1629325597.000000,61211069.000000,0.069321,-0.315003,0.000000,0.000000,0.000000,-0.255692,0.966758,0.062126,0.000000,0.000000,0.000000,0.000000,-0.418099,
1629325597.000000,94211069.000000,0.071184,-0.316079,0.000000,0.000000,0.000000,-0.262091,0.965043,0.065194,0.000000,0.000000,0.000000,0.000000,-0.401553,
1629325597.000000,127211069.000000,0.072988,-0.317156,0.000000,0.000000,0.000000,-0.269662,0.962955,0.063660,0.000000,0.000000,0.000000,0.000000,-0.475959,
1629325597.000000,160211069.000000,0.074840,-0.318299,0.000000,0.000000,0.000000,-0.275854,0.961200,0.065961,0.000000,0.000000,0.000000,0.000000,-0.390053,
1629325597.000000,193211069.000000,0.076592,-0.319412,0.000000,0.000000,0.000000,-0.282706,0.959207,0.062893,0.000000,0.000000,0.000000,0.000000,-0.432464,
1629325597.000000,226211069.000000,0.078390,-0.320593,0.000000,0.000000,0.000000,-0.290248,0.956951,0.065194,0.000000,0.000000,0.000000,0.000000,-0.477135,
1629325597.000000,259211069.000000,0.080087,-0.321743,0.000000,0.000000,0.000000,-0.296813,0.954936,0.062126,0.000000,0.000000,0.000000,0.000000,-0.416198,
1629325597.000000,292211069.000000,0.081831,-0.322960,0.000000,0.000000,0.000000,-0.303089,0.952962,0.064427,0.000000,0.000000,0.000000,0.000000,-0.398739,
1629325597.000000,325211069.000000,0.083536,-0.324187,0.000000,0.000000,0.000000,-0.310547,0.950558,0.063660,0.000000,0.000000,0.000000,0.000000,-0.474874,
1629325597.000000,359211069.000000,0.085304,-0.325500,0.000000,0.000000,0.000000,-0.317415,0.948287,0.064766,0.000000,0.000000,0.000000,0.000000,-0.425511,
1629325597.000000,393211069.000000,0.086973,-0.326776,0.000000,0.000000,0.000000,-0.323647,0.946178,0.061788,0.000000,0.000000,0.000000,0.000000,-0.387059,
1629325597.000000,426211069.000000,0.088644,-0.328090,0.000000,0.000000,0.000000,-0.330555,0.943787,0.064427,0.000000,0.000000,0.000000,0.000000,-0.443029,
1629325597.000000,459211069.000000,0.090237,-0.329380,0.000000,0.000000,0.000000,-0.337058,0.941484,0.062126,0.000000,0.000000,0.000000,0.000000,-0.418101,
1629325597.000000,492211069.000000,0.091871,-0.330741,0.000000,0.000000,0.000000,-0.343711,0.939076,0.064427,0.000000,0.000000,0.000000,0.000000,-0.428776,
1629325597.000000,525211069.000000,0.093484,-0.332126,0.000000,0.000000,0.000000,-0.350652,0.936506,0.064427,0.000000,0.000000,0.000000,0.000000,-0.448565,
1629325597.000000,558211069.000000,0.095021,-0.333483,0.000000,0.000000,0.000000,-0.357229,0.934017,0.062126,0.000000,0.000000,0.000000,0.000000,-0.426197,
1629325597.000000,591211069.000000,0.096613,-0.334930,0.000000,0.000000,0.000000,-0.363869,0.931450,0.065194,0.000000,0.000000,0.000000,0.000000,-0.431482,
1629325597.000000,624211069.000000,0.098165,-0.336383,0.000000,0.000000,0.000000,-0.370742,0.928736,0.064427,0.000000,0.000000,0.000000,0.000000,-0.447866,
1629325597.000000,657211069.000000,0.099678,-0.337840,0.000000,0.000000,0.000000,-0.377300,0.926091,0.063660,0.000000,0.000000,0.000000,0.000000,-0.428518,
1629325597.000000,690211069.000000,0.101171,-0.339319,0.000000,0.000000,0.000000,-0.383900,0.923374,0.063660,0.000000,0.000000,0.000000,0.000000,-0.432611,
1629325597.000000,723211069.000000,0.102676,-0.340856,0.000000,0.000000,0.000000,-0.390759,0.920493,0.065194,0.000000,0.000000,0.000000,0.000000,-0.450875,
1629325597.000000,756211069.000000,0.104160,-0.342414,0.000000,0.000000,0.000000,-0.397349,0.917668,0.065194,0.000000,0.000000,0.000000,0.000000,-0.434547,
1629325597.000000,789211069.000000,0.105620,-0.343994,0.000000,0.000000,0.000000,-0.404424,0.914572,0.065194,0.000000,0.000000,0.000000,0.000000,-0.468057,
1629325597.000000,822211069.000000,0.107039,-0.345577,0.000000,0.000000,0.000000,-0.410714,0.911764,0.064427,0.000000,0.000000,0.000000,0.000000,-0.417475,
1629325597.000000,855211069.000000,0.108438,-0.347178,0.000000,0.000000,0.000000,-0.416751,0.909021,0.064427,0.000000,0.000000,0.000000,0.000000,-0.401829,
1629325597.000000,888211069.000000,0.109812,-0.348801,0.000000,0.000000,0.000000,-0.424281,0.905530,0.064427,0.000000,0.000000,0.000000,0.000000,-0.503060,
1629325597.000000,922211069.000000,0.111257,-0.350561,0.000000,0.000000,0.000000,-0.430744,0.902474,0.066999,0.000000,0.000000,0.000000,0.000000,-0.420539,
1629325597.000000,955211069.000000,0.112565,-0.352205,0.000000,0.000000,0.000000,-0.437755,0.899094,0.063660,0.000000,0.000000,0.000000,0.000000,-0.471689,
1629325597.000000,988211069.000000,0.113865,-0.353888,0.000000,0.000000,0.000000,-0.444250,0.895903,0.064427,0.000000,0.000000,0.000000,0.000000,-0.438557,
1629325598.000000,21211069.000000,0.115184,-0.355651,0.000000,0.000000,0.000000,-0.450928,0.892560,0.066728,0.000000,0.000000,0.000000,0.000000,-0.452641,
1629325598.000000,54211069.000000,0.116433,-0.357371,0.000000,0.000000,0.000000,-0.457325,0.889300,0.064427,0.000000,0.000000,0.000000,0.000000,-0.435146,
1629325598.000000,87211069.000000,0.117643,-0.359089,0.000000,0.000000,0.000000,-0.463687,0.885999,0.063660,0.000000,0.000000,0.000000,0.000000,-0.434409,
1629325598.000000,120211069.000000,0.118857,-0.360865,0.000000,0.000000,0.000000,-0.469723,0.882814,0.065194,0.000000,0.000000,0.000000,0.000000,-0.413620,
1629325598.000000,153211069.000000,0.119991,-0.362573,0.000000,0.000000,0.000000,-0.475953,0.879471,0.062126,0.000000,0.000000,0.000000,0.000000,-0.428489,
1629325598.000000,186211069.000000,0.121141,-0.364361,0.000000,0.000000,0.000000,-0.482143,0.876092,0.064427,0.000000,0.000000,0.000000,0.000000,-0.427391,
1629325598.000000,220211069.000000,0.122292,-0.366209,0.000000,0.000000,0.000000,-0.488632,0.872490,0.064021,0.000000,0.000000,0.000000,0.000000,-0.436569,
1629325598.000000,253211069.000000,0.123364,-0.367986,0.000000,0.000000,0.000000,-0.494747,0.869037,0.062893,0.000000,0.000000,0.000000,0.000000,-0.425584,
1629325598.000000,286211069.000000,0.124410,-0.369779,0.000000,0.000000,0.000000,-0.501261,0.865296,0.062893,0.000000,0.000000,0.000000,0.000000,-0.455322,
1629325598.000000,319211069.000000,0.125479,-0.371675,0.000000,0.000000,0.000000,-0.507535,0.861631,0.065961,0.000000,0.000000,0.000000,0.000000,-0.440298,
1629325598.000000,352211069.000000,0.126472,-0.373497,0.000000,0.000000,0.000000,-0.513625,0.858015,0.062893,0.000000,0.000000,0.000000,0.000000,-0.429294,
1629325598.000000,385211069.000000,0.127465,-0.375377,0.000000,0.000000,0.000000,-0.519241,0.854628,0.064427,0.000000,0.000000,0.000000,0.000000,-0.397444,
1629325598.000000,419211069.000000,0.128442,-0.377294,0.000000,0.000000,0.000000,-0.525493,0.850798,0.063277,0.000000,0.000000,0.000000,0.000000,-0.431299,
1629325598.000000,452211069.000000,0.129358,-0.379156,0.000000,0.000000,0.000000,-0.531478,0.847072,0.062893,0.000000,0.000000,0.000000,0.000000,-0.427311,
1629325598.000000,485211069.000000,0.130269,-0.381078,0.000000,0.000000,0.000000,-0.537809,0.843067,0.064427,0.000000,0.000000,0.000000,0.000000,-0.454036,
1629325598.000000,518211069.000000,0.131151,-0.383012,0.000000,0.000000,0.000000,-0.543883,0.839161,0.064427,0.000000,0.000000,0.000000,0.000000,-0.437664,
1629325598.000000,551211069.000000,0.131985,-0.384912,0.000000,0.000000,0.000000,-0.549818,0.835285,0.062893,0.000000,0.000000,0.000000,0.000000,-0.429569,
1629325598.000000,584211069.000000,0.132793,-0.386824,0.000000,0.000000,0.000000,-0.555240,0.831690,0.062893,0.000000,0.000000,0.000000,0.000000,-0.394265,
1629325598.000000,612610948.000000,0.133613,-0.388840,0.000000,0.000000,0.000000,-0.561189,0.827688,0.065961,0.000000,0.000000,0.000000,0.000000,-0.434565,
1629325598.000000,645610948.000000,0.134368,-0.390774,0.000000,0.000000,0.000000,-0.567018,0.823705,0.062893,0.000000,0.000000,0.000000,0.000000,-0.427853,
1629325598.000000,679610948.000000,0.135104,-0.392741,0.000000,0.000000,0.000000,-0.572687,0.819774,0.061788,0.000000,0.000000,0.000000,0.000000,-0.405799,
1629325598.000000,712610948.000000,0.135821,-0.394743,0.000000,0.000000,0.000000,-0.578558,0.815641,0.064427,0.000000,0.000000,0.000000,0.000000,-0.435172,
1629325598.000000,745610948.000000,0.136510,-0.396755,0.000000,0.000000,0.000000,-0.584436,0.811440,0.064427,0.000000,0.000000,0.000000,0.000000,-0.437888,
1629325598.000000,778610948.000000,0.137154,-0.398728,0.000000,0.000000,0.000000,-0.590094,0.807335,0.062893,0.000000,0.000000,0.000000,0.000000,-0.423626,
1629325598.000000,811610948.000000,0.137814,-0.400855,0.000000,0.000000,0.000000,-0.595859,0.803089,0.067495,0.000000,0.000000,0.000000,0.000000,-0.433918,
1629325598.000000,844610948.000000,0.138401,-0.402846,0.000000,0.000000,0.000000,-0.602096,0.798424,0.062893,0.000000,0.000000,0.000000,0.000000,-0.472054,
1629325598.000000,877610948.000000,0.138965,-0.404869,0.000000,0.000000,0.000000,-0.607162,0.794578,0.063660,0.000000,0.000000,0.000000,0.000000,-0.385469,
1629325598.000000,910610948.000000,0.139508,-0.406925,0.000000,0.000000,0.000000,-0.613211,0.789919,0.064427,0.000000,0.000000,0.000000,0.000000,-0.462767,
1629325598.000000,943610948.000000,0.140015,-0.408964,0.000000,0.000000,0.000000,-0.618876,0.785489,0.063660,0.000000,0.000000,0.000000,0.000000,-0.435847,
1629325598.000000,976610948.000000,0.140488,-0.410984,0.000000,0.000000,0.000000,-0.623425,0.781883,0.062893,0.000000,0.000000,0.000000,0.000000,-0.351797,
1629325599.000000,9610948.000000,0.140934,-0.413011,0.000000,0.000000,0.000000,-0.629698,0.776840,0.062893,0.000000,0.000000,0.000000,0.000000,-0.487830,
1629325599.000000,45610948.000000,0.141375,-0.415169,0.000000,0.000000,0.000000,-0.635204,0.772344,0.061167,0.000000,0.000000,0.000000,0.000000,-0.394877,
1629325599.000000,78610948.000000,0.141771,-0.417258,0.000000,0.000000,0.000000,-0.640470,0.767983,0.064427,0.000000,0.000000,0.000000,0.000000,-0.414371,
1629325599.000000,111610948.000000,0.142133,-0.419327,0.000000,0.000000,0.000000,-0.645902,0.763420,0.063660,0.000000,0.000000,0.000000,0.000000,-0.430006,
1629325599.000000,144610948.000000,0.142474,-0.421451,0.000000,0.000000,0.000000,-0.651505,0.758644,0.065194,0.000000,0.000000,0.000000,0.000000,-0.446190,
1629325599.000000,177610948.000000,0.142773,-0.423505,0.000000,0.000000,0.000000,-0.656810,0.754056,0.062893,0.000000,0.000000,0.000000,0.000000,-0.425068,
1629325599.000000,210610948.000000,0.143058,-0.425663,0.000000,0.000000,0.000000,-0.661800,0.749681,0.065961,0.000000,0.000000,0.000000,0.000000,-0.402212,
1629325599.000000,243610948.000000,0.143305,-0.427775,0.000000,0.000000,0.000000,-0.667720,0.744412,0.064427,0.000000,0.000000,0.000000,0.000000,-0.480330,
1629325599.000000,276610948.000000,0.143518,-0.429865,0.000000,0.000000,0.000000,-0.672910,0.739724,0.063660,0.000000,0.000000,0.000000,0.000000,-0.423843,
1629325599.000000,309610948.000000,0.143702,-0.431983,0.000000,0.000000,0.000000,-0.678599,0.734509,0.064427,0.000000,0.000000,0.000000,0.000000,-0.467712,
1629325599.000000,342610948.000000,0.143858,-0.434154,0.000000,0.000000,0.000000,-0.684026,0.729457,0.065961,0.000000,0.000000,0.000000,0.000000,-0.449387,
1629325599.000000,375610948.000000,0.143978,-0.436226,0.000000,0.000000,0.000000,-0.688759,0.724991,0.062893,0.000000,0.000000,0.000000,0.000000,-0.394395,
1629325599.000000,408610948.000000,0.144073,-0.438401,0.000000,0.000000,0.000000,-0.693956,0.720017,0.065961,0.000000,0.000000,0.000000,0.000000,-0.435977,
1629325599.000000,443610948.000000,0.144139,-0.440627,0.000000,0.000000,0.000000,-0.699412,0.714719,0.063638,0.000000,0.000000,0.000000,0.000000,-0.434566,
1629325599.000000,476610948.000000,0.144169,-0.442727,0.000000,0.000000,0.000000,-0.704507,0.709697,0.063660,0.000000,0.000000,0.000000,0.000000,-0.433622,
1629325599.000000,509610948.000000,0.144169,-0.444955,0.000000,0.000000,0.000000,-0.709673,0.704531,0.067495,0.000000,0.000000,0.000000,0.000000,-0.442758,
1629325599.000000,542610948.000000,0.144137,-0.447106,0.000000,0.000000,0.000000,-0.714963,0.699163,0.065194,0.000000,0.000000,0.000000,0.000000,-0.456745,
1629325599.000000,575610948.000000,0.144074,-0.449256,0.000000,0.000000,0.000000,-0.719998,0.693976,0.065194,0.000000,0.000000,0.000000,0.000000,-0.438101,
1629325599.000000,608610948.000000,0.143979,-0.451406,0.000000,0.000000,0.000000,-0.725038,0.688709,0.065194,0.000000,0.000000,0.000000,0.000000,-0.441804,
1629325599.000000,642610948.000000,0.143851,-0.453553,0.000000,0.000000,0.000000,-0.730519,0.682893,0.063277,0.000000,0.000000,0.000000,0.000000,-0.470123,
1629325599.000000,675610948.000000,0.143694,-0.455674,0.000000,0.000000,0.000000,-0.734980,0.678089,0.064427,0.000000,0.000000,0.000000,0.000000,-0.397353,
1629325599.000000,708610948.000000,0.143508,-0.457792,0.000000,0.000000,0.000000,-0.739890,0.672728,0.064427,0.000000,0.000000,0.000000,0.000000,-0.440572,
1629325599.000000,741610948.000000,0.143288,-0.459932,0.000000,0.000000,0.000000,-0.744783,0.667307,0.065194,0.000000,0.000000,0.000000,0.000000,-0.442602,
1629325599.000000,774610948.000000,0.143047,-0.461993,0.000000,0.000000,0.000000,-0.749444,0.662067,0.062893,0.000000,0.000000,0.000000,0.000000,-0.424996,
1629325599.000000,807610948.000000,0.142769,-0.464101,0.000000,0.000000,0.000000,-0.754150,0.656703,0.064427,0.000000,0.000000,0.000000,0.000000,-0.432495,
1629325599.000000,840610948.000000,0.142464,-0.466180,0.000000,0.000000,0.000000,-0.759268,0.650778,0.063660,0.000000,0.000000,0.000000,0.000000,-0.474478,
1629325599.000000,873610948.000000,0.142130,-0.468254,0.000000,0.000000,0.000000,-0.763398,0.645928,0.063660,0.000000,0.000000,0.000000,0.000000,-0.386122,
1629325599.000000,906610948.000000,0.141772,-0.470298,0.000000,0.000000,0.000000,-0.767926,0.640539,0.062893,0.000000,0.000000,0.000000,0.000000,-0.426556,
1629325599.000000,939610948.000000,0.141370,-0.472412,0.000000,0.000000,0.000000,-0.772621,0.634868,0.065194,0.000000,0.000000,0.000000,0.000000,-0.446226,
1629325599.000000,973610948.000000,0.140947,-0.474469,0.000000,0.000000,0.000000,-0.777387,0.629022,0.061788,0.000000,0.000000,0.000000,0.000000,-0.443662,
1629325600.000000,6610948.000000,0.140489,-0.476545,0.000000,0.000000,0.000000,-0.781808,0.623519,0.064427,0.000000,0.000000,0.000000,0.000000,-0.427839,
1629325600.000000,39610948.000000,0.140007,-0.478590,0.000000,0.000000,0.000000,-0.786307,0.617836,0.063660,0.000000,0.000000,0.000000,0.000000,-0.439275,
1629325600.000000,72610948.000000,0.139509,-0.480579,0.000000,0.000000,0.000000,-0.790271,0.612757,0.062126,0.000000,0.000000,0.000000,0.000000,-0.390465,
1629325600.000000,105610948.000000,0.138952,-0.482683,0.000000,0.000000,0.000000,-0.794590,0.607147,0.065961,0.000000,0.000000,0.000000,0.000000,-0.429092,
1629325600.000000,138610948.000000,0.138371,-0.484755,0.000000,0.000000,0.000000,-0.798985,0.601352,0.065194,0.000000,0.000000,0.000000,0.000000,-0.440800,
1629325600.000000,171610948.000000,0.137790,-0.486721,0.000000,0.000000,0.000000,-0.803186,0.595729,0.062126,0.000000,0.000000,0.000000,0.000000,-0.425404,
1629325600.000000,204610948.000000,0.137167,-0.488727,0.000000,0.000000,0.000000,-0.807300,0.590142,0.063660,0.000000,0.000000,0.000000,0.000000,-0.420505,
1629325600.000000,237610948.000000,0.136507,-0.490748,0.000000,0.000000,0.000000,-0.811512,0.584336,0.064427,0.000000,0.000000,0.000000,0.000000,-0.434731,
1629325600.000000,270610948.000000,0.135835,-0.492712,0.000000,0.000000,0.000000,-0.815618,0.578591,0.062893,0.000000,0.000000,0.000000,0.000000,-0.427911,
1629325600.000000,303610948.000000,0.135127,-0.494690,0.000000,0.000000,0.000000,-0.819637,0.572883,0.063660,0.000000,0.000000,0.000000,0.000000,-0.423135,
1629325600.000000,337610948.000000,0.134364,-0.496728,0.000000,0.000000,0.000000,-0.823750,0.566953,0.064021,0.000000,0.000000,0.000000,0.000000,-0.424490,
1629325600.000000,370610948.000000,0.133600,-0.498685,0.000000,0.000000,0.000000,-0.827758,0.561086,0.063660,0.000000,0.000000,0.000000,0.000000,-0.430642,
1629325600.000000,404610948.000000,0.132778,-0.500701,0.000000,0.000000,0.000000,-0.832061,0.554685,0.064021,0.000000,0.000000,0.000000,0.000000,-0.453697,
1629325600.000000,437610948.000000,0.131936,-0.502681,0.000000,0.000000,0.000000,-0.836034,0.548677,0.065194,0.000000,0.000000,0.000000,0.000000,-0.436530,
1629325600.000000,470610948.000000,0.131088,-0.504603,0.000000,0.000000,0.000000,-0.839622,0.543171,0.063660,0.000000,0.000000,0.000000,0.000000,-0.398325,
1629325600.000000,503610948.000000,0.130223,-0.506489,0.000000,0.000000,0.000000,-0.843639,0.536910,0.062893,0.000000,0.000000,0.000000,0.000000,-0.450828,
1629325600.000000,536610948.000000,0.129288,-0.508455,0.000000,0.000000,0.000000,-0.847176,0.531313,0.065961,0.000000,0.000000,0.000000,0.000000,-0.401280,
1629325600.000000,569610948.000000,0.128371,-0.510317,0.000000,0.000000,0.000000,-0.850967,0.525219,0.062893,0.000000,0.000000,0.000000,0.000000,-0.434948,
1629325600.000000,602610948.000000,0.127439,-0.512143,0.000000,0.000000,0.000000,-0.854803,0.518953,0.062126,0.000000,0.000000,0.000000,0.000000,-0.445294,
1629325600.000000,635610948.000000,0.126433,-0.514044,0.000000,0.000000,0.000000,-0.858452,0.512894,0.065194,0.000000,0.000000,0.000000,0.000000,-0.428633,
1629325600.000000,668610948.000000,0.125450,-0.515844,0.000000,0.000000,0.000000,-0.861547,0.507678,0.062126,0.000000,0.000000,0.000000,0.000000,-0.367605,
1629325600.000000,701610948.000000,0.124431,-0.517652,0.000000,0.000000,0.000000,-0.865250,0.501340,0.062893,0.000000,0.000000,0.000000,0.000000,-0.444867,
1629325600.000000,734610948.000000,0.123372,-0.519466,0.000000,0.000000,0.000000,-0.869072,0.494685,0.063660,0.000000,0.000000,0.000000,0.000000,-0.465097,
1629325600.000000,767610948.000000,0.122289,-0.521266,0.000000,0.000000,0.000000,-0.872121,0.489290,0.063660,0.000000,0.000000,0.000000,0.000000,-0.375603,
1629325600.000000,800610948.000000,0.121207,-0.523008,0.000000,0.000000,0.000000,-0.875686,0.482882,0.062126,0.000000,0.000000,0.000000,0.000000,-0.444405,
1629325600.000000,833610948.000000,0.120032,-0.524840,0.000000,0.000000,0.000000,-0.879396,0.476092,0.065961,0.000000,0.000000,0.000000,0.000000,-0.468962,
1629325600.000000,866610948.000000,0.118858,-0.526613,0.000000,0.000000,0.000000,-0.882353,0.470588,0.064427,0.000000,0.000000,0.000000,0.000000,-0.378681,
1629325600.000000,899610948.000000,0.117689,-0.528328,0.000000,0.000000,0.000000,-0.885866,0.463941,0.062893,0.000000,0.000000,0.000000,0.000000,-0.455611,
1629325600.000000,932610948.000000,0.116450,-0.530086,0.000000,0.000000,0.000000,-0.889451,0.457030,0.065194,0.000000,0.000000,0.000000,0.000000,-0.471874,
1629325600.000000,965610948.000000,0.115184,-0.531826,0.000000,0.000000,0.000000,-0.892808,0.450437,0.065194,0.000000,0.000000,0.000000,0.000000,-0.448408,
1629325600.000000,998610948.000000,0.113910,-0.533528,0.000000,0.000000,0.000000,-0.895723,0.444613,0.064427,0.000000,0.000000,0.000000,0.000000,-0.394713,
1629325601.000000,31610948.000000,0.112580,-0.535251,0.000000,0.000000,0.000000,-0.899166,0.437608,0.065961,0.000000,0.000000,0.000000,0.000000,-0.473051,
1629325601.000000,64610948.000000,0.111256,-0.536915,0.000000,0.000000,0.000000,-0.902369,0.430964,0.064427,0.000000,0.000000,0.000000,0.000000,-0.446970,
1629325601.000000,97610948.000000,0.109876,-0.538598,0.000000,0.000000,0.000000,-0.905451,0.424451,0.065961,0.000000,0.000000,0.000000,0.000000,-0.436747,
1629325601.000000,129348989.000000,0.108471,-0.540261,0.000000,0.000000,0.000000,-0.908539,0.417799,0.065961,0.000000,0.000000,0.000000,0.000000,-0.444427,
1629325601.000000,162348989.000000,0.107076,-0.541865,0.000000,0.000000,0.000000,-0.911615,0.411045,0.064427,0.000000,0.000000,0.000000,0.000000,-0.449809,
1629325601.000000,195348989.000000,0.105673,-0.543429,0.000000,0.000000,0.000000,-0.914525,0.404530,0.063660,0.000000,0.000000,0.000000,0.000000,-0.432441,
1629325601.000000,228348989.000000,0.104180,-0.545047,0.000000,0.000000,0.000000,-0.917451,0.397848,0.066728,0.000000,0.000000,0.000000,0.000000,-0.442086,
1629325601.000000,261348989.000000,0.102716,-0.546589,0.000000,0.000000,0.000000,-0.920363,0.391066,0.064427,0.000000,0.000000,0.000000,0.000000,-0.447302,
1629325601.000000,294348989.000000,0.101248,-0.548091,0.000000,0.000000,0.000000,-0.922879,0.385090,0.063660,0.000000,0.000000,0.000000,0.000000,-0.392979,
1629325601.000000,328348989.000000,0.099686,-0.549644,0.000000,0.000000,0.000000,-0.925935,0.377683,0.064766,0.000000,0.000000,0.000000,0.000000,-0.471347,
1629325601.000000,361348989.000000,0.098139,-0.551138,0.000000,0.000000,0.000000,-0.928481,0.371379,0.065194,0.000000,0.000000,0.000000,0.000000,-0.412060,
1629325601.000000,394348989.000000,0.096625,-0.552558,0.000000,0.000000,0.000000,-0.931227,0.364440,0.062893,0.000000,0.000000,0.000000,0.000000,-0.452258,
1629325601.000000,427348989.000000,0.095055,-0.553992,0.000000,0.000000,0.000000,-0.933420,0.358785,0.064427,0.000000,0.000000,0.000000,0.000000,-0.367620,
1629325601.000000,460348989.000000,0.093483,-0.555386,0.000000,0.000000,0.000000,-0.936384,0.350976,0.063660,0.000000,0.000000,0.000000,0.000000,-0.506206,
1629325601.000000,493348989.000000,0.091987,-0.556675,0.000000,0.000000,0.000000,-0.938531,0.345195,0.059825,0.000000,0.000000,0.000000,0.000000,-0.373739,
1629325601.000000,526348989.000000,0.090319,-0.558073,0.000000,0.000000,0.000000,-0.940964,0.338508,0.065961,0.000000,0.000000,0.000000,0.000000,-0.431292,
1629325601.000000,559348989.000000,0.088690,-0.559400,0.000000,0.000000,0.000000,-0.943421,0.331598,0.063660,0.000000,0.000000,0.000000,0.000000,-0.444456,
1629325601.000000,592348989.000000,0.087042,-0.560703,0.000000,0.000000,0.000000,-0.945695,0.325055,0.063660,0.000000,0.000000,0.000000,0.000000,-0.419797,
1629325601.000000,625348989.000000,0.085316,-0.562029,0.000000,0.000000,0.000000,-0.947970,0.318358,0.065961,0.000000,0.000000,0.000000,0.000000,-0.428669,
1629325601.000000,658348989.000000,0.083652,-0.563269,0.000000,0.000000,0.000000,-0.950259,0.311460,0.062893,0.000000,0.000000,0.000000,0.000000,-0.440489,
1629325601.000000,691348989.000000,0.081991,-0.564471,0.000000,0.000000,0.000000,-0.952525,0.304460,0.062126,0.000000,0.000000,0.000000,0.000000,-0.445937,
1629325601.000000,724348989.000000,0.080251,-0.565692,0.000000,0.000000,0.000000,-0.954632,0.297788,0.064427,0.000000,0.000000,0.000000,0.000000,-0.424046,
1629325601.000000,757348989.000000,0.078472,-0.566902,0.000000,0.000000,0.000000,-0.956771,0.290843,0.065194,0.000000,0.000000,0.000000,0.000000,-0.440431,
1629325601.000000,790348989.000000,0.076761,-0.568031,0.000000,0.000000,0.000000,-0.958758,0.284224,0.062126,0.000000,0.000000,0.000000,0.000000,-0.418829,
1629325601.000000,826348989.000000,0.074884,-0.569231,0.000000,0.000000,0.000000,-0.960869,0.277003,0.061871,0.000000,0.000000,0.000000,0.000000,-0.417921,
1629325601.000000,861348989.000000,0.072969,-0.570417,0.000000,0.000000,0.000000,-0.962820,0.270144,0.064361,0.000000,0.000000,0.000000,0.000000,-0.407485,
1629325601.000000,894348989.000000,0.071167,-0.571497,0.000000,0.000000,0.000000,-0.964674,0.263446,0.063660,0.000000,0.000000,0.000000,0.000000,-0.421235,
1629325601.000000,927348989.000000,0.069351,-0.572552,0.000000,0.000000,0.000000,-0.966473,0.256769,0.063660,0.000000,0.000000,0.000000,0.000000,-0.419082,
1629325601.000000,960348989.000000,0.067453,-0.573619,0.000000,0.000000,0.000000,-0.968316,0.249730,0.065961,0.000000,0.000000,0.000000,0.000000,-0.441017,
1629325601.000000,993348989.000000,0.065563,-0.574646,0.000000,0.000000,0.000000,-0.970046,0.242921,0.065194,0.000000,0.000000,0.000000,0.000000,-0.425765,
1629325602.000000,26348989.000000,0.063703,-0.575622,0.000000,0.000000,0.000000,-0.971843,0.235630,0.063660,0.000000,0.000000,0.000000,0.000000,-0.455090,
1629325602.000000,60348989.000000,0.061805,-0.576582,0.000000,0.000000,0.000000,-0.973555,0.228452,0.062532,0.000000,0.000000,0.000000,0.000000,-0.434076,
1629325602.000000,93348989.000000,0.059872,-0.577526,0.000000,0.000000,0.000000,-0.975019,0.222123,0.065194,0.000000,0.000000,0.000000,0.000000,-0.393730,
1629325602.000000,126348989.000000,0.058018,-0.578400,0.000000,0.000000,0.000000,-0.976649,0.214839,0.062126,0.000000,0.000000,0.000000,0.000000,-0.452367,
1629325602.000000,159348989.000000,0.056036,-0.579300,0.000000,0.000000,0.000000,-0.978169,0.207810,0.065961,0.000000,0.000000,0.000000,0.000000,-0.435836,
1629325602.000000,195348989.000000,0.054017,-0.580180,0.000000,0.000000,0.000000,-0.979694,0.200497,0.061167,0.000000,0.000000,0.000000,0.000000,-0.415054,
1629325602.000000,229348989.000000,0.052033,-0.581011,0.000000,0.000000,0.000000,-0.981099,0.193506,0.063277,0.000000,0.000000,0.000000,0.000000,-0.419406,
1629325602.000000,262348989.000000,0.050037,-0.581814,0.000000,0.000000,0.000000,-0.982372,0.186938,0.065194,0.000000,0.000000,0.000000,0.000000,-0.405499,
1629325602.000000,295348989.000000,0.048101,-0.582562,0.000000,0.000000,0.000000,-0.983752,0.179534,0.062893,0.000000,0.000000,0.000000,0.000000,-0.456420,
1629325602.000000,328348989.000000,0.046131,-0.583292,0.000000,0.000000,0.000000,-0.984880,0.173238,0.063660,0.000000,0.000000,0.000000,0.000000,-0.387654,
1629325602.000000,361348989.000000,0.044127,-0.584002,0.000000,0.000000,0.000000,-0.986196,0.165584,0.064427,0.000000,0.000000,0.000000,0.000000,-0.470711,
1629325602.000000,394348989.000000,0.042137,-0.584675,0.000000,0.000000,0.000000,-0.987262,0.159105,0.063660,0.000000,0.000000,0.000000,0.000000,-0.397957,
1629325602.000000,427348989.000000,0.040162,-0.585313,0.000000,0.000000,0.000000,-0.988350,0.152199,0.062893,0.000000,0.000000,0.000000,0.000000,-0.423728,
1629325602.000000,462348989.000000,0.037984,-0.585981,0.000000,0.000000,0.000000,-0.989495,0.144566,0.065085,0.000000,0.000000,0.000000,0.000000,-0.441006,
1629325602.000000,495348989.000000,0.035942,-0.586574,0.000000,0.000000,0.000000,-0.990569,0.137014,0.064427,0.000000,0.000000,0.000000,0.000000,-0.462351,
1629325602.000000,528348989.000000,0.033917,-0.587131,0.000000,0.000000,0.000000,-0.991441,0.130553,0.063660,0.000000,0.000000,0.000000,0.000000,-0.395096,
1629325602.000000,561348989.000000,0.031835,-0.587673,0.000000,0.000000,0.000000,-0.992375,0.123255,0.065194,0.000000,0.000000,0.000000,0.000000,-0.445922,
1629325602.000000,594348989.000000,0.029769,-0.588177,0.000000,0.000000,0.000000,-0.993299,0.115576,0.064427,0.000000,0.000000,0.000000,0.000000,-0.468753,
1629325602.000000,627348989.000000,0.027672,-0.588657,0.000000,0.000000,0.000000,-0.994039,0.109029,0.065194,0.000000,0.000000,0.000000,0.000000,-0.399337,
1629325602.000000,660348989.000000,0.025593,-0.589103,0.000000,0.000000,0.000000,-0.994812,0.101731,0.064427,0.000000,0.000000,0.000000,0.000000,-0.444759,
1629325602.000000,693348989.000000,0.023508,-0.589518,0.000000,0.000000,0.000000,-0.995523,0.094520,0.064427,0.000000,0.000000,0.000000,0.000000,-0.439167,
1629325602.000000,726348989.000000,0.021367,-0.589911,0.000000,0.000000,0.000000,-0.996222,0.086846,0.065961,0.000000,0.000000,0.000000,0.000000,-0.467011,
1629325602.000000,759348989.000000,0.023514,-0.589549,0.000000,0.000000,0.000000,0.996792,-0.080041,0.065961,0.000000,0.000000,0.000000,0.000000,189.985718,
1629325602.000000,792348989.000000,0.021387,-0.589877,0.000000,0.000000,0.000000,0.997349,-0.072766,0.065194,0.000000,0.000000,0.000000,0.000000,-0.442201,
1629325602.000000,825348989.000000,0.019306,-0.590166,0.000000,0.000000,0.000000,0.997882,-0.065047,0.063660,0.000000,0.000000,0.000000,0.000000,-0.468948,
1629325602.000000,860348989.000000,0.017021,-0.590448,0.000000,0.000000,0.000000,0.998328,-0.057808,0.065808,0.000000,0.000000,0.000000,0.000000,-0.414453,
1629325602.000000,893348989.000000,0.014907,-0.590680,0.000000,0.000000,0.000000,0.998693,-0.051119,0.064427,0.000000,0.000000,0.000000,0.000000,-0.405991,
1629325602.000000,926348989.000000,0.012841,-0.590875,0.000000,0.000000,0.000000,0.999075,-0.043002,0.062893,0.000000,0.000000,0.000000,0.000000,-0.492472,
1629325602.000000,959348989.000000,0.010696,-0.591044,0.000000,0.000000,0.000000,0.999364,-0.035650,0.065194,0.000000,0.000000,0.000000,0.000000,-0.445958,
1629325602.000000,992348989.000000,0.008549,-0.591183,0.000000,0.000000,0.000000,0.999578,-0.029055,0.065194,0.000000,0.000000,0.000000,0.000000,-0.399850,
1629325603.000000,27348989.000000,0.006325,-0.591296,0.000000,0.000000,0.000000,0.999764,-0.021708,0.063638,0.000000,0.000000,0.000000,0.000000,-0.420005,
1629325603.000000,60348989.000000,0.004251,-0.591371,0.000000,0.000000,0.000000,0.999895,-0.014477,0.062893,0.000000,0.000000,0.000000,0.000000,-0.438322,
1629325603.000000,93348989.000000,0.002150,-0.591417,0.000000,0.000000,0.000000,0.999973,-0.007345,0.063660,0.000000,0.000000,0.000000,0.000000,-0.432238,
1629325603.000000,126348989.000000,0.000049,-0.591432,0.000000,0.000000,0.000000,1.000000,0.000081,0.063660,0.000000,0.000000,0.000000,0.000000,-0.450098,
1629325603.000000,160348989.000000,-0.002127,-0.591416,0.000000,0.000000,0.000000,0.999973,0.007320,0.064021,0.000000,0.000000,0.000000,0.000000,-0.425809,
1629325603.000000,192348989.000000,-0.004177,-0.591372,0.000000,0.000000,0.000000,0.999903,0.013958,0.064068,0.000000,0.000000,0.000000,0.000000,-0.414915,
