1629325753.000000,615134937.000000,-0.012268,-0.590922,0.000000,0.000000,0.000000,0.007364,0.999973,0.001534,0.000000,0.000000,0.000000,0.000000,-0.000104,
1629325753.000000,648134937.000000,-0.012294,-0.590923,0.000000,0.000000,0.000000,0.007364,0.999973,-0.000767,0.000000,0.000000,0.000000,0.000000,0.000014,
1629325764.000000,27408891.000000,-0.012294,-0.590923,0.000000,0.000000,0.000000,0.007368,0.999973,0.000000,0.000000,0.000000,0.000000,0.000000,-0.000227,
1629325764.000000,60408891.000000,-0.012319,-0.590923,0.000000,0.000000,0.000000,0.007370,0.999973,-0.000767,0.000000,0.000000,0.000000,0.000000,0.000166,
1629325764.000000,93408891.000000,-0.012294,-0.590923,0.000000,0.000000,0.000000,0.007375,0.999973,0.000767,0.000000,0.000000,0.000000,0.000000,0.000303,
1629325764.000000,127408891.000000,-0.012319,-0.590923,0.000000,0.000000,0.000000,0.007384,0.999973,-0.000744,0.000000,0.000000,0.000000,0.000000,0.000482,
1629325764.000000,160408891.000000,-0.012294,-0.590923,0.000000,0.000000,0.000000,0.007378,0.999973,0.000767,0.000000,0.000000,0.000000,0.000000,-0.000342,
1629325764.000000,193408891.000000,-0.012294,-0.590923,0.000000,0.000000,0.000000,0.007370,0.999973,0.000000,0.000000,0.000000,0.000000,0.000000,-0.000480,
1629325764.000000,226408891.000000,-0.012294,-0.590923,0.000000,0.000000,0.000000,0.007373,0.999973,0.000000,0.000000,0.000000,0.000000,0.000000,0.000168,
1629325764.000000,259408891.000000,-0.012294,-0.590923,0.000000,0.000000,0.000000,0.007373,0.999973,0.000000,0.000000,0.000000,0.000000,0.000000,-0.000014,
1629325764.000000,292408891.000000,-0.012294,-0.590923,0.000000,0.000000,0.000000,0.007377,0.999973,0.000000,0.000000,0.000000,0.000000,0.000000,0.000273,
1629325764.000000,325408891.000000,-0.012294,-0.590923,0.000000,0.000000,0.000000,0.007376,0.999973,0.000000,0.000000,0.000000,0.000000,0.000000,-0.000090,
1629325764.000000,358408891.000000,-0.012268,-0.590922,0.000000,0.000000,0.000000,0.007378,0.999973,0.000767,0.000000,0.000000,0.000000,0.000000,0.000144,
1629325764.000000,392408891.000000,-0.012319,-0.590923,0.000000,0.000000,0.000000,0.007366,0.999973,-0.001489,0.000000,0.000000,0.000000,0.000000,-0.000685,
1629325764.000000,425408891.000000,-0.012319,-0.590923,0.000000,0.000000,0.000000,0.007378,0.999973,0.000000,0.000000,0.000000,0.000000,0.000000,0.000726,
1629325764.000000,458408891.000000,-0.011484,-0.590912,0.000000,0.000000,0.000000,0.006518,0.999979,0.025311,0.000000,0.000000,0.000000,0.000000,-0.052122,
1629325764.000000,491408891.000000,-0.009687,-0.590898,0.000000,0.000000,0.000000,0.001030,0.999999,0.054456,0.000000,0.000000,0.000000,0.000000,-0.332638,
1629325764.000000,524408891.000000,-0.007687,-0.590907,0.000000,0.000000,0.000000,-0.005680,0.999984,0.060592,0.000000,0.000000,0.000000,0.000000,-0.406630,
1629325764.000000,557408891.000000,-0.005637,-0.590945,0.000000,0.000000,0.000000,-0.012710,0.999919,0.062126,0.000000,0.000000,0.000000,0.000000,-0.426110,
1629325764.000000,590408891.000000,-0.003512,-0.591014,0.000000,0.000000,0.000000,-0.019706,0.999806,0.064427,0.000000,0.000000,0.000000,0.000000,-0.424062,
1629325764.000000,624408891.000000,-0.001414,-0.591112,0.000000,0.000000,0.000000,-0.027064,0.999634,0.061788,0.000000,0.000000,0.000000,0.000000,-0.432925,
1629325764.000000,657408891.000000,0.000658,-0.591239,0.000000,0.000000,0.000000,-0.034080,0.999419,0.062893,0.000000,0.000000,0.000000,0.000000,-0.425441,
1629325764.000000,690408891.000000,0.002803,-0.591401,0.000000,0.000000,0.000000,-0.041190,0.999151,0.065194,0.000000,0.000000,0.000000,0.000000,-0.431208,
1629325764.000000,723408891.000000,0.004946,-0.591594,0.000000,0.000000,0.000000,-0.048579,0.998819,0.065194,0.000000,0.000000,0.000000,0.000000,-0.448240,
1629325764.000000,756408891.000000,0.007035,-0.591812,0.000000,0.000000,0.000000,-0.055586,0.998454,0.063660,0.000000,0.000000,0.000000,0.000000,-0.425284,
1629325764.000000,789408891.000000,0.009121,-0.592060,0.000000,0.000000,0.000000,-0.062748,0.998029,0.063660,0.000000,0.000000,0.000000,0.000000,-0.434780,
1629325764.000000,822408891.000000,0.011229,-0.592341,0.000000,0.000000,0.000000,-0.069702,0.997568,0.064427,0.000000,0.000000,0.000000,0.000000,-0.422389,
1629325764.000000,856408891.000000,0.013232,-0.592636,0.000000,0.000000,0.000000,-0.076218,0.997091,0.059555,0.000000,0.000000,0.000000,0.000000,-0.384354,
1629325764.000000,895408891.000000,0.015705,-0.593038,0.000000,0.000000,0.000000,-0.084872,0.996392,0.064250,0.000000,0.000000,0.000000,0.000000,-0.445205,
1629325764.000000,928408891.000000,0.017823,-0.593417,0.000000,0.000000,0.000000,-0.091673,0.995789,0.065194,0.000000,0.000000,0.000000,0.000000,-0.413828,
1629325764.000000,961408891.000000,0.019985,-0.593835,0.000000,0.000000,0.000000,-0.099085,0.995079,0.066728,0.000000,0.000000,0.000000,0.000000,-0.451294,
1629325764.000000,994408891.000000,0.022116,-0.594279,0.000000,0.000000,0.000000,-0.106265,0.994338,0.065961,0.000000,0.000000,0.000000,0.000000,-0.437420,
1629325765.000000,28408891.000000,0.024067,-0.594716,0.000000,0.000000,0.000000,-0.113339,0.993556,0.058810,0.000000,0.000000,0.000000,0.000000,-0.418649,
1629325765.000000,61408891.000000,0.026086,-0.595197,0.000000,0.000000,0.000000,-0.120160,0.992754,0.062893,0.000000,0.000000,0.000000,0.000000,-0.416289,
1629325765.000000,94408891.000000,0.028172,-0.595725,0.000000,0.000000,0.000000,-0.127215,0.991875,0.065194,0.000000,0.000000,0.000000,0.000000,-0.430838,
1629325765.000000,127408891.000000,0.030225,-0.596277,0.000000,0.000000,0.000000,-0.134443,0.990921,0.064427,0.000000,0.000000,0.000000,0.000000,-0.441875,
1629325765.000000,160408891.000000,0.032197,-0.596837,0.000000,0.000000,0.000000,-0.141401,0.989952,0.062126,0.000000,0.000000,0.000000,0.000000,-0.425741,
1629325765.000000,193408891.000000,0.034258,-0.597454,0.000000,0.000000,0.000000,-0.148497,0.988913,0.065194,0.000000,0.000000,0.000000,0.000000,-0.434708,
1629325765.000000,227408891.000000,0.036334,-0.598109,0.000000,0.000000,0.000000,-0.155842,0.987782,0.064021,0.000000,0.000000,0.000000,0.000000,-0.437154,
1629325765.000000,260408891.000000,0.038304,-0.598762,0.000000,0.000000,0.000000,-0.162824,0.986655,0.062893,0.000000,0.000000,0.000000,0.000000,-0.428601,
1629325765.000000,293408891.000000,0.040336,-0.599469,0.000000,0.000000,0.000000,-0.170538,0.985351,0.065194,0.000000,0.000000,0.000000,0.000000,-0.474175,
1629325765.000000,326408891.000000,0.042381,-0.600215,0.000000,0.000000,0.000000,-0.177365,0.984145,0.065961,0.000000,0.000000,0.000000,0.000000,-0.420133,
1629325765.000000,359408891.000000,0.044392,-0.600980,0.000000,0.000000,0.000000,-0.184419,0.982848,0.065194,0.000000,0.000000,0.000000,0.000000,-0.434702,
1629325765.000000,393408891.000000,0.046391,-0.601775,0.000000,0.000000,0.000000,-0.191558,0.981481,0.063277,0.000000,0.000000,0.000000,0.000000,-0.427534,
1629325765.000000,426408891.000000,0.048378,-0.602598,0.000000,0.000000,0.000000,-0.198934,0.980013,0.065194,0.000000,0.000000,0.000000,0.000000,-0.455827,
1629325765.000000,459408891.000000,0.050330,-0.603442,0.000000,0.000000,0.000000,-0.206034,0.978545,0.064427,0.000000,0.000000,0.000000,0.000000,-0.439414,
1629325765.000000,492408891.000000,0.052316,-0.604334,0.000000,0.000000,0.000000,-0.213242,0.976999,0.065961,0.000000,0.000000,0.000000,0.000000,-0.446796,
1629325765.000000,525408891.000000,0.054264,-0.605245,0.000000,0.000000,0.000000,-0.220617,0.975361,0.065194,0.000000,0.000000,0.000000,0.000000,-0.457843,
1629325765.000000,558408891.000000,0.056154,-0.606163,0.000000,0.000000,0.000000,-0.227675,0.973737,0.063660,0.000000,0.000000,0.000000,0.000000,-0.438918,
1629325765.000000,592408891.000000,0.058121,-0.607154,0.000000,0.000000,0.000000,-0.234797,0.972044,0.064766,0.000000,0.000000,0.000000,0.000000,-0.430644,
1629325765.000000,625408891.000000,0.060072,-0.608174,0.000000,0.000000,0.000000,-0.242077,0.970257,0.066728,0.000000,0.000000,0.000000,0.000000,-0.454269,
1629325765.000000,658408891.000000,0.061942,-0.609186,0.000000,0.000000,0.000000,-0.249022,0.968498,0.064427,0.000000,0.000000,0.000000,0.000000,-0.434225,
1629325765.000000,691408891.000000,0.063797,-0.610225,0.000000,0.000000,0.000000,-0.256031,0.966669,0.064427,0.000000,0.000000,0.000000,0.000000,-0.439003,
1629325765.000000,724408891.000000,0.065636,-0.611291,0.000000,0.000000,0.000000,-0.263193,0.964743,0.064427,0.000000,0.000000,0.000000,0.000000,-0.449504,
1629325765.000000,757408891.000000,0.067460,-0.612383,0.000000,0.000000,0.000000,-0.270016,0.962856,0.064427,0.000000,0.000000,0.000000,0.000000,-0.429041,
1629325765.000000,791408891.000000,0.069268,-0.613502,0.000000,0.000000,0.000000,-0.276908,0.960896,0.062532,0.000000,0.000000,0.000000,0.000000,-0.421494,
1629325765.000000,824408891.000000,0.071039,-0.614633,0.000000,0.000000,0.000000,-0.283987,0.958828,0.063660,0.000000,0.000000,0.000000,0.000000,-0.446943,
1629325765.000000,857408891.000000,0.072793,-0.615790,0.000000,0.000000,0.000000,-0.290757,0.956797,0.063660,0.000000,0.000000,0.000000,0.000000,-0.428361,
1629325765.000000,890408891.000000,0.074530,-0.616971,0.000000,0.000000,0.000000,-0.297493,0.954724,0.063660,0.000000,0.000000,0.000000,0.000000,-0.427125,
1629325765.000000,925408891.000000,0.076374,-0.618264,0.000000,0.000000,0.000000,-0.304738,0.952436,0.064361,0.000000,0.000000,0.000000,0.000000,-0.434191,
1629325765.000000,958408891.000000,0.078055,-0.619481,0.000000,0.000000,0.000000,-0.311475,0.950254,0.062893,0.000000,0.000000,0.000000,0.000000,-0.429175,
1629325765.000000,991408891.000000,0.079740,-0.620736,0.000000,0.000000,0.000000,-0.318140,0.948044,0.063660,0.000000,0.000000,0.000000,0.000000,-0.425550,
1629325766.000000,24408891.000000,0.081486,-0.622078,0.000000,0.000000,0.000000,-0.325056,0.945695,0.066728,0.000000,0.000000,0.000000,0.000000,-0.442664,
1629325766.000000,57408891.000000,0.083074,-0.623334,0.000000,0.000000,0.000000,-0.331724,0.943377,0.061359,0.000000,0.000000,0.000000,0.000000,-0.427862,
1629325766.000000,90408891.000000,0.084704,-0.624660,0.000000,0.000000,0.000000,-0.338305,0.941037,0.063660,0.000000,0.000000,0.000000,0.000000,-0.423323,
1629325766.000000,123408891.000000,0.086372,-0.626058,0.000000,0.000000,0.000000,-0.345175,0.938538,0.065961,0.000000,0.000000,0.000000,0.000000,-0.443012,
1629325766.000000,157408891.000000,0.087905,-0.627381,0.000000,0.000000,0.000000,-0.351827,0.936065,0.059555,0.000000,0.000000,0.000000,0.000000,-0.417473,
1629325766.000000,190408891.000000,0.089476,-0.628776,0.000000,0.000000,0.000000,-0.358362,0.933583,0.063660,0.000000,0.000000,0.000000,0.000000,-0.423668,
1629325766.000000,224408891.000000,0.091139,-0.630296,0.000000,0.000000,0.000000,-0.365401,0.930850,0.066254,0.000000,0.000000,0.000000,0.000000,-0.444181,
1629325766.000000,258408891.000000,0.092687,-0.631753,0.000000,0.000000,0.000000,-0.372041,0.928216,0.062532,0.000000,0.000000,0.000000,0.000000,-0.420197,
1629325766.000000,291408891.000000,0.094196,-0.633215,0.000000,0.000000,0.000000,-0.378532,0.925588,0.063660,0.000000,0.000000,0.000000,0.000000,-0.424441,
1629325766.000000,324408891.000000,0.095737,-0.634751,0.000000,0.000000,0.000000,-0.385251,0.922812,0.065961,0.000000,0.000000,0.000000,0.000000,-0.440608,
1629325766.000000,353152902.000000,0.097221,-0.636274,0.000000,0.000000,0.000000,-0.391934,0.919993,0.064427,0.000000,0.000000,0.000000,0.000000,-0.439579,
1629325766.000000,386152902.000000,0.098649,-0.637781,0.000000,0.000000,0.000000,-0.398374,0.917223,0.062893,0.000000,0.000000,0.000000,0.000000,-0.424869,
1629325766.000000,420152902.000000,0.100106,-0.639363,0.000000,0.000000,0.000000,-0.404940,0.914343,0.063277,0.000000,0.000000,0.000000,0.000000,-0.421762,
1629325766.000000,453152902.000000,0.101523,-0.640948,0.000000,0.000000,0.000000,-0.411543,0.911390,0.064427,0.000000,0.000000,0.000000,0.000000,-0.438394,
1629325766.000000,486152902.000000,0.102885,-0.642514,0.000000,0.000000,0.000000,-0.417877,0.908504,0.062893,0.000000,0.000000,0.000000,0.000000,-0.421813,
1629325766.000000,520152902.000000,0.104322,-0.644216,0.000000,0.000000,0.000000,-0.424669,0.905349,0.065510,0.000000,0.000000,0.000000,0.000000,-0.440559,
1629325766.000000,554152902.000000,0.105653,-0.645841,0.000000,0.000000,0.000000,-0.431216,0.902249,0.061788,0.000000,0.000000,0.000000,0.000000,-0.426096,
1629325766.000000,587152902.000000,0.106945,-0.647465,0.000000,0.000000,0.000000,-0.437444,0.899246,0.062893,0.000000,0.000000,0.000000,0.000000,-0.419068,
1629325766.000000,620152902.000000,0.108277,-0.649187,0.000000,0.000000,0.000000,-0.443818,0.896117,0.065961,0.000000,0.000000,0.000000,0.000000,-0.430295,
1629325766.000000,653152902.000000,0.109508,-0.650827,0.000000,0.000000,0.000000,-0.450305,0.892875,0.062126,0.000000,0.000000,0.000000,0.000000,-0.439575,
1629325766.000000,686152902.000000,0.110745,-0.652525,0.000000,0.000000,0.000000,-0.456507,0.889720,0.063660,0.000000,0.000000,0.000000,0.000000,-0.421683,
1629325766.000000,720152902.000000,0.111957,-0.654240,0.000000,0.000000,0.000000,-0.462904,0.886408,0.061788,0.000000,0.000000,0.000000,0.000000,-0.423747,
1629325766.000000,753152902.000000,0.113174,-0.656015,0.000000,0.000000,0.000000,-0.469444,0.882962,0.065194,0.000000,0.000000,0.000000,0.000000,-0.448039,
1629325766.000000,786152902.000000,0.114336,-0.657765,0.000000,0.000000,0.000000,-0.475644,0.879638,0.063660,0.000000,0.000000,0.000000,0.000000,-0.426336,
1629325766.000000,819152902.000000,0.115501,-0.659574,0.000000,0.000000,0.000000,-0.482023,0.876159,0.065194,0.000000,0.000000,0.000000,0.000000,-0.440356,
1629325766.000000,852152902.000000,0.116639,-0.661399,0.000000,0.000000,0.000000,-0.488474,0.872578,0.065194,0.000000,0.000000,0.000000,0.000000,-0.447179,
1629325766.000000,885152902.000000,0.117712,-0.663176,0.000000,0.000000,0.000000,-0.494634,0.869101,0.062893,0.000000,0.000000,0.000000,0.000000,-0.428709,
1629325766.000000,919152902.000000,0.118797,-0.665034,0.000000,0.000000,0.000000,-0.500971,0.865464,0.063277,0.000000,0.000000,0.000000,0.000000,-0.429806,
1629325766.000000,952152902.000000,0.119855,-0.666907,0.000000,0.000000,0.000000,-0.507358,0.861735,0.065194,0.000000,0.000000,0.000000,0.000000,-0.448220,
1629325766.000000,985152902.000000,0.120873,-0.668774,0.000000,0.000000,0.000000,-0.513472,0.858106,0.064427,0.000000,0.000000,0.000000,0.000000,-0.430891,
1629325767.000000,18152902.000000,0.121911,-0.670744,0.000000,0.000000,0.000000,-0.519772,0.854305,0.067495,0.000000,0.000000,0.000000,0.000000,-0.445947,
1629325767.000000,51152902.000000,0.122875,-0.672639,0.000000,0.000000,0.000000,-0.526132,0.850403,0.064427,0.000000,0.000000,0.000000,0.000000,-0.452219,
1629325767.000000,84152902.000000,0.123799,-0.674526,0.000000,0.000000,0.000000,-0.532201,0.846618,0.063660,0.000000,0.000000,0.000000,0.000000,-0.433481,
1629325767.000000,117152902.000000,0.124739,-0.676517,0.000000,0.000000,0.000000,-0.538437,0.842665,0.066728,0.000000,0.000000,0.000000,0.000000,-0.447483,
1629325767.000000,151152902.000000,0.125639,-0.678499,0.000000,0.000000,0.000000,-0.544739,0.838606,0.064021,0.000000,0.000000,0.000000,0.000000,-0.440955,
1629325767.000000,184152902.000000,0.126479,-0.680425,0.000000,0.000000,0.000000,-0.550794,0.834641,0.063660,0.000000,0.000000,0.000000,0.000000,-0.438640,
1629325767.000000,217152902.000000,0.127339,-0.682479,0.000000,0.000000,0.000000,-0.556954,0.830543,0.067495,0.000000,0.000000,0.000000,0.000000,-0.448397,
1629325767.000000,250152902.000000,0.128132,-0.684452,0.000000,0.000000,0.000000,-0.563092,0.826394,0.064427,0.000000,0.000000,0.000000,0.000000,-0.448978,
1629325767.000000,284152902.000000,0.128913,-0.686484,0.000000,0.000000,0.000000,-0.569106,0.822264,0.064021,0.000000,0.000000,0.000000,0.000000,-0.429146,
1629325767.000000,317152902.000000,0.129656,-0.688503,0.000000,0.000000,0.000000,-0.575157,0.818043,0.065194,0.000000,0.000000,0.000000,0.000000,-0.447190,
1629325767.000000,351152902.000000,0.130369,-0.690533,0.000000,0.000000,0.000000,-0.581229,0.813740,0.063277,0.000000,0.000000,0.000000,0.000000,-0.437765,
1629325767.000000,384152902.000000,0.131021,-0.692477,0.000000,0.000000,0.000000,-0.586919,0.809646,0.062126,0.000000,0.000000,0.000000,0.000000,-0.424847,
1629325767.000000,417152902.000000,0.131667,-0.694502,0.000000,0.000000,0.000000,-0.592742,0.805392,0.064427,0.000000,0.000000,0.000000,0.000000,-0.437036,
1629325767.000000,450152902.000000,0.132292,-0.696561,0.000000,0.000000,0.000000,-0.598640,0.801018,0.065194,0.000000,0.000000,0.000000,0.000000,-0.445012,
1629325767.000000,483152902.000000,0.132873,-0.698579,0.000000,0.000000,0.000000,-0.604256,0.796790,0.063660,0.000000,0.000000,0.000000,0.000000,-0.426047,
1629325767.000000,516152902.000000,0.133432,-0.700631,0.000000,0.000000,0.000000,-0.609914,0.792467,0.064427,0.000000,0.000000,0.000000,0.000000,-0.431545,
1629325767.000000,550152902.000000,0.133961,-0.702690,0.000000,0.000000,0.000000,-0.615735,0.787953,0.062532,0.000000,0.000000,0.000000,0.000000,-0.433322,
1629325767.000000,583152902.000000,0.134447,-0.704708,0.000000,0.000000,0.000000,-0.621663,0.783285,0.062893,0.000000,0.000000,0.000000,0.000000,-0.457247,
1629325767.000000,616152902.000000,0.134922,-0.706806,0.000000,0.000000,0.000000,-0.626813,0.779170,0.065194,0.000000,0.000000,0.000000,0.000000,-0.399550,
1629325767.000000,649152902.000000,0.135347,-0.708812,0.000000,0.000000,0.000000,-0.632523,0.774542,0.062126,0.000000,0.000000,0.000000,0.000000,-0.445474,
1629325767.000000,682152902.000000,0.135757,-0.710898,0.000000,0.000000,0.000000,-0.637860,0.770153,0.064427,0.000000,0.000000,0.000000,0.000000,-0.418775,
1629325767.000000,716152902.000000,0.136138,-0.712990,0.000000,0.000000,0.000000,-0.643289,0.765623,0.062532,0.000000,0.000000,0.000000,0.000000,-0.415914,
1629325767.000000,749152902.000000,0.136489,-0.715086,0.000000,0.000000,0.000000,-0.648897,0.760877,0.064427,0.000000,0.000000,0.000000,0.000000,-0.445247,
1629325767.000000,782152902.000000,0.136803,-0.717138,0.000000,0.000000,0.000000,-0.654148,0.756366,0.062893,0.000000,0.000000,0.000000,0.000000,-0.419573,
1629325767.000000,815152902.000000,0.137088,-0.719194,0.000000,0.000000,0.000000,-0.659440,0.751757,0.062893,0.000000,0.000000,0.000000,0.000000,-0.425288,
1629325767.000000,848152902.000000,0.137355,-0.721354,0.000000,0.000000,0.000000,-0.664901,0.746931,0.065961,0.000000,0.000000,0.000000,0.000000,-0.441717,
1629325767.000000,881152902.000000,0.137581,-0.723417,0.000000,0.000000,0.000000,-0.670122,0.742251,0.062893,0.000000,0.000000,0.000000,0.000000,-0.424909,
1629325767.000000,916152902.000000,0.137792,-0.725635,0.000000,0.000000,0.000000,-0.675603,0.737265,0.063638,0.000000,0.000000,0.000000,0.000000,-0.423425,
1629325767.000000,949152902.000000,0.137964,-0.727779,0.000000,0.000000,0.000000,-0.680938,0.732341,0.065194,0.000000,0.000000,0.000000,0.000000,-0.439965,
1629325767.000000,983152902.000000,0.138103,-0.729901,0.000000,0.000000,0.000000,-0.686089,0.727518,0.062532,0.000000,0.000000,0.000000,0.000000,-0.415143,
1629325768.000000,16152902.000000,0.138211,-0.731999,0.000000,0.000000,0.000000,-0.691219,0.722645,0.063660,0.000000,0.000000,0.000000,0.000000,-0.428789,
1629325768.000000,49152902.000000,0.138291,-0.734149,0.000000,0.000000,0.000000,-0.696444,0.717612,0.065194,0.000000,0.000000,0.000000,0.000000,-0.439698,
1629325768.000000,82152902.000000,0.138340,-0.736274,0.000000,0.000000,0.000000,-0.701466,0.712703,0.064427,0.000000,0.000000,0.000000,0.000000,-0.425628,
1629325768.000000,115152902.000000,0.138359,-0.738350,0.000000,0.000000,0.000000,-0.706422,0.707791,0.062893,0.000000,0.000000,0.000000,0.000000,-0.422879,
1629325768.000000,148152902.000000,0.138347,-0.740526,0.000000,0.000000,0.000000,-0.711519,0.702667,0.065961,0.000000,0.000000,0.000000,0.000000,-0.438058,
1629325768.000000,182152902.000000,0.138307,-0.742576,0.000000,0.000000,0.000000,-0.716466,0.697622,0.060299,0.000000,0.000000,0.000000,0.000000,-0.415648,
1629325768.000000,215152902.000000,0.138235,-0.744701,0.000000,0.000000,0.000000,-0.721302,0.692621,0.064427,0.000000,0.000000,0.000000,0.000000,-0.421614,
1629325768.000000,248152902.000000,0.138135,-0.746799,0.000000,0.000000,0.000000,-0.726237,0.687444,0.063660,0.000000,0.000000,0.000000,0.000000,-0.433423,
1629325768.000000,281152902.000000,0.138007,-0.748871,0.000000,0.000000,0.000000,-0.731082,0.682290,0.062893,0.000000,0.000000,0.000000,0.000000,-0.428756,
1629325768.000000,314152902.000000,0.137845,-0.750991,0.000000,0.000000,0.000000,-0.735832,0.677164,0.064427,0.000000,0.000000,0.000000,0.000000,-0.423514,
1629325768.000000,348152902.000000,0.137656,-0.753083,0.000000,0.000000,0.000000,-0.740757,0.671773,0.061788,0.000000,0.000000,0.000000,0.000000,-0.429504,
1629325768.000000,381152902.000000,0.137434,-0.755197,0.000000,0.000000,0.000000,-0.745555,0.666444,0.064427,0.000000,0.000000,0.000000,0.000000,-0.434601,
1629325768.000000,414152902.000000,0.137181,-0.757308,0.000000,0.000000,0.000000,-0.750242,0.661163,0.064427,0.000000,0.000000,0.000000,0.000000,-0.427969,
1629325768.000000,447152902.000000,0.136902,-0.759391,0.000000,0.000000,0.000000,-0.755086,0.655626,0.063660,0.000000,0.000000,0.000000,0.000000,-0.445821,
1629325768.000000,481152902.000000,0.136573,-0.761594,0.000000,0.000000,0.000000,-0.759974,0.649954,0.065510,0.000000,0.000000,0.000000,0.000000,-0.440492,
1629325768.000000,514152902.000000,0.136232,-0.763667,0.000000,0.000000,0.000000,-0.764566,0.644546,0.063660,0.000000,0.000000,0.000000,0.000000,-0.429970,
1629325768.000000,548152902.000000,0.135848,-0.765809,0.000000,0.000000,0.000000,-0.769277,0.638915,0.064021,0.000000,0.000000,0.000000,0.000000,-0.431850,
1629325768.000000,581152902.000000,0.135433,-0.767946,0.000000,0.000000,0.000000,-0.773862,0.633354,0.065961,0.000000,0.000000,0.000000,0.000000,-0.436823,
1629325768.000000,614152902.000000,0.134998,-0.770027,0.000000,0.000000,0.000000,-0.778397,0.627772,0.064427,0.000000,0.000000,0.000000,0.000000,-0.435898,
1629325768.000000,647152902.000000,0.134532,-0.772101,0.000000,0.000000,0.000000,-0.783038,0.621973,0.064427,0.000000,0.000000,0.000000,0.000000,-0.450134,
1629325768.000000,680152902.000000,0.134018,-0.774243,0.000000,0.000000,0.000000,-0.787526,0.616281,0.066728,0.000000,0.000000,0.000000,0.000000,-0.439290,
1629325768.000000,714152902.000000,0.133492,-0.776303,0.000000,0.000000,0.000000,-0.791957,0.610577,0.062532,0.000000,0.000000,0.000000,0.000000,-0.424876,
1629325768.000000,747152902.000000,0.132916,-0.778428,0.000000,0.000000,0.000000,-0.796516,0.604618,0.066728,0.000000,0.000000,0.000000,0.000000,-0.454726,
1629325768.000000,780152902.000000,0.132323,-0.780496,0.000000,0.000000,0.000000,-0.800913,0.598781,0.065194,0.000000,0.000000,0.000000,0.000000,-0.442909,
1629325768.000000,813152902.000000,0.131706,-0.782531,0.000000,0.000000,0.000000,-0.805224,0.592971,0.064427,0.000000,0.000000,0.000000,0.000000,-0.438445,
1629325768.000000,849892995.000000,0.131029,-0.784653,0.000000,0.000000,0.000000,-0.809643,0.586923,0.067495,0.000000,0.000000,0.000000,0.000000,-0.454021,
1629325768.000000,884892995.000000,0.130320,-0.786764,0.000000,0.000000,0.000000,-0.814147,0.580659,0.063638,0.000000,0.000000,0.000000,0.000000,-0.440856,
1629325768.000000,917892995.000000,0.129613,-0.788769,0.000000,0.000000,0.000000,-0.818290,0.574806,0.064427,0.000000,0.000000,0.000000,0.000000,-0.434601,
1629325768.000000,951892995.000000,0.128877,-0.790764,0.000000,0.000000,0.000000,-0.822540,0.568708,0.062532,0.000000,0.000000,0.000000,0.000000,-0.437204,
1629325768.000000,984892995.000000,0.128131,-0.792700,0.000000,0.000000,0.000000,-0.826602,0.562787,0.062893,0.000000,0.000000,0.000000,0.000000,-0.435222,
1629325769.000000,17892995.000000,0.127318,-0.794720,0.000000,0.000000,0.000000,-0.830557,0.556934,0.065961,0.000000,0.000000,0.000000,0.000000,-0.428077,
1629325769.000000,50892995.000000,0.126507,-0.796658,0.000000,0.000000,0.000000,-0.834556,0.550923,0.063660,0.000000,0.000000,0.000000,0.000000,-0.437578,
1629325769.000000,83892995.000000,0.125678,-0.798560,0.000000,0.000000,0.000000,-0.838457,0.544968,0.062893,0.000000,0.000000,0.000000,0.000000,-0.431465,
1629325769.000000,117892995.000000,0.124801,-0.800497,0.000000,0.000000,0.000000,-0.842228,0.539121,0.062532,0.000000,0.000000,0.000000,0.000000,-0.409252,
1629325769.000000,150892995.000000,0.123875,-0.802467,0.000000,0.000000,0.000000,-0.846144,0.532955,0.065961,0.000000,0.000000,0.000000,0.000000,-0.442686,
1629325769.000000,183892995.000000,0.122965,-0.804332,0.000000,0.000000,0.000000,-0.849996,0.526788,0.062893,0.000000,0.000000,0.000000,0.000000,-0.440677,
1629325769.000000,217892995.000000,0.121971,-0.806297,0.000000,0.000000,0.000000,-0.853764,0.520661,0.064766,0.000000,0.000000,0.000000,0.000000,-0.423137,
1629325769.000000,251892995.000000,0.120961,-0.808225,0.000000,0.000000,0.000000,-0.857471,0.514532,0.064021,0.000000,0.000000,0.000000,0.000000,-0.421356,
1629325769.000000,284892995.000000,0.119971,-0.810050,0.000000,0.000000,0.000000,-0.861151,0.508350,0.062893,0.000000,0.000000,0.000000,0.000000,-0.436010,
1629325769.000000,317892995.000000,0.118968,-0.811838,0.000000,0.000000,0.000000,-0.864626,0.502416,0.062126,0.000000,0.000000,0.000000,0.000000,-0.416741,
1629325769.000000,350892995.000000,0.117864,-0.813743,0.000000,0.000000,0.000000,-0.868209,0.496198,0.066728,0.000000,0.000000,0.000000,0.000000,-0.434948,
1629325769.000000,383892995.000000,0.116811,-0.815502,0.000000,0.000000,0.000000,-0.871761,0.489932,0.062126,0.000000,0.000000,0.000000,0.000000,-0.436552,
1629325769.000000,416892995.000000,0.115719,-0.817267,0.000000,0.000000,0.000000,-0.875110,0.483924,0.062893,0.000000,0.000000,0.000000,0.000000,-0.416821,
1629325769.000000,450892995.000000,0.114563,-0.819081,0.000000,0.000000,0.000000,-0.878553,0.477645,0.063277,0.000000,0.000000,0.000000,0.000000,-0.421237,
1629325769.000000,483892995.000000,0.113394,-0.820857,0.000000,0.000000,0.000000,-0.881977,0.471292,0.064427,0.000000,0.000000,0.000000,0.000000,-0.437419,
1629325769.000000,516892995.000000,0.112243,-0.822554,0.000000,0.000000,0.000000,-0.885216,0.465180,0.062126,0.000000,0.000000,0.000000,0.000000,-0.419205,
1629325769.000000,549892995.000000,0.110995,-0.824338,0.000000,0.000000,0.000000,-0.888508,0.458860,0.065961,0.000000,0.000000,0.000000,0.000000,-0.431899,
1629325769.000000,582892995.000000,0.109752,-0.826062,0.000000,0.000000,0.000000,-0.891812,0.452407,0.064427,0.000000,0.000000,0.000000,0.000000,-0.439398,
1629325769.000000,615892995.000000,0.108499,-0.827749,0.000000,0.000000,0.000000,-0.894936,0.446195,0.063660,0.000000,0.000000,0.000000,0.000000,-0.421394,
1629325769.000000,649892995.000000,0.107208,-0.829438,0.000000,0.000000,0.000000,-0.898102,0.439787,0.062532,0.000000,0.000000,0.000000,0.000000,-0.420423,
1629325769.000000,682892995.000000,0.105876,-0.831128,0.000000,0.000000,0.000000,-0.901252,0.433296,0.065194,0.000000,0.000000,0.000000,0.000000,-0.437260,
1629325769.000000,715892995.000000,0.104553,-0.832759,0.000000,0.000000,0.000000,-0.904243,0.427019,0.063660,0.000000,0.000000,0.000000,0.000000,-0.421445,
1629325769.000000,748892995.000000,0.103174,-0.834411,0.000000,0.000000,0.000000,-0.907269,0.420551,0.065194,0.000000,0.000000,0.000000,0.000000,-0.432780,
1629325769.000000,783892995.000000,0.101754,-0.836061,0.000000,0.000000,0.000000,-0.910635,0.413211,0.062192,0.000000,0.000000,0.000000,0.000000,-0.461422,
1629325769.000000,816892995.000000,0.100361,-0.837633,0.000000,0.000000,0.000000,-0.913244,0.407412,0.063660,0.000000,0.000000,0.000000,0.000000,-0.385400,
1629325769.000000,849892995.000000,0.098929,-0.839205,0.000000,0.000000,0.000000,-0.916090,0.400973,0.064427,0.000000,0.000000,0.000000,0.000000,-0.426668,
1629325769.000000,882892995.000000,0.097510,-0.840719,0.000000,0.000000,0.000000,-0.918959,0.394353,0.062893,0.000000,0.000000,0.000000,0.000000,-0.437224,
1629325769.000000,915892995.000000,0.096070,-0.842214,0.000000,0.000000,0.000000,-0.921658,0.388004,0.062893,0.000000,0.000000,0.000000,0.000000,-0.418143,
1629325769.000000,949892995.000000,0.094573,-0.843724,0.000000,0.000000,0.000000,-0.924382,0.381468,0.062532,0.000000,0.000000,0.000000,0.000000,-0.416496,
1629325769.000000,982892995.000000,0.093055,-0.845212,0.000000,0.000000,0.000000,-0.927141,0.374712,0.064427,0.000000,0.000000,0.000000,0.000000,-0.442295,
1629325770.000000,15892995.000000,0.091552,-0.846644,0.000000,0.000000,0.000000,-0.929743,0.368210,0.062893,0.000000,0.000000,0.000000,0.000000,-0.424472,
1629325770.000000,48892995.000000,0.089955,-0.848123,0.000000,0.000000,0.000000,-0.932358,0.361537,0.065961,0.000000,0.000000,0.000000,0.000000,-0.434377,
1629325770.000000,81892995.000000,0.088374,-0.849544,0.000000,0.000000,0.000000,-0.935003,0.354641,0.064427,0.000000,0.000000,0.000000,0.000000,-0.447606,
1629325770.000000,115892995.000000,0.086735,-0.850976,0.000000,0.000000,0.000000,-0.937532,0.347900,0.064021,0.000000,0.000000,0.000000,0.000000,-0.423495,
1629325770.000000,148892995.000000,0.085113,-0.852351,0.000000,0.000000,0.000000,-0.940033,0.341083,0.064427,0.000000,0.000000,0.000000,0.000000,-0.440099,
1629325770.000000,182892995.000000,0.083413,-0.853751,0.000000,0.000000,0.000000,-0.942543,0.334086,0.064766,0.000000,0.000000,0.000000,0.000000,-0.437260,
1629325770.000000,215892995.000000,0.081772,-0.855062,0.000000,0.000000,0.000000,-0.944875,0.327431,0.063660,0.000000,0.000000,0.000000,0.000000,-0.427391,
1629325770.000000,248892995.000000,0.080072,-0.856381,0.000000,0.000000,0.000000,-0.947230,0.320556,0.065194,0.000000,0.000000,0.000000,0.000000,-0.440417,
1629325770.000000,281892995.000000,0.078313,-0.857705,0.000000,0.000000,0.000000,-0.949572,0.313548,0.066728,0.000000,0.000000,0.000000,0.000000,-0.447858,
1629325770.000000,314892995.000000,0.076617,-0.858944,0.000000,0.000000,0.000000,-0.951764,0.306830,0.063660,0.000000,0.000000,0.000000,0.000000,-0.428243,
1629325770.000000,348892995.000000,0.074841,-0.860203,0.000000,0.000000,0.000000,-0.953990,0.299838,0.064021,0.000000,0.000000,0.000000,0.000000,-0.431650,
1629325770.000000,381892995.000000,0.073046,-0.861435,0.000000,0.000000,0.000000,-0.956203,0.292703,0.065961,0.000000,0.000000,0.000000,0.000000,-0.452764,
1629325770.000000,414892995.000000,0.071297,-0.862598,0.000000,0.000000,0.000000,-0.958254,0.285920,0.063660,0.000000,0.000000,0.000000,0.000000,-0.429450,
1629325770.000000,447892995.000000,0.069446,-0.863791,0.000000,0.000000,0.000000,-0.960327,0.278877,0.066728,0.000000,0.000000,0.000000,0.000000,-0.444969,
1629325770.000000,482892995.000000,0.067512,-0.864995,0.000000,0.000000,0.000000,-0.962619,0.270858,0.065085,0.000000,0.000000,0.000000,0.000000,-0.476599,
1629325770.000000,515892995.000000,0.065713,-0.866079,0.000000,0.000000,0.000000,-0.964365,0.264574,0.063660,0.000000,0.000000,0.000000,0.000000,-0.395240,
1629325770.000000,548892995.000000,0.063854,-0.867164,0.000000,0.000000,0.000000,-0.966259,0.257571,0.065194,0.000000,0.000000,0.000000,0.000000,-0.439680,
1629325770.000000,581892995.000000,0.061981,-0.868221,0.000000,0.000000,0.000000,-0.968152,0.250361,0.065194,0.000000,0.000000,0.000000,0.000000,-0.451774,
1629325770.000000,614892995.000000,0.060158,-0.869214,0.000000,0.000000,0.000000,-0.969875,0.243605,0.062893,0.000000,0.000000,0.000000,0.000000,-0.422586,
1629325770.000000,648892995.000000,0.058277,-0.870205,0.000000,0.000000,0.000000,-0.971584,0.236694,0.062532,0.000000,0.000000,0.000000,0.000000,-0.418796,
1629325770.000000,681892995.000000,0.056360,-0.871181,0.000000,0.000000,0.000000,-0.973295,0.229558,0.065194,0.000000,0.000000,0.000000,0.000000,-0.444694,
1629325770.000000,714892995.000000,0.054497,-0.872095,0.000000,0.000000,0.000000,-0.974863,0.222803,0.062893,0.000000,0.000000,0.000000,0.000000,-0.420289,
1629325770.000000,747892995.000000,0.052621,-0.872984,0.000000,0.000000,0.000000,-0.976417,0.215892,0.062893,0.000000,0.000000,0.000000,0.000000,-0.429341,
1629325770.000000,780892995.000000,0.050641,-0.873887,0.000000,0.000000,0.000000,-0.977981,0.208696,0.065961,0.000000,0.000000,0.000000,0.000000,-0.446305,
1629325770.000000,813892995.000000,0.048740,-0.874721,0.000000,0.000000,0.000000,-0.979413,0.201866,0.062893,0.000000,0.000000,0.000000,0.000000,-0.422890,
1629325770.000000,847892995.000000,0.046758,-0.875558,0.000000,0.000000,0.000000,-0.980807,0.194982,0.063277,0.000000,0.000000,0.000000,0.000000,-0.413207,
1629325770.000000,880892995.000000,0.044811,-0.876347,0.000000,0.000000,0.000000,-0.982197,0.187853,0.063660,0.000000,0.000000,0.000000,0.000000,-0.440157,
1629325770.000000,913892995.000000,0.042877,-0.877099,0.000000,0.000000,0.000000,-0.983487,0.180979,0.062893,0.000000,0.000000,0.000000,0.000000,-0.423923,
1629325770.000000,946892995.000000,0.040861,-0.877851,0.000000,0.000000,0.000000,-0.984728,0.174100,0.065194,0.000000,0.000000,0.000000,0.000000,-0.423626,
1629325770.000000,979892995.000000,0.038835,-0.878574,0.000000,0.000000,0.000000,-0.985976,0.166890,0.065194,0.000000,0.000000,0.000000,0.000000,-0.443473,
1629325771.000000,13892995.000000,0.036894,-0.879235,0.000000,0.000000,0.000000,-0.987129,0.159925,0.060299,0.000000,0.000000,0.000000,0.000000,-0.415241,
1629325771.000000,46892995.000000,0.034872,-0.879892,0.000000,0.000000,0.000000,-0.988215,0.153075,0.064427,0.000000,0.000000,0.000000,0.000000,-0.420390,
1629325771.000000,79892995.000000,0.032865,-0.880512,0.000000,0.000000,0.000000,-0.989365,0.145455,0.063660,0.000000,0.000000,0.000000,0.000000,-0.467033,
1629325771.000000,112892995.000000,0.030825,-0.881111,0.000000,0.000000,0.000000,-0.990290,0.139014,0.064427,0.000000,0.000000,0.000000,0.000000,-0.394359,
1629325771.000000,145892995.000000,0.028826,-0.881669,0.000000,0.000000,0.000000,-0.991230,0.132151,0.062893,0.000000,0.000000,0.000000,0.000000,-0.419797,
1629325771.000000,178892995.000000,0.026745,-0.882217,0.000000,0.000000,0.000000,-0.992156,0.125005,0.065194,0.000000,0.000000,0.000000,0.000000,-0.436732,
1629325771.000000,211892995.000000,0.024657,-0.882736,0.000000,0.000000,0.000000,-0.993024,0.117909,0.065194,0.000000,0.000000,0.000000,0.000000,-0.433264,
1629325771.000000,245892995.000000,0.022636,-0.883208,0.000000,0.000000,0.000000,-0.993825,0.110958,0.061043,0.000000,0.000000,0.000000,0.000000,-0.411602,
1629325771.000000,278892995.000000,0.020510,-0.883673,0.000000,0.000000,0.000000,-0.994595,0.103827,0.065961,0.000000,0.000000,0.000000,0.000000,-0.434688,
1629325771.000000,311892995.000000,0.018451,-0.884092,0.000000,0.000000,0.000000,-0.995307,0.096770,0.063660,0.000000,0.000000,0.000000,0.000000,-0.429861,
1629325771.000000,341169944.000000,0.016412,-0.884478,0.000000,0.000000,0.000000,-0.995955,0.089856,0.062893,0.000000,0.000000,0.000000,0.000000,-0.420895,
1629325771.000000,374169944.000000,0.018556,-0.884104,0.000000,0.000000,0.000000,0.996574,-0.082709,0.065961,0.000000,0.000000,0.000000,0.000000,189.964828,
1629325771.000000,407169944.000000,0.016482,-0.884435,0.000000,0.000000,0.000000,0.997142,-0.075554,0.063660,0.000000,0.000000,0.000000,0.000000,-0.435049,
1629325771.000000,442169944.000000,0.014378,-0.884739,0.000000,0.000000,0.000000,0.997690,-0.067925,0.060746,0.000000,0.000000,0.000000,0.000000,-0.437069,
1629325771.000000,475169944.000000,0.012219,-0.885020,0.000000,0.000000,0.000000,0.998116,-0.061356,0.065961,0.000000,0.000000,0.000000,0.000000,-0.398939,
1629325771.000000,508169944.000000,0.010183,-0.885257,0.000000,0.000000,0.000000,0.998527,-0.054259,0.062126,0.000000,0.000000,0.000000,0.000000,-0.430830,
1629325771.000000,541169944.000000,0.008118,-0.885467,0.000000,0.000000,0.000000,0.998878,-0.047347,0.062893,0.000000,0.000000,0.000000,0.000000,-0.419436,
1629325771.000000,574169944.000000,0.005975,-0.885655,0.000000,0.000000,0.000000,0.999193,-0.040174,0.065194,0.000000,0.000000,0.000000,0.000000,-0.435179,
1629325771.000000,607169944.000000,0.003955,-0.885803,0.000000,0.000000,0.000000,0.999468,-0.032617,0.061359,0.000000,0.000000,0.000000,0.000000,-0.458313,
1629325771.000000,640169944.000000,0.001808,-0.885929,0.000000,0.000000,0.000000,0.999657,-0.026179,0.065194,0.000000,0.000000,0.000000,0.000000,-0.390342,
1629325771.000000,673169944.000000,-0.000316,-0.886025,0.000000,0.000000,0.000000,0.999820,-0.018967,0.064427,0.000000,0.000000,0.000000,0.000000,-0.437224,
1629325771.000000,706169944.000000,-0.002442,-0.886090,0.000000,0.000000,0.000000,0.999931,-0.011708,0.064427,0.000000,0.000000,0.000000,0.000000,-0.439969,
1629325771.000000,739169944.000000,-0.004542,-0.886125,0.000000,0.000000,0.000000,0.999989,-0.004672,0.063660,0.000000,0.000000,0.000000,0.000000,-0.426422,
1629325771.000000,772169944.000000,-0.006744,-0.886129,0.000000,0.000000,0.000000,0.999997,0.002617,0.066728,0.000000,0.000000,0.000000,0.000000,-0.441761,
1629325771.000000,806169944.000000,-0.008895,-0.886102,0.000000,0.000000,0.000000,0.999950,0.010045,0.063277,0.000000,0.000000,0.000000,0.000000,-0.436944,
1629325771.000000,839169944.000000,-0.011021,-0.886044,0.000000,0.000000,0.000000,0.999853,0.017149,0.064427,0.000000,0.000000,0.000000,0.000000,-0.430620,
1629325771.000000,872169944.000000,-0.013246,-0.885951,0.000000,0.000000,0.000000,0.999700,0.024508,0.067495,0.000000,0.000000,0.000000,0.000000,-0.446059,
