1629325925.527031,0.000000,0.497410,-0.518675,0.198620,
1629325925.532584,0.000000,0.497415,-0.518699,0.198630,
1629325925.538121,0.000000,0.497678,-0.518811,0.198314,
1629325925.543674,0.000000,0.497664,-0.518795,0.198310,
1629325925.549228,0.000000,0.497425,-0.518696,0.198628,
1629325925.554784,0.000000,0.497407,-0.518679,0.198606,
1629325925.560341,0.000000,0.497412,-0.518689,0.198633,
1629325925.565894,0.000000,0.497674,-0.518817,0.198322,
1629325925.571474,0.000000,0.497683,-0.518823,0.198306,
1629325925.577005,0.000000,0.497415,-0.518693,0.198635,
1629325925.582569,0.000000,0.497656,-0.518799,0.198305,
1629325925.588120,0.000000,0.497675,-0.518810,0.198319,
1629325925.593675,0.000000,0.497674,-0.518805,0.198309,
1629325925.599234,0.000000,0.497401,-0.518684,0.198639,
1629325925.604784,0.000000,0.497406,-0.518692,0.198620,
1629325925.610339,0.000000,0.497408,-0.518693,0.198636,
1629325936.260409,0.000000,0.497674,-0.518796,0.198299,
1629325936.265953,0.000000,0.497412,-0.518683,0.198621,
1629325936.271503,0.000000,0.497397,-0.518675,0.198622,
1629325936.277066,0.000000,0.497662,-0.518796,0.198320,
1629325936.282615,0.000000,0.497392,-0.518676,0.198632,
1629325936.288178,0.000000,0.497672,-0.518805,0.198312,
1629325936.293741,0.000000,0.497429,-0.518699,0.198626,
1629325936.299282,0.000000,0.497670,-0.518806,0.198302,
1629325936.304837,0.000000,0.497669,-0.518799,0.198307,
1629325936.310390,0.000000,0.497408,-0.518693,0.198630,
1629325936.360488,0.000000,0.497678,-0.518819,0.198300,
1629325936.365950,0.000000,0.497427,-0.518682,0.198618,
1629325936.371509,0.000000,0.497813,-0.518834,0.198271,
1629325936.377059,0.000000,0.497991,-0.518890,0.198376,
1629325936.382622,0.000000,0.498318,-0.518960,0.198386,
1629325936.388178,0.000000,0.498749,-0.519019,0.198382,
1629325936.393719,0.000000,0.499315,-0.519143,0.198379,
1629325936.399278,0.000000,0.499848,-0.519231,0.198367,
1629325936.404837,0.000000,0.500262,-0.519165,0.198715,
1629325936.410395,0.000000,0.501070,-0.519293,0.198671,
1629325936.460400,0.000000,0.507962,-0.519934,0.198142,
1629325936.465961,0.000000,0.508231,-0.519821,0.198730,
1629325936.471513,0.000000,0.508828,-0.519940,0.198698,
1629325936.477058,0.000000,0.509372,-0.519970,0.198689,
1629325936.482613,0.000000,0.510013,-0.520106,0.198670,
1629325936.488166,0.000000,0.510761,-0.520276,0.198719,
1629325936.493725,0.000000,0.511680,-0.520535,0.198477,
1629325936.499301,0.000000,0.512584,-0.520826,0.198347,
1629325936.504840,0.000000,0.513336,-0.520930,0.198308,
1629325936.510469,0.000000,0.513992,-0.520929,0.198305,
1629325936.560398,0.000000,0.520661,-0.521818,0.198463,
1629325936.565961,0.000000,0.521171,-0.521887,0.198757,
1629325936.571506,0.000000,0.522221,-0.522351,0.198357,
1629325936.577064,0.000000,0.522587,-0.522307,0.198766,
1629325936.582617,0.000000,0.523334,-0.522530,0.198788,
1629325936.588159,0.000000,0.524074,-0.522752,0.198825,
1629325936.593758,0.000000,0.524664,-0.522894,0.198842,
1629325936.599340,0.000000,0.525301,-0.522957,0.198895,
1629325936.604841,0.000000,0.526020,-0.523138,0.198918,
1629325936.610386,0.000000,0.526742,-0.523285,0.198987,
1629325936.660393,0.000000,0.533720,-0.524451,0.198562,
1629325936.665956,0.000000,0.534345,-0.524696,0.198724,
1629325936.671503,0.000000,0.535021,-0.524979,0.198831,
1629325936.677063,0.000000,0.535810,-0.525217,0.198840,
1629325936.682621,0.000000,0.536492,-0.525361,0.198826,
1629325936.688176,0.000000,0.537113,-0.525517,0.198852,
1629325936.693732,0.000000,0.537799,-0.525826,0.198766,
1629325936.699292,0.000000,0.538349,-0.525846,0.198837,
1629325936.704836,0.000000,0.539036,-0.526069,0.198837,
1629325936.710393,0.000000,0.539909,-0.526420,0.198754,
1629325936.760402,0.000000,0.546917,-0.528164,0.198475,
1629325936.765951,0.000000,0.547554,-0.528387,0.198613,
1629325936.771495,0.000000,0.548139,-0.528547,0.198530,
1629325936.777062,0.000000,0.548721,-0.528769,0.198665,
1629325936.782628,0.000000,0.549252,-0.528944,0.198660,
1629325936.788172,0.000000,0.549847,-0.529224,0.198710,
1629325936.793720,0.000000,0.550764,-0.529829,0.198778,
1629325936.799395,0.000000,0.551342,-0.530164,0.198907,
1629325936.804840,0.000000,0.551801,-0.530357,0.198997,
1629325936.810399,0.000000,0.552439,-0.530656,0.199109,
1629325936.860395,0.000000,0.558688,-0.533271,0.200040,
1629325936.865940,0.000000,0.559534,-0.533494,0.200030,
1629325936.871494,0.000000,0.560293,-0.533691,0.199970,
1629325936.877049,0.000000,0.561022,-0.533937,0.199957,
1629325936.882619,0.000000,0.561906,-0.534274,0.199955,
1629325936.888289,0.000000,0.562827,-0.534630,0.199866,
1629325936.893843,0.000000,0.563625,-0.534809,0.199767,
1629325936.899402,0.000000,0.564097,-0.534636,0.199795,
1629325936.904958,0.000000,0.564884,-0.534828,0.199523,
1629325936.910515,0.000000,0.565813,-0.535029,0.199316,
1629325936.960521,0.000000,0.573187,-0.536954,0.198093,
1629325936.966073,0.000000,0.573847,-0.537156,0.198095,
1629325936.971619,0.000000,0.574700,-0.537693,0.198063,
1629325936.977178,0.000000,0.575365,-0.538054,0.198114,
1629325936.982733,0.000000,0.576076,-0.538390,0.198158,
1629325936.988294,0.000000,0.576576,-0.538536,0.198200,
1629325936.993848,0.000000,0.577139,-0.538823,0.198237,
1629325936.999409,0.000000,0.577732,-0.539095,0.198299,
1629325937.004963,0.000000,0.578288,-0.539313,0.198337,
1629325937.010520,0.000000,0.579196,-0.539684,0.198411,
1629325937.060515,0.000000,0.585641,-0.542076,0.197828,
1629325937.066066,0.000000,0.586290,-0.542445,0.197990,
1629325937.071625,0.000000,0.586772,-0.542710,0.198107,
1629325937.077197,0.000000,0.587385,-0.542990,0.198079,
1629325937.082751,0.000000,0.587915,-0.543390,0.198431,
1629325937.088356,0.000000,0.588426,-0.543649,0.198561,
1629325937.093843,0.000000,0.588958,-0.543942,0.198575,
1629325937.099390,0.000000,0.589645,-0.544263,0.198534,
1629325937.104976,0.000000,0.590567,-0.544783,0.198464,
1629325937.110502,0.000000,0.591210,-0.545087,0.198414,
1629325937.160506,0.000000,0.597835,-0.547977,0.198192,
1629325937.166054,0.000000,0.598300,-0.548114,0.198265,
1629325937.171605,0.000000,0.599065,-0.548785,0.198293,
1629325937.177176,0.000000,0.599548,-0.549021,0.198332,
1629325937.182735,0.000000,0.600150,-0.549298,0.198368,
1629325937.188309,0.000000,0.600771,-0.549661,0.198347,
1629325937.193844,0.000000,0.601309,-0.549962,0.198447,
1629325937.199479,0.000000,0.602004,-0.550434,0.198461,
1629325937.204943,0.000000,0.602397,-0.550407,0.198460,
1629325937.210506,0.000000,0.603133,-0.550742,0.198388,
1629325937.260501,0.000000,0.609605,-0.553908,0.198020,
1629325937.266050,0.000000,0.610192,-0.554331,0.198123,
1629325937.271612,0.000000,0.610755,-0.554734,0.198220,
1629325937.277164,0.000000,0.611392,-0.555090,0.198215,
1629325937.282724,0.000000,0.611920,-0.555386,0.198286,
1629325937.288281,0.000000,0.612593,-0.555830,0.198198,
1629325937.293814,0.000000,0.613164,-0.556232,0.198249,
1629325937.299383,0.000000,0.613610,-0.555940,0.198237,
1629325937.304945,0.000000,0.614321,-0.556857,0.198287,
1629325937.310493,0.000000,0.614811,-0.556586,0.198179,
1629325937.360508,0.000000,0.621197,-0.560586,0.197816,
1629325937.366067,0.000000,0.621574,-0.560280,0.197941,
1629325937.371633,0.000000,0.622481,-0.561608,0.197930,
1629325937.377241,0.000000,0.623087,-0.562042,0.197947,
1629325937.382726,0.000000,0.623564,-0.562366,0.198103,
1629325937.388280,0.000000,0.624054,-0.562645,0.198126,
1629325937.393837,0.000000,0.624552,-0.562974,0.198217,
1629325937.399390,0.000000,0.625256,-0.563666,0.198290,
1629325937.404990,0.000000,0.625830,-0.563870,0.198171,
1629325937.410506,0.000000,0.626512,-0.564219,0.198110,
1629325937.460500,0.000000,0.632512,-0.567873,0.197603,
1629325937.466055,0.000000,0.633069,-0.568253,0.197719,
1629325937.471640,0.000000,0.633873,-0.568873,0.197602,
1629325937.477165,0.000000,0.634469,-0.569312,0.197586,
1629325937.482717,0.000000,0.634862,-0.568896,0.197625,
1629325937.488280,0.000000,0.635388,-0.569304,0.197653,
1629325937.493838,0.000000,0.635797,-0.569610,0.197831,
1629325937.499453,0.000000,0.636498,-0.570837,0.197905,
1629325937.504936,0.000000,0.637063,-0.571270,0.197957,
1629325937.510496,0.000000,0.637571,-0.571593,0.197996,
1629325937.516044,0.000000,0.638124,-0.572028,0.197995,
1629325937.660513,0.000000,0.653950,-0.582859,0.197409,
1629325937.666144,0.000000,0.654491,-0.583229,0.197439,
1629325937.671624,0.000000,0.654978,-0.583704,0.197625,
1629325937.677202,0.000000,0.655688,-0.584899,0.197607,
1629325937.682759,0.000000,0.656283,-0.585526,0.197605,
1629325937.688306,0.000000,0.656712,-0.585933,0.197777,
1629325937.693850,0.000000,0.657257,-0.586380,0.197742,
1629325937.699407,0.000000,0.657497,-0.587086,0.198170,
1629325937.704961,0.000000,0.658270,-0.587573,0.197843,
1629325937.710523,0.000000,0.658637,-0.587776,0.197909,
1629325937.760530,0.000000,0.664103,-0.592324,0.197597,
1629325937.766067,0.000000,0.664847,-0.592649,0.197336,
1629325937.771617,0.000000,0.665397,-0.593223,0.197304,
1629325937.777181,0.000000,0.665965,-0.593729,0.197434,
1629325937.782738,0.000000,0.666423,-0.594182,0.197501,
1629325937.788284,0.000000,0.666853,-0.594631,0.197579,
1629325937.793844,0.000000,0.667327,-0.595195,0.197536,
1629325937.799401,0.000000,0.667831,-0.595731,0.197527,
1629325937.804955,0.000000,0.668275,-0.596164,0.197616,
1629325937.810601,0.000000,0.668772,-0.596531,0.197629,
1629325937.860510,0.000000,0.674189,-0.601057,0.196937,
1629325937.866062,0.000000,0.674791,-0.601662,0.196926,
1629325937.871619,0.000000,0.675320,-0.602140,0.197089,
1629325937.877174,0.000000,0.675886,-0.602725,0.197069,
1629325937.882791,0.000000,0.676233,-0.603159,0.197299,
1629325937.888284,0.000000,0.676710,-0.603833,0.197346,
1629325937.893846,0.000000,0.677225,-0.604512,0.197467,
1629325937.899395,0.000000,0.677925,-0.605068,0.197082,
1629325937.904948,0.000000,0.677860,-0.605157,0.197783,
1629325937.910496,0.000000,0.678630,-0.605983,0.197490,
1629325937.960505,0.000000,0.683897,-0.610837,0.196919,
1629325937.966073,0.000000,0.684547,-0.611572,0.196822,
1629325937.971621,0.000000,0.685192,-0.612171,0.196912,
1629325937.977179,0.000000,0.685360,-0.612553,0.197468,
1629325937.982729,0.000000,0.686103,-0.613306,0.197132,
1629325937.988285,0.000000,0.686470,-0.613793,0.197186,
1629325937.993855,0.000000,0.686607,-0.613893,0.197506,
1629325937.999403,0.000000,0.687225,-0.614596,0.197193,
1629325938.004959,0.000000,0.687529,-0.615024,0.197482,
1629325938.010507,0.000000,0.688123,-0.615660,0.197311,
1629325938.060505,0.000000,0.692836,-0.620765,0.196765,
1629325938.066068,0.000000,0.693348,-0.621396,0.196786,
1629325938.071617,0.000000,0.693919,-0.621644,0.196728,
1629325938.077144,0.000000,0.694202,-0.622424,0.197175,
1629325938.082702,0.000000,0.694574,-0.622931,0.197297,
1629325938.088266,0.000000,0.695083,-0.623354,0.197381,
1629325938.093824,0.000000,0.695538,-0.623984,0.197142,
1629325938.099391,0.000000,0.695827,-0.624274,0.197055,
1629325938.105045,0.000000,0.696303,-0.624642,0.197432,
1629325938.110474,0.000000,0.696726,-0.625300,0.197285,
1629325938.160396,0.000000,0.701324,-0.630335,0.196819,
1629325938.165996,0.000000,0.702009,-0.631158,0.196624,
1629325938.171508,0.000000,0.702430,-0.631769,0.196664,
1629325938.177108,0.000000,0.702745,-0.632321,0.196905,
1629325938.182651,0.000000,0.703092,-0.632895,0.197047,
1629325938.188214,0.000000,0.703337,-0.633349,0.197229,
1629325938.193766,0.000000,0.703748,-0.633957,0.197280,
1629325938.199323,0.000000,0.704048,-0.634411,0.197412,
1629325938.204880,0.000000,0.704257,-0.634672,0.197552,
1629325938.210437,0.000000,0.704830,-0.635453,0.197096,
1629325938.260424,0.000000,0.709024,-0.640801,0.197230,
1629325938.265984,0.000000,0.709434,-0.641364,0.197233,
1629325938.271587,0.000000,0.709966,-0.642037,0.197314,
1629325938.277089,0.000000,0.710532,-0.643010,0.197489,
1629325938.282593,0.000000,0.710710,-0.642934,0.197774,
1629325938.288151,0.000000,0.711385,-0.644302,0.197214,
1629325938.293716,0.000000,0.711692,-0.644780,0.197237,
1629325938.299270,0.000000,0.711694,-0.644654,0.197922,
1629325938.304822,0.000000,0.711966,-0.645142,0.198316,
1629325938.310385,0.000000,0.712318,-0.645675,0.198268,
1629325938.360380,0.000000,0.716783,-0.652035,0.197279,
1629325938.365929,0.000000,0.716812,-0.651589,0.198149,
1629325938.371495,0.000000,0.716989,-0.652057,0.198604,
1629325938.377041,0.000000,0.717402,-0.652606,0.198445,
1629325938.382610,0.000000,0.718035,-0.653733,0.198471,
1629325938.388239,0.000000,0.718332,-0.654322,0.198444,
1629325938.393877,0.000000,0.718676,-0.654885,0.198498,
1629325938.399352,0.000000,0.718803,-0.655245,0.198784,
1629325938.404901,0.000000,0.719297,-0.655896,0.198596,
1629325938.410439,0.000000,0.719675,-0.656430,0.198461,
1629325938.460459,0.000000,0.724047,-0.663150,0.197565,
1629325938.466021,0.000000,0.724394,-0.663536,0.197471,
1629325938.471564,0.000000,0.724864,-0.664335,0.197695,
1629325938.477120,0.000000,0.725199,-0.665125,0.197961,
1629325938.482675,0.000000,0.725511,-0.665736,0.197991,
1629325938.488260,0.000000,0.725712,-0.666183,0.198202,
1629325938.493815,0.000000,0.726012,-0.666544,0.198165,
1629325938.499374,0.000000,0.726368,-0.667327,0.198203,
1629325938.504928,0.000000,0.726655,-0.667928,0.198333,
1629325938.510475,0.000000,0.727106,-0.668730,0.198266,
1629325938.560478,0.000000,0.730760,-0.674212,0.197893,
1629325938.566046,0.000000,0.731549,-0.676324,0.196698,
1629325938.571617,0.000000,0.731789,-0.676741,0.196991,
1629325938.577162,0.000000,0.732128,-0.677444,0.197019,
1629325938.582711,0.000000,0.732345,-0.677462,0.197849,
1629325938.588285,0.000000,0.732660,-0.677954,0.197819,
1629325938.593789,0.000000,0.733090,-0.679115,0.197496,
1629325938.599334,0.000000,0.733478,-0.679937,0.197315,
1629325938.604896,0.000000,0.733691,-0.680378,0.197464,
1629325938.610458,0.000000,0.734079,-0.681228,0.197275,
1629325938.660481,0.000000,0.737776,-0.687872,0.196465,
1629325938.666012,0.000000,0.738158,-0.688578,0.196423,
1629325938.671573,0.000000,0.738453,-0.689209,0.196410,
1629325938.677127,0.000000,0.738638,-0.689791,0.196630,
1629325938.682766,0.000000,0.739004,-0.690183,0.196491,
1629325938.688242,0.000000,0.738660,-0.690214,0.198018,
1629325938.693789,0.000000,0.739118,-0.690794,0.197647,
1629325938.699417,0.000000,0.739387,-0.691428,0.197647,
1629325938.704937,0.000000,0.739762,-0.692544,0.197346,
1629325938.710493,0.000000,0.740006,-0.693084,0.197326,
1629325938.760489,0.000000,0.743497,-0.699493,0.196302,
1629325938.766052,0.000000,0.743851,-0.700313,0.196314,
1629325938.771598,0.000000,0.744134,-0.701062,0.196377,
1629325938.777154,0.000000,0.744381,-0.701762,0.196424,
1629325938.782709,0.000000,0.744652,-0.702859,0.196380,
1629325938.788270,0.000000,0.744817,-0.703045,0.196836,
1629325938.793822,0.000000,0.745057,-0.703905,0.196551,
1629325938.799376,0.000000,0.745276,-0.704534,0.196579,
1629325938.804898,0.000000,0.745498,-0.705383,0.196785,
1629325938.810450,0.000000,0.745844,-0.706100,0.196560,
1629325938.860445,0.000000,0.748407,-0.711569,0.196781,
1629325938.866003,0.000000,0.748891,-0.713146,0.196176,
1629325938.871559,0.000000,0.749238,-0.714071,0.196082,
1629325938.877116,0.000000,0.749426,-0.714801,0.196175,
1629325938.882679,0.000000,0.749405,-0.714751,0.196924,
1629325938.888220,0.000000,0.749830,-0.715974,0.196443,
1629325938.893782,0.000000,0.750023,-0.716609,0.196434,
1629325938.899360,0.000000,0.750032,-0.716881,0.196861,
1629325938.904891,0.000000,0.750342,-0.717761,0.196625,
1629325938.910480,0.000000,0.750533,-0.718406,0.196629,
1629325938.960464,0.000000,0.752989,-0.724737,0.196448,
1629325938.966019,0.000000,0.753363,-0.725630,0.196224,
1629325938.971674,0.000000,0.753550,-0.726007,0.196355,
1629325938.977152,0.000000,0.753746,-0.726734,0.196424,
1629325938.982700,0.000000,0.753925,-0.727454,0.196473,
1629325938.988248,0.000000,0.754328,-0.728790,0.196121,
1629325938.993798,0.000000,0.754271,-0.729105,0.196487,
1629325938.999381,0.000000,0.754688,-0.730020,0.196150,
1629325939.004920,0.000000,0.754649,-0.730477,0.196495,
1629325939.010480,0.000000,0.755033,-0.731896,0.196006,
1629325939.060473,0.000000,0.757437,-0.738239,0.195278,
1629325939.066058,0.000000,0.757613,-0.738725,0.195333,
1629325939.071584,0.000000,0.757895,-0.739550,0.195208,
1629325939.077143,0.000000,0.758067,-0.740351,0.195325,
1629325939.082690,0.000000,0.758264,-0.741070,0.195415,
1629325939.088254,0.000000,0.758380,-0.741726,0.195564,
1629325939.093817,0.000000,0.758502,-0.742352,0.195629,
1629325939.099396,0.000000,0.758743,-0.743297,0.195431,
1629325939.104921,0.000000,0.758854,-0.743908,0.195484,
1629325939.110471,0.000000,0.758975,-0.744546,0.195528,
1629325939.160474,0.000000,0.760752,-0.750943,0.195415,
1629325939.166030,0.000000,0.760774,-0.751613,0.195412,
1629325939.171585,0.000000,0.760961,-0.752331,0.195357,
1629325939.177133,0.000000,0.760961,-0.752720,0.195711,
1629325939.182700,0.000000,0.761089,-0.753417,0.195766,
1629325939.188256,0.000000,0.761716,-0.754807,0.195124,
1629325939.193897,0.000000,0.761806,-0.755485,0.195238,
1629325939.199388,0.000000,0.761926,-0.756184,0.195232,
1629325939.204921,0.000000,0.762132,-0.756890,0.195248,
1629325939.210466,0.000000,0.762214,-0.757530,0.195279,
1629325939.260545,0.000000,0.763693,-0.764000,0.195003,
1629325939.266019,0.000000,0.763569,-0.764440,0.195242,
1629325939.271573,0.000000,0.763924,-0.765339,0.195128,
1629325939.277137,0.000000,0.763996,-0.765806,0.195326,
1629325939.282703,0.000000,0.764355,-0.766893,0.195098,
1629325939.288252,0.000000,0.764251,-0.767557,0.195246,
1629325939.293806,0.000000,0.764181,-0.767953,0.195691,
1629325939.299361,0.000000,0.764377,-0.768890,0.195459,
1629325939.304913,0.000000,0.764282,-0.769029,0.195946,
1629325939.310480,0.000000,0.764366,-0.769957,0.195841,
1629325939.360466,0.000000,0.765666,-0.776984,0.195168,
1629325939.366017,0.000000,0.765787,-0.777554,0.195294,
1629325939.371570,0.000000,0.765954,-0.778220,0.195272,
1629325939.377130,0.000000,0.766082,-0.778891,0.195270,
1629325939.382698,0.000000,0.766185,-0.779361,0.195383,
1629325939.388247,0.000000,0.766263,-0.780216,0.195466,
1629325939.393775,0.000000,0.766362,-0.781019,0.195427,
1629325939.399341,0.000000,0.766520,-0.781958,0.195194,
1629325939.404967,0.000000,0.766557,-0.782565,0.195468,
1629325939.410441,0.000000,0.766548,-0.783235,0.195561,
1629325939.460431,0.000000,0.767224,-0.789513,0.195371,
1629325939.466003,0.000000,0.767492,-0.790770,0.194911,
1629325939.471545,0.000000,0.767763,-0.791613,0.194789,
1629325939.477106,0.000000,0.767905,-0.792366,0.194718,
1629325939.482656,0.000000,0.768046,-0.793116,0.194874,
1629325939.488212,0.000000,0.768005,-0.793743,0.195010,
1629325939.493768,0.000000,0.767995,-0.794454,0.195135,
1629325939.499328,0.000000,0.768503,-0.795541,0.194610,
1629325939.504887,0.000000,0.768080,-0.795677,0.195273,
1629325939.510472,0.000000,0.768116,-0.796665,0.195148,
1629325939.560408,0.000000,0.768696,-0.803397,0.194629,
1629325939.565951,0.000000,0.768759,-0.804069,0.194785,
1629325939.571503,0.000000,0.768839,-0.804799,0.194764,
1629325939.577068,0.000000,0.768939,-0.805591,0.194728,
1629325939.582626,0.000000,0.769046,-0.806510,0.194515,
1629325939.588181,0.000000,0.768924,-0.807107,0.194864,
1629325939.593735,0.000000,0.768933,-0.807850,0.194984,
1629325939.599288,0.000000,0.768896,-0.808589,0.194943,
1629325939.604875,0.000000,0.768847,-0.809080,0.195146,
1629325939.610461,0.000000,0.768799,-0.809839,0.195018,
1629325939.660447,0.000000,0.769140,-0.816441,0.194978,
1629325939.665991,0.000000,0.769178,-0.817232,0.194921,
1629325939.671552,0.000000,0.769227,-0.817744,0.194822,
1629325939.677112,0.000000,0.769356,-0.818785,0.194690,
1629325939.682670,0.000000,0.769337,-0.819404,0.194890,
1629325939.688228,0.000000,0.769416,-0.820188,0.194901,
1629325939.693876,0.000000,0.769458,-0.820994,0.194972,
1629325939.699321,0.000000,0.769405,-0.821628,0.195077,
1629325939.704884,0.000000,0.769308,-0.822324,0.195189,
1629325939.710448,0.000000,0.769224,-0.822808,0.195329,
1629325939.760452,0.000000,0.768942,-0.829211,0.195164,
1629325939.766001,0.000000,0.769147,-0.830193,0.194949,
1629325939.771548,0.000000,0.769189,-0.830976,0.194850,
1629325939.777110,0.000000,0.769290,-0.831675,0.194635,
1629325939.782669,0.000000,0.769383,-0.832654,0.194612,
1629325939.788224,0.000000,0.769256,-0.833448,0.194607,
1629325939.793768,0.000000,0.769147,-0.834185,0.194695,
1629325939.799324,0.000000,0.769079,-0.834899,0.194779,
1629325939.804888,0.000000,0.768951,-0.835517,0.194911,
1629325939.810443,0.000000,0.768917,-0.836165,0.194958,
1629325939.860407,0.000000,0.768426,-0.842837,0.194972,
1629325939.865963,0.000000,0.768444,-0.843595,0.194884,
1629325939.871517,0.000000,0.768441,-0.844385,0.194766,
1629325939.877074,0.000000,0.768444,-0.845170,0.194645,
1629325939.882630,0.000000,0.768434,-0.845951,0.194567,
1629325939.888185,0.000000,0.768361,-0.846771,0.194547,
1629325939.893734,0.000000,0.768272,-0.847500,0.194559,
1629325939.899289,0.000000,0.768166,-0.848198,0.194633,
1629325939.904854,0.000000,0.768029,-0.848860,0.194762,
1629325939.910404,0.000000,0.767924,-0.849509,0.194876,
1629325939.960436,0.000000,0.767110,-0.856218,0.194825,
1629325939.966010,0.000000,0.767101,-0.856987,0.194758,
1629325939.971541,0.000000,0.767072,-0.857805,0.194612,
1629325939.977104,0.000000,0.767042,-0.858577,0.194545,
1629325939.982658,0.000000,0.766978,-0.859348,0.194483,
1629325939.988329,0.000000,0.767067,-0.860232,0.194414,
1629325939.993767,0.000000,0.767151,-0.861129,0.194417,
1629325939.999329,0.000000,0.767015,-0.861753,0.194652,
1629325940.004884,0.000000,0.766829,-0.862431,0.194756,
1629325940.010431,0.000000,0.766671,-0.863115,0.194862,
1629325940.060432,0.000000,0.765627,-0.869603,0.194702,
1629325940.065995,0.000000,0.765848,-0.870602,0.194646,
1629325940.071595,0.000000,0.765776,-0.871401,0.194543,
1629325940.077105,0.000000,0.765659,-0.872227,0.194400,
1629325940.082662,0.000000,0.765385,-0.872839,0.194335,
1629325940.088216,0.000000,0.765290,-0.873618,0.194360,
1629325940.093776,0.000000,0.765137,-0.874452,0.194457,
1629325940.099350,0.000000,0.764939,-0.875211,0.194595,
1629325940.104888,0.000000,0.764696,-0.875923,0.194690,
1629325940.110439,0.000000,0.764565,-0.876590,0.194777,
1629325940.160436,0.000000,0.763254,-0.883100,0.194576,
1629325940.165988,0.000000,0.763188,-0.883899,0.194511,
1629325940.171534,0.000000,0.763035,-0.884655,0.194478,
1629325940.177102,0.000000,0.762951,-0.885413,0.194419,
1629325940.182652,0.000000,0.762755,-0.886190,0.194397,
1629325940.188259,0.000000,0.762594,-0.886979,0.194401,
1629325940.193756,0.000000,0.762387,-0.887700,0.194440,
1629325940.199406,0.000000,0.762347,-0.888572,0.194514,
1629325940.204891,0.000000,0.762101,-0.889261,0.194613,
1629325940.210435,0.000000,0.761864,-0.889946,0.194700,
1629325940.260437,0.000000,0.760346,-0.896493,0.194421,
1629325940.265993,0.000000,0.760161,-0.897314,0.194426,
1629325940.271544,0.000000,0.760041,-0.898149,0.194405,
1629325940.277202,0.000000,0.760119,-0.899074,0.194387,
1629325940.282656,0.000000,0.759738,-0.899610,0.194333,
1629325940.288222,0.000000,0.759560,-0.900408,0.194259,
1629325940.293772,0.000000,0.759280,-0.901144,0.194408,
1629325940.299351,0.000000,0.759042,-0.901886,0.194542,
1629325940.304892,0.000000,0.758801,-0.902573,0.194560,
1629325940.310426,0.000000,0.758576,-0.903165,0.194587,
1629325940.360441,0.000000,0.756825,-0.909630,0.194376,
1629325940.366007,0.000000,0.756608,-0.910400,0.194355,
1629325940.371541,0.000000,0.756428,-0.911105,0.194306,
1629325940.377122,0.000000,0.756216,-0.911821,0.194217,
1629325940.382677,0.000000,0.756029,-0.912768,0.194132,
1629325940.388241,0.000000,0.755924,-0.913684,0.194140,
1629325940.393759,0.000000,0.755603,-0.914385,0.194046,
1629325940.399353,0.000000,0.755401,-0.915149,0.194173,
1629325940.404867,0.000000,0.755067,-0.915608,0.194297,
1629325940.410432,0.000000,0.754796,-0.916210,0.194355,
1629325940.460384,0.000000,0.752941,-0.922614,0.194151,
1629325940.465935,0.000000,0.752626,-0.923554,0.193976,
1629325940.471485,0.000000,0.752407,-0.924196,0.193902,
1629325940.477037,0.000000,0.752257,-0.924839,0.193888,
1629325940.482600,0.000000,0.752008,-0.925583,0.193800,
1629325940.488159,0.000000,0.751787,-0.926285,0.193968,
1629325940.493717,0.000000,0.751466,-0.926929,0.194010,
1629325940.499300,0.000000,0.751170,-0.927786,0.193895,
1629325940.504828,0.000000,0.750901,-0.928368,0.193949,
1629325940.510389,0.000000,0.750757,-0.928734,0.194035,
1629325940.560434,0.000000,0.748462,-0.935080,0.193949,
1629325940.566064,0.000000,0.748233,-0.935787,0.193915,
1629325940.571535,0.000000,0.747968,-0.936435,0.193862,
1629325940.577096,0.000000,0.747733,-0.937183,0.193784,
1629325940.582656,0.000000,0.747498,-0.937958,0.193664,
1629325940.588212,0.000000,0.747189,-0.938718,0.193569,
1629325940.593760,0.000000,0.747053,-0.939192,0.193622,
1629325940.599316,0.000000,0.746755,-0.939792,0.193676,
1629325940.604867,0.000000,0.746534,-0.940640,0.193831,
1629325940.610425,0.000000,0.746230,-0.941261,0.193875,
1629325940.660431,0.000000,0.743443,-0.947561,0.193940,
1629325940.665982,0.000000,0.743087,-0.948198,0.193794,
1629325940.671543,0.000000,0.742966,-0.948530,0.193644,
1629325940.677093,0.000000,0.742761,-0.949255,0.193545,
1629325940.682653,0.000000,0.742348,-0.950352,0.193360,
1629325940.688213,0.000000,0.742142,-0.951141,0.193482,
1629325940.693762,0.000000,0.741773,-0.951838,0.193491,
1629325940.699318,0.000000,0.741494,-0.952454,0.193579,
1629325940.704870,0.000000,0.741151,-0.953045,0.193658,
1629325940.710520,0.000000,0.740866,-0.953595,0.193783,
1629325940.760434,0.000000,0.737975,-0.959540,0.193691,
1629325940.765989,0.000000,0.737597,-0.960375,0.193634,
1629325940.771538,0.000000,0.737294,-0.961080,0.193534,
1629325940.777069,0.000000,0.736988,-0.961845,0.193426,
1629325940.782650,0.000000,0.736704,-0.962629,0.193269,
1629325940.788197,0.000000,0.736458,-0.963333,0.193166,
1629325940.793766,0.000000,0.736144,-0.963908,0.193231,
1629325940.799366,0.000000,0.735742,-0.964519,0.193313,
1629325940.804865,0.000000,0.735550,-0.965162,0.193220,
1629325940.810415,0.000000,0.734972,-0.965746,0.193525,
1629325940.860423,0.000000,0.731992,-0.971469,0.193464,
1629325940.865978,0.000000,0.731610,-0.972243,0.193307,
1629325940.871730,0.000000,0.731264,-0.972265,0.193235,
1629325940.877087,0.000000,0.730838,-0.973139,0.193073,
1629325940.882651,0.000000,0.730391,-0.973992,0.192946,
1629325940.888207,0.000000,0.730131,-0.975162,0.192950,
1629325940.893762,0.000000,0.729920,-0.975961,0.192931,
1629325940.899306,0.000000,0.729498,-0.976588,0.192885,
1629325940.904882,0.000000,0.729129,-0.977044,0.193076,
1629325940.910419,0.000000,0.728723,-0.977221,0.193168,
1629325940.960427,0.000000,0.725273,-0.982995,0.193234,
1629325940.965988,0.000000,0.724870,-0.983878,0.193192,
1629325940.971535,0.000000,0.724465,-0.984399,0.192939,
1629325940.977072,0.000000,0.724190,-0.985232,0.193022,
1629325940.982640,0.000000,0.723929,-0.986016,0.192815,
1629325940.988155,0.000000,0.723626,-0.986772,0.192643,
1629325940.993738,0.000000,0.723245,-0.987519,0.192598,
1629325940.999415,0.000000,0.722795,-0.987950,0.192817,
1629325941.004843,0.000000,0.722332,-0.988735,0.192860,
1629325941.010386,0.000000,0.721827,-0.989323,0.192950,
1629325941.060402,0.000000,0.718207,-0.993755,0.193230,
1629325941.065951,0.000000,0.717922,-0.994656,0.193430,
1629325941.071541,0.000000,0.717484,-0.995152,0.193461,
1629325941.077094,0.000000,0.717016,-0.996116,0.193349,
1629325941.082639,0.000000,0.716605,-0.996853,0.193246,
1629325941.088190,0.000000,0.716301,-0.997633,0.193053,
1629325941.093755,0.000000,0.715810,-0.998595,0.192764,
1629325941.099307,0.000000,0.715432,-0.999239,0.192764,
1629325941.104872,0.000000,0.715194,-0.999702,0.192774,
1629325941.110420,0.000000,0.714691,-1.000254,0.192937,
1629325941.160421,0.000000,0.710812,-1.005036,0.192961,
1629325941.165970,0.000000,0.710422,-1.005636,0.192923,
1629325941.171529,0.000000,0.709920,-1.006334,0.192963,
1629325941.177109,0.000000,0.709611,-1.006968,0.192865,
1629325941.182637,0.000000,0.709278,-1.007638,0.192714,
1629325941.188205,0.000000,0.708901,-1.008288,0.192630,
1629325941.193753,0.000000,0.708350,-1.009177,0.192659,
1629325941.199308,0.000000,0.708005,-1.009625,0.192744,
1629325941.204850,0.000000,0.707538,-1.010068,0.192864,
1629325941.210430,0.000000,0.707125,-1.010642,0.192942,
1629325941.260426,0.000000,0.702987,-1.015522,0.193020,
1629325941.265976,0.000000,0.702555,-1.016149,0.192935,
1629325941.271534,0.000000,0.701731,-1.016547,0.193281,
1629325941.277086,0.000000,0.701483,-1.017433,0.192987,
1629325941.282629,0.000000,0.701120,-1.018160,0.192907,
1629325941.288287,0.000000,0.700709,-1.018731,0.192741,
1629325941.293757,0.000000,0.700314,-1.019358,0.192603,
1629325941.299373,0.000000,0.699809,-1.019879,0.192569,
1629325941.304865,0.000000,0.699463,-1.020434,0.192608,
1629325941.310424,0.000000,0.698806,-1.020997,0.192805,
1629325941.360417,0.000000,0.694589,-1.025809,0.193026,
1629325941.365975,0.000000,0.694075,-1.026339,0.193007,
1629325941.371527,0.000000,0.693755,-1.026614,0.192938,
1629325941.377078,0.000000,0.693340,-1.027181,0.192893,
1629325941.382633,0.000000,0.692660,-1.027943,0.193021,
1629325941.388184,0.000000,0.692297,-1.028570,0.192985,
1629325941.393743,0.000000,0.691755,-1.029112,0.192832,
1629325941.399297,0.000000,0.691332,-1.029793,0.192622,
1629325941.404862,0.000000,0.690808,-1.030516,0.192483,
1629325941.410415,0.000000,0.690277,-1.031100,0.192496,
1629325941.460402,0.000000,0.685608,-1.035526,0.193053,
1629325941.465956,0.000000,0.685142,-1.036074,0.192996,
1629325941.471510,0.000000,0.684696,-1.036526,0.192954,
1629325941.477075,0.000000,0.684202,-1.037187,0.192752,
1629325941.482629,0.000000,0.683753,-1.037793,0.192621,
1629325941.488187,0.000000,0.683224,-1.038386,0.192662,
1629325941.493741,0.000000,0.682713,-1.038981,0.192645,
1629325941.499324,0.000000,0.682108,-1.039599,0.192691,
1629325941.504851,0.000000,0.681598,-1.040196,0.192516,
1629325941.510407,0.000000,0.681092,-1.040675,0.192597,
1629325941.560400,0.000000,0.676561,-1.044941,0.192882,
1629325941.565957,0.000000,0.675968,-1.045494,0.192715,
1629325941.571519,0.000000,0.675304,-1.046200,0.192637,
1629325941.577076,0.000000,0.674733,-1.046636,0.192700,
1629325941.582713,0.000000,0.674249,-1.047204,0.192562,
1629325941.588203,0.000000,0.673658,-1.047822,0.192525,
1629325941.593735,0.000000,0.673103,-1.048563,0.192311,
1629325941.599291,0.000000,0.672673,-1.048984,0.192293,
1629325941.604865,0.000000,0.672043,-1.049562,0.192374,
1629325941.610411,0.000000,0.671409,-1.050074,0.192423,
1629325941.660418,0.000000,0.666516,-1.053973,0.192621,
1629325941.665969,0.000000,0.665860,-1.054797,0.192390,
1629325941.671528,0.000000,0.665476,-1.055153,0.192415,
1629325941.677073,0.000000,0.664832,-1.055682,0.192663,
1629325941.682642,0.000000,0.663981,-1.056648,0.192445,
1629325941.688185,0.000000,0.663792,-1.057009,0.192492,
1629325941.693748,0.000000,0.663158,-1.057601,0.192363,
1629325941.699308,0.000000,0.662329,-1.058187,0.192255,
1629325941.704853,0.000000,0.661788,-1.058780,0.192192,
1629325941.710401,0.000000,0.661386,-1.059163,0.192293,
1629325941.760402,0.000000,0.655993,-1.063335,0.192641,
1629325941.765961,0.000000,0.655428,-1.063833,0.192598,
1629325941.771509,0.000000,0.654974,-1.064140,0.192647,
1629325941.777053,0.000000,0.654271,-1.064726,0.192523,
1629325941.782656,0.000000,0.653688,-1.065228,0.192483,
1629325941.788167,0.000000,0.653196,-1.065769,0.192381,
1629325941.793738,0.000000,0.652506,-1.066183,0.192337,
1629325941.799286,0.000000,0.651883,-1.066723,0.192247,
1629325941.804849,0.000000,0.651144,-1.067706,0.191944,
1629325941.810410,0.000000,0.650250,-1.068423,0.191815,
1629325941.860379,0.000000,0.645411,-1.071530,0.192689,
1629325941.865963,0.000000,0.644868,-1.071967,0.192645,
1629325941.871607,0.000000,0.644196,-1.072406,0.192621,
1629325941.877064,0.000000,0.643638,-1.072932,0.192471,
1629325941.882618,0.000000,0.642852,-1.073385,0.192505,
1629325941.888169,0.000000,0.642267,-1.073772,0.192464,
1629325941.893739,0.000000,0.641671,-1.074320,0.192359,
1629325941.899330,0.000000,0.641049,-1.074878,0.192276,
1629325941.904839,0.000000,0.640283,-1.075410,0.192270,
1629325941.910398,0.000000,0.639696,-1.075932,0.192254,
1629325941.960413,0.000000,0.634445,-1.079208,0.192768,
1629325941.965960,0.000000,0.633818,-1.079682,0.192700,
1629325941.971519,0.000000,0.633269,-1.080150,0.192598,
1629325941.977068,0.000000,0.632462,-1.080712,0.192491,
1629325941.982695,0.000000,0.631786,-1.081288,0.192299,
1629325941.988181,0.000000,0.631293,-1.081705,0.192286,
1629325941.993740,0.000000,0.630672,-1.082071,0.192319,
1629325941.999299,0.000000,0.630005,-1.082514,0.192262,
1629325942.004858,0.000000,0.629318,-1.082971,0.192213,
1629325942.010415,0.000000,0.628797,-1.083557,0.192199,
1629325942.060388,0.000000,0.622661,-1.086930,0.192107,
1629325942.065957,0.000000,0.622661,-1.087134,0.191925,
1629325942.071513,0.000000,0.621568,-1.087767,0.191687,
1629325942.077066,0.000000,0.620928,-1.087731,0.192489,
1629325942.082630,0.000000,0.620301,-1.088253,0.192315,
1629325942.088175,0.000000,0.620072,-1.088829,0.191761,
1629325942.093733,0.000000,0.619443,-1.089374,0.191547,
1629325942.099290,0.000000,0.618668,-1.089787,0.191550,
1629325942.104840,0.000000,0.617721,-1.090019,0.192129,
1629325942.110399,0.000000,0.617048,-1.090332,0.192479,
1629325942.160503,0.000000,0.611250,-1.093121,0.192639,
1629325942.165956,0.000000,0.610648,-1.093514,0.192617,
1629325942.171514,0.000000,0.610253,-1.093866,0.192441,
1629325942.177076,0.000000,0.609650,-1.094317,0.192420,
1629325942.182652,0.000000,0.608896,-1.094630,0.192489,
1629325942.188190,0.000000,0.608102,-1.095432,0.192319,
1629325942.193738,0.000000,0.607477,-1.095820,0.192179,
1629325942.199292,0.000000,0.606826,-1.096269,0.192086,
1629325942.204845,0.000000,0.606137,-1.096643,0.192196,
1629325942.210410,0.000000,0.605432,-1.097059,0.192069,
1629325942.260391,0.000000,0.599670,-1.099549,0.192543,
1629325942.265938,0.000000,0.599048,-1.099678,0.192509,
1629325942.271507,0.000000,0.598043,-1.099759,0.192757,
1629325942.277062,0.000000,0.597387,-1.100178,0.192664,
1629325942.282631,0.000000,0.596938,-1.101025,0.192492,
1629325942.288175,0.000000,0.596242,-1.101427,0.192397,
1629325942.293721,0.000000,0.595563,-1.101812,0.192256,
1629325942.299288,0.000000,0.595005,-1.102150,0.192233,
1629325942.304927,0.000000,0.594397,-1.102506,0.192172,
1629325942.310397,0.000000,0.593727,-1.102816,0.192151,
1629325942.360401,0.000000,0.587880,-1.105253,0.192431,
1629325942.365962,0.000000,0.587263,-1.105598,0.192309,
1629325942.371516,0.000000,0.586613,-1.105887,0.192269,
1629325942.377073,0.000000,0.585915,-1.106335,0.192377,
1629325942.382623,0.000000,0.585152,-1.106670,0.192206,
1629325942.388193,0.000000,0.584531,-1.106760,0.192091,
1629325942.393723,0.000000,0.583832,-1.107253,0.192131,
1629325942.399310,0.000000,0.583104,-1.107544,0.192113,
1629325942.404854,0.000000,0.582192,-1.107967,0.192026,
1629325942.410402,0.000000,0.581407,-1.108276,0.192028,
1629325942.460396,0.000000,0.575738,-1.110351,0.192356,
1629325942.465956,0.000000,0.574924,-1.110723,0.192453,
1629325942.471502,0.000000,0.574313,-1.110913,0.192500,
1629325942.477069,0.000000,0.573607,-1.111175,0.192467,
1629325942.482632,0.000000,0.572832,-1.111496,0.192535,
1629325942.488175,0.000000,0.572209,-1.111783,0.192507,
1629325942.493719,0.000000,0.571492,-1.112086,0.192245,
1629325942.499281,0.000000,0.570789,-1.112396,0.192153,
1629325942.504843,0.000000,0.570069,-1.112746,0.192037,
1629325942.510410,0.000000,0.569474,-1.113124,0.191806,
1629325942.538175,0.000000,0.566007,-1.114183,0.192258,
1629325942.543726,0.000000,0.565280,-1.114357,0.192400,
1629325942.549288,0.000000,0.564586,-1.114466,0.192406,
1629325942.554833,0.000000,0.563994,-1.114670,0.192503,
1629325942.560397,0.000000,0.563304,-1.114941,0.192637,
1629325942.565958,0.000000,0.562662,-1.115167,0.192656,
1629325942.571514,0.000000,0.561933,-1.115491,0.192510,
1629325942.577062,0.000000,0.561203,-1.115789,0.192461,
1629325942.582622,0.000000,0.560712,-1.116165,0.192220,
1629325942.588176,0.000000,0.559883,-1.116346,0.192351,
1629325942.660346,0.000000,0.550699,-1.119322,0.192576,
1629325942.665943,0.000000,0.549946,-1.119494,0.192516,
1629325942.671530,0.000000,0.549185,-1.119598,0.192519,
1629325942.677050,0.000000,0.548467,-1.119848,0.192484,
1629325942.682614,0.000000,0.547856,-1.120149,0.192285,
1629325942.688168,0.000000,0.547133,-1.120399,0.192268,
1629325942.693726,0.000000,0.546343,-1.120671,0.191997,
1629325942.699286,0.000000,0.545688,-1.120970,0.191863,
1629325942.704833,0.000000,0.545001,-1.121213,0.191815,
1629325942.710399,0.000000,0.544199,-1.121501,0.191833,
1629325942.760391,0.000000,0.537819,-1.122958,0.192450,
1629325942.765949,0.000000,0.537335,-1.123118,0.192498,
1629325942.771503,0.000000,0.536526,-1.123246,0.192403,
1629325942.777068,0.000000,0.535756,-1.123428,0.192351,
1629325942.782609,0.000000,0.535056,-1.123705,0.192189,
1629325942.788164,0.000000,0.534141,-1.123888,0.192284,
1629325942.793717,0.000000,0.533369,-1.124111,0.192305,
1629325942.799319,0.000000,0.532709,-1.124388,0.192157,
1629325942.804836,0.000000,0.532160,-1.124662,0.191915,
1629325942.810390,0.000000,0.531395,-1.124993,0.191951,
1629325942.860394,0.000000,0.524997,-1.126190,0.192053,
1629325942.865951,0.000000,0.524118,-1.125993,0.192573,
1629325942.871503,0.000000,0.523519,-1.126139,0.192379,
1629325942.877061,0.000000,0.522893,-1.126308,0.192455,
1629325942.882701,0.000000,0.522131,-1.126540,0.192362,
1629325942.888157,0.000000,0.521301,-1.126641,0.192469,
1629325942.893723,0.000000,0.520393,-1.126713,0.192683,
1629325942.899331,0.000000,0.519626,-1.126933,0.192572,
1629325942.904838,0.000000,0.518916,-1.127197,0.192445,
1629325942.910393,0.000000,0.517944,-1.127392,0.192468,
1629325942.960390,0.000000,0.511536,-1.128080,0.192402,
1629325942.965952,0.000000,0.510947,-1.128216,0.192346,
1629325942.971513,0.000000,0.510361,-1.128462,0.192502,
1629325942.977052,0.000000,0.509953,-1.128427,0.192435,
1629325942.982642,0.000000,0.508968,-1.128786,0.192230,
1629325942.988177,0.000000,0.508560,-1.129036,0.192440,
1629325942.993735,0.000000,0.507700,-1.129287,0.192463,
1629325942.999282,0.000000,0.506766,-1.129257,0.192323,
1629325943.004838,0.000000,0.506226,-1.129610,0.192135,
1629325943.010390,0.000000,0.505428,-1.129435,0.192135,
1629325943.060395,0.000000,0.498718,-1.130223,0.192905,
1629325943.065941,0.000000,0.498088,-1.130312,0.192922,
1629325943.071492,0.000000,0.497401,-1.130407,0.192752,
1629325943.077053,0.000000,0.496519,-1.130422,0.193044,
1629325943.082603,0.000000,0.495695,-1.130378,0.192638,
1629325943.088169,0.000000,0.494878,-1.130410,0.192744,
1629325943.093721,0.000000,0.494530,-1.130774,0.192641,
1629325943.099277,0.000000,0.493893,-1.130756,0.192429,
1629325943.104845,0.000000,0.492955,-1.131064,0.192374,
1629325943.110379,0.000000,0.492237,-1.131255,0.192225,
1629325943.160388,0.000000,0.485797,-1.131764,0.192887,
1629325943.165969,0.000000,0.485189,-1.131797,0.192907,
1629325943.171469,0.000000,0.484597,-1.131926,0.192700,
1629325943.177126,0.000000,0.483545,-1.131869,0.192773,
1629325943.182584,0.000000,0.482948,-1.131986,0.192653,
1629325943.188125,0.000000,0.482193,-1.132065,0.192700,
1629325943.193677,0.000000,0.481206,-1.132075,0.192493,
1629325943.199249,0.000000,0.480520,-1.132297,0.192337,
1629325943.204794,0.000000,0.479567,-1.132332,0.192294,
1629325943.210362,0.000000,0.478773,-1.132422,0.192294,
1629325943.260384,0.000000,0.472152,-1.132401,0.192518,
1629325943.265924,0.000000,0.471383,-1.132398,0.192551,
1629325943.271456,0.000000,0.470550,-1.132342,0.192694,
1629325943.277012,0.000000,0.469921,-1.132378,0.192687,
1629325943.282566,0.000000,0.469373,-1.132385,0.192374,
1629325943.288121,0.000000,0.468769,-1.132380,0.192340,
1629325943.293677,0.000000,0.467800,-1.132657,0.192406,
1629325943.299233,0.000000,0.466802,-1.132785,0.192557,
1629325943.304790,0.000000,0.466063,-1.132851,0.192400,
1629325943.310348,0.000000,0.465362,-1.132926,0.192366,
1629325943.360390,0.000000,0.458858,-1.132791,0.192905,
1629325943.365936,0.000000,0.458250,-1.132796,0.192966,
1629325943.371461,0.000000,0.457269,-1.132663,0.193154,
1629325943.377010,0.000000,0.456753,-1.132879,0.193054,
1629325943.382571,0.000000,0.456005,-1.132888,0.193048,
1629325943.388145,0.000000,0.455102,-1.132779,0.192813,
1629325943.393666,0.000000,0.454441,-1.132864,0.192694,
1629325943.399252,0.000000,0.453570,-1.132743,0.192747,
1629325943.404783,0.000000,0.452547,-1.132526,0.192834,
1629325943.410353,0.000000,0.451983,-1.132844,0.192421,
1629325943.460346,0.000000,0.445122,-1.132540,0.192575,
1629325943.466071,0.000000,0.444487,-1.132566,0.192587,
1629325943.471458,0.000000,0.443879,-1.132558,0.192580,
1629325943.477014,0.000000,0.443029,-1.132204,0.193087,
1629325943.482619,0.000000,0.442244,-1.131729,0.193463,
1629325943.488161,0.000000,0.441405,-1.132185,0.193032,
1629325943.493703,0.000000,0.440809,-1.132570,0.192460,
1629325943.499484,0.000000,0.439977,-1.132121,0.192810,
1629325943.504853,0.000000,0.439269,-1.132415,0.192571,
1629325943.510369,0.000000,0.438403,-1.132445,0.192545,
1629325943.560401,0.000000,0.431739,-1.131529,0.192904,
1629325943.565932,0.000000,0.431198,-1.131330,0.192425,
1629325943.571488,0.000000,0.430171,-1.130799,0.193417,
1629325943.577054,0.000000,0.429441,-1.130603,0.193583,
1629325943.582985,0.000000,0.428568,-1.130328,0.193848,
1629325943.588150,0.000000,0.428144,-1.130707,0.193131,
1629325943.593708,0.000000,0.427289,-1.130952,0.193084,
1629325943.599356,0.000000,0.426433,-1.130965,0.193010,
1629325943.604819,0.000000,0.425488,-1.130912,0.192825,
1629325943.610560,0.000000,0.424833,-1.130927,0.192804,
1629325943.660368,0.000000,0.418624,-1.130411,0.192513,
1629325943.665936,0.000000,0.417971,-1.130224,0.192579,
1629325943.671479,0.000000,0.417316,-1.130039,0.192788,
1629325943.677040,0.000000,0.416610,-1.129962,0.192698,
1629325943.682589,0.000000,0.415933,-1.129963,0.192653,
1629325943.688155,0.000000,0.415214,-1.129951,0.192607,
1629325943.693716,0.000000,0.414567,-1.129960,0.192806,
1629325943.699441,0.000000,0.413186,-1.129206,0.192999,
1629325943.704826,0.000000,0.412375,-1.129165,0.192958,
1629325943.710386,0.000000,0.411644,-1.128686,0.193352,
1629325943.760394,0.000000,0.405480,-1.127492,0.193288,
1629325943.765931,0.000000,0.404820,-1.127597,0.193337,
1629325943.771493,0.000000,0.403911,-1.127239,0.193294,
1629325943.777054,0.000000,0.403273,-1.127576,0.192856,
1629325943.782602,0.000000,0.402710,-1.127074,0.193261,
1629325943.788326,0.000000,0.401809,-1.127345,0.192666,
1629325943.793858,0.000000,0.400992,-1.127220,0.192464,
1629325943.799259,0.000000,0.400521,-1.127324,0.192306,
1629325943.804831,0.000000,0.399861,-1.126630,0.192898,
1629325943.810372,0.000000,0.398246,-1.125841,0.193850,
