1629325595.000000,662166357.000000,-0.000529,0.000816,0.000819,-0.008332,0.035820,-0.000656,0.999323,-0.002089,0.000094,0.008431,-0.002325,0.000516,0.006326,
1629325595.000000,667170525.000000,-0.000533,0.000817,0.000864,-0.008337,0.035809,-0.000643,0.999324,-0.001882,0.000086,0.009038,0.000819,-0.016330,-0.001031,
1629325595.000000,672173500.000000,-0.000534,0.000818,0.000913,-0.008332,0.035776,-0.000647,0.999325,-0.001501,0.000079,0.009691,-0.000169,0.005575,0.005178,
1629325595.000000,677176237.000000,-0.000532,0.000820,0.000965,-0.008333,0.035814,-0.000627,0.999324,-0.001061,0.000073,0.010359,0.001873,0.006076,0.002214,
1629325595.000000,682179451.000000,-0.000656,0.000864,0.000702,-0.008344,0.035801,-0.000620,0.999324,-0.003289,0.000871,0.005741,0.000889,0.002460,0.002033,
1629325595.000000,687182426.000000,-0.000669,0.000869,0.000733,-0.008349,0.035823,-0.000609,0.999323,-0.003124,0.000863,0.006251,-0.004480,0.009051,0.002167,
1629325595.000000,692185402.000000,-0.000682,0.000874,0.000766,-0.008352,0.035825,-0.000609,0.999323,-0.002981,0.000854,0.006645,0.005061,-0.011101,-0.000052,
1629325595.000000,697188616.000000,-0.000698,0.000875,0.000792,-0.008341,0.035804,-0.000610,0.999324,-0.003246,0.000520,0.006229,-0.004356,0.008777,-0.002126,
1629325595.000000,702191353.000000,-0.000713,0.000878,0.000830,-0.008360,0.035833,-0.000617,0.999323,-0.003356,0.000411,0.006928,-0.001414,-0.004511,-0.002176,
1629325595.000000,707195282.000000,-0.000727,0.000880,0.000870,-0.008347,0.035803,-0.000618,0.999324,-0.003420,0.000305,0.007564,0.005202,0.001269,0.001052,
1629325595.000000,752223730.000000,-0.000398,0.000778,0.000666,-0.008330,0.035853,-0.000622,0.999322,0.001384,-0.000116,0.005612,-0.000212,-0.014336,-0.003090,
1629325595.000000,757226706.000000,-0.000406,0.000778,0.000697,-0.008329,0.035832,-0.000635,0.999323,-0.000458,-0.000141,0.006204,0.000865,0.007762,0.003048,
1629325595.000000,762229204.000000,-0.000400,0.000778,0.000729,-0.008324,0.035865,-0.000623,0.999322,-0.000370,-0.000149,0.006686,0.002986,0.004932,-0.004100,
1629325595.000000,767232180.000000,-0.000393,0.000778,0.000765,-0.008322,0.035848,-0.000646,0.999322,-0.000209,-0.000157,0.007290,-0.003359,-0.011266,-0.003355,
1629325595.000000,772235394.000000,-0.000335,0.000744,0.000844,-0.008367,0.035505,-0.000638,0.999334,0.006608,-0.004959,0.014720,-0.038453,-0.362426,-0.000959,
1629325595.000000,777239323.000000,-0.000291,0.000716,0.000922,-0.008488,0.033857,-0.000670,0.999390,0.009337,-0.006889,0.018362,-0.041935,-0.943386,-0.047820,
1629325595.000000,782242537.000000,-0.000282,0.000634,0.000808,-0.008570,0.031305,-0.000921,0.999473,0.009089,-0.010527,0.018148,-0.002359,-0.846321,-0.162803,
1629325595.000000,787245512.000000,0.000254,0.000518,0.000791,-0.008573,0.029793,-0.001422,0.999518,0.066822,-0.019512,0.010172,0.002093,-0.408769,-0.218709,
1629325595.000000,792248249.000000,0.000642,0.000408,0.000812,-0.008625,0.029042,-0.001948,0.999539,0.087124,-0.023732,0.008868,-0.033178,-0.222459,-0.208751,
1629325595.000000,797251463.000000,0.001101,0.000274,0.000793,-0.008673,0.028779,-0.002550,0.999545,0.105642,-0.027925,0.005756,0.046169,0.083279,-0.308453,
1629325595.000000,887307405.000000,0.008813,-0.001966,-0.001110,-0.007589,0.034742,-0.021674,0.999132,0.091489,-0.034077,0.021317,0.118380,0.100355,-0.446045,
1629325595.000000,892311335.000000,0.009271,-0.002159,-0.001009,-0.007323,0.035204,-0.022795,0.999093,0.091291,-0.035358,0.031036,0.116086,0.264013,-0.439614,
1629325595.000000,897314310.000000,0.009669,-0.002327,-0.001102,-0.007092,0.035899,-0.023883,0.999045,0.085603,-0.032228,0.007002,0.075735,0.270545,-0.414132,
1629325595.000000,902317524.000000,0.010082,-0.002507,-0.001108,-0.006993,0.036349,-0.024901,0.999004,0.083477,-0.031788,0.003453,0.028672,0.060936,-0.402221,
1629325595.000000,907320261.000000,0.010486,-0.002687,-0.001127,-0.006978,0.036192,-0.025928,0.998984,0.081239,-0.031358,-0.000427,0.024365,-0.150786,-0.421471,
1629325595.000000,912323236.000000,0.010876,-0.002864,-0.001164,-0.006967,0.035678,-0.027007,0.998974,0.078987,-0.030925,-0.004369,0.020314,-0.239541,-0.441774,
1629325595.000000,917326450.000000,0.012352,-0.003451,-0.000594,-0.007078,0.035200,-0.028168,0.998958,0.086857,-0.039635,0.005406,0.040448,-0.226895,-0.437717,
1629325595.000000,922329426.000000,0.012770,-0.003676,-0.000596,-0.007005,0.034665,-0.029241,0.998947,0.084956,-0.040834,0.004653,0.047182,-0.202147,-0.420598,
1629325595.000000,927332401.000000,0.013177,-0.003908,-0.000601,-0.006956,0.034269,-0.030286,0.998929,0.082934,-0.042050,0.004084,0.034175,-0.069359,-0.420535,
1629325595.000000,932336569.000000,0.013769,-0.004078,-0.000699,-0.006933,0.034306,-0.031341,0.998896,0.101108,-0.034815,-0.004279,0.003450,0.085062,-0.417471,
1629325595.000000,977364540.000000,0.021920,-0.005180,0.000763,-0.007349,0.035824,-0.041329,0.998476,0.136230,-0.024314,0.029641,0.017252,-0.065085,-0.467546,
1629325595.000000,982367516.000000,0.025485,-0.005882,0.000095,-0.007239,0.035603,-0.042530,0.998434,0.161042,-0.034564,0.042490,0.069490,0.082513,-0.474131,
1629325595.000000,987370729.000000,0.026287,-0.006129,0.000277,-0.007030,0.035910,-0.043701,0.998374,0.161081,-0.037782,0.051018,0.115396,0.150733,-0.447541,
1629325595.000000,992373228.000000,0.027022,-0.006370,0.000415,-0.006741,0.036296,-0.044800,0.998314,0.153652,-0.038936,0.049485,0.127139,0.185171,-0.428172,
1629325595.000000,997376204.000000,0.027780,-0.006637,0.000620,-0.006469,0.036781,-0.045886,0.998248,0.151275,-0.041512,0.054369,0.096269,0.207716,-0.431455,
1629325596.000000,2380371.000000,0.028530,-0.006918,0.000851,-0.006306,0.037192,-0.046970,0.998184,0.149028,-0.044106,0.059419,0.051411,0.107316,-0.426189,
1629325596.000000,7383347.000000,0.029226,-0.007138,0.000936,-0.006255,0.037171,-0.048021,0.998135,0.141933,-0.036316,0.039491,0.025801,-0.136376,-0.413354,
1629325596.000000,12386322.000000,0.029917,-0.007381,0.001073,-0.006274,0.036531,-0.049056,0.998108,0.137900,-0.034804,0.034356,0.015217,-0.343578,-0.423922,
1629325596.000000,17389536.000000,0.031070,-0.006798,0.000048,-0.006383,0.035667,-0.050189,0.998082,0.131225,-0.022438,0.009341,0.033277,-0.343892,-0.429537,
1629325596.000000,22392273.000000,0.031922,-0.007006,0.000148,-0.006363,0.034927,-0.051257,0.998054,0.151364,-0.022512,0.018650,0.030397,-0.250936,-0.429427,
1629325596.000000,67420483.000000,0.038056,-0.008320,0.001148,-0.006465,0.036541,-0.061203,0.997435,0.163630,-0.010184,0.018525,-0.030227,0.040621,-0.449811,
1629325596.000000,72424650.000000,0.038858,-0.008484,0.001231,-0.006601,0.036624,-0.062315,0.997362,0.162627,-0.011599,0.024988,-0.033916,0.064901,-0.446541,
1629325596.000000,77427626.000000,0.039665,-0.008643,0.001304,-0.006685,0.036743,-0.063430,0.997287,0.162688,-0.011479,0.027418,-0.012289,-0.031075,-0.446589,
1629325596.000000,82430363.000000,0.039946,-0.009190,-0.000349,-0.006618,0.036212,-0.064636,0.997230,0.153848,-0.017962,0.001293,0.065163,-0.057095,-0.468963,
1629325596.000000,87433577.000000,0.040639,-0.009487,-0.000149,-0.006402,0.036229,-0.065835,0.997152,0.147207,-0.031160,0.029174,0.118951,0.104450,-0.474511,
1629325596.000000,92436552.000000,0.041352,-0.009748,-0.000033,-0.006136,0.036645,-0.067008,0.997060,0.144995,-0.035340,0.038555,0.099570,0.230969,-0.456265,
1629325596.000000,97439528.000000,0.042057,-0.010029,0.000132,-0.005900,0.037164,-0.068112,0.996968,0.143112,-0.039530,0.047736,0.103600,0.161353,-0.410579,
1629325596.000000,102442741.000000,0.042720,-0.010248,0.000099,-0.005659,0.037383,-0.069120,0.996892,0.137142,-0.032118,0.022391,0.096443,0.050354,-0.407009,
1629325596.000000,107445478.000000,0.043374,-0.010499,0.000153,-0.005542,0.037352,-0.070171,0.996820,0.133094,-0.031719,0.017631,0.016607,-0.082536,-0.422303,
1629325596.000000,112449169.000000,0.044200,-0.010788,-0.000105,-0.005699,0.036867,-0.071191,0.996765,0.127547,-0.028567,0.014826,-0.023162,-0.217555,-0.422283,
1629325596.000000,157477379.000000,0.049622,-0.012527,0.001026,-0.004923,0.038059,-0.080843,0.995988,0.136549,-0.023275,0.041038,0.096269,0.304987,-0.380900,
1629325596.000000,162480593.000000,0.050288,-0.012755,0.001195,-0.004676,0.038822,-0.081759,0.995885,0.134148,-0.024446,0.047355,0.069806,0.250785,-0.339408,
1629325596.000000,167483568.000000,0.050784,-0.012964,0.001367,-0.004520,0.039060,-0.082568,0.995809,0.109332,-0.026038,0.046990,0.083261,-0.065744,-0.313630,
1629325596.000000,172486305.000000,0.051290,-0.013181,0.001567,-0.004389,0.038435,-0.083350,0.995769,0.097900,-0.027455,0.049365,0.063622,-0.417623,-0.308457,
1629325596.000000,177489519.000000,0.051736,-0.013397,0.001783,-0.004433,0.037060,-0.084154,0.995754,0.086081,-0.028921,0.051577,0.032197,-0.640533,-0.354022,
1629325596.000000,182492495.000000,0.051431,-0.013582,0.000308,-0.004706,0.034678,-0.085155,0.995753,0.044505,-0.034077,0.030935,0.020790,-0.646815,-0.397119,
1629325596.000000,187495470.000000,0.051601,-0.013787,0.000450,-0.004797,0.033275,-0.086156,0.995714,0.032006,-0.035670,0.032619,0.039800,-0.445278,-0.410797,
1629325596.000000,192499638.000000,0.051704,-0.013989,0.000613,-0.004742,0.032506,-0.087172,0.995652,0.019334,-0.037317,0.034619,0.083610,-0.149536,-0.394948,
1629325596.000000,197502375.000000,0.053207,-0.014446,0.000633,-0.004518,0.032463,-0.088127,0.995570,0.110974,-0.038729,0.032257,0.120901,0.121909,-0.369213,
1629325596.000000,202505589.000000,0.053758,-0.014743,0.000749,-0.004186,0.032924,-0.089054,0.995474,0.120798,-0.040156,0.032866,0.127378,0.240828,-0.370252,
1629325596.000000,292561531.000000,0.066539,-0.018988,0.000266,-0.003458,0.034937,-0.109749,0.993339,0.159780,-0.009902,-0.023382,-0.054775,0.058647,-0.481401,
1629325596.000000,297564507.000000,0.067299,-0.019208,0.000088,-0.003621,0.035133,-0.110928,0.993201,0.160477,-0.008088,-0.026851,-0.059071,0.057469,-0.474883,
1629325596.000000,302568436.000000,0.068064,-0.019422,-0.000108,-0.003804,0.035257,-0.112100,0.993064,0.161152,-0.006269,-0.030326,-0.065443,0.055623,-0.469638,
1629325596.000000,307571650.000000,0.068835,-0.019633,-0.000305,-0.003999,0.035463,-0.113258,0.992924,0.162053,-0.005016,-0.031128,-0.076096,0.089963,-0.471683,
1629325596.000000,312574625.000000,0.070053,-0.019845,-0.000477,-0.004128,0.035965,-0.114471,0.992767,0.166158,-0.002815,-0.032353,-0.103725,0.085885,-0.480363,
1629325596.000000,317577362.000000,0.070848,-0.020045,-0.000704,-0.004429,0.036160,-0.115651,0.992622,0.166826,-0.001224,-0.034814,-0.112392,0.051748,-0.471914,
1629325596.000000,322580576.000000,0.071611,-0.020336,-0.000565,-0.004686,0.036225,-0.116800,0.992484,0.163168,-0.011542,0.004209,-0.050710,-0.031666,-0.464331,
1629325596.000000,327583551.000000,0.072392,-0.020588,-0.000568,-0.004689,0.036293,-0.117966,0.992343,0.162555,-0.013812,0.015668,0.086711,0.194410,-0.476070,
1629325596.000000,332586527.000000,0.073173,-0.020853,-0.000514,-0.004249,0.037003,-0.119163,0.992176,0.162190,-0.016054,0.027409,0.220133,0.314900,-0.466630,
1629325596.000000,337589502.000000,0.073879,-0.021079,-0.000641,-0.003738,0.037669,-0.120295,0.992016,0.152702,-0.013288,0.008017,0.085709,0.313806,-0.426077,
1629325596.000000,382618427.000000,0.079678,-0.023612,-0.001021,-0.004904,0.036758,-0.130011,0.990819,0.155896,-0.017669,0.017988,0.094223,0.260502,-0.432612,
1629325596.000000,387621403.000000,0.080332,-0.023946,-0.000820,-0.004595,0.037264,-0.131120,0.990655,0.150499,-0.024535,0.038346,0.117773,0.216541,-0.454937,
1629325596.000000,392624617.000000,0.081045,-0.024269,-0.000662,-0.004307,0.037735,-0.132273,0.990485,0.151359,-0.026525,0.047115,0.088939,0.172879,-0.459344,
1629325596.000000,397627592.000000,0.081760,-0.024603,-0.000459,-0.004116,0.038036,-0.133400,0.990324,0.152372,-0.028504,0.055697,0.072761,0.107736,-0.443266,
1629325596.000000,402630329.000000,0.082368,-0.024872,-0.000397,-0.003971,0.038159,-0.134453,0.990177,0.136816,-0.023507,0.037285,0.054856,-0.013521,-0.392262,
1629325596.000000,407633543.000000,0.083002,-0.025166,-0.000264,-0.003936,0.037877,-0.135391,0.990060,0.131922,-0.022789,0.035258,0.035546,-0.198200,-0.382278,
1629325596.000000,412637472.000000,0.083636,-0.025545,-0.001261,-0.004268,0.037118,-0.136408,0.989948,0.113974,-0.019677,0.010165,0.017630,-0.258011,-0.412457,
1629325596.000000,417640448.000000,0.084311,-0.025872,-0.001292,-0.004367,0.036511,-0.137461,0.989824,0.127401,-0.022588,0.005607,0.003695,-0.235105,-0.439079,
1629325596.000000,422643661.000000,0.084891,-0.026155,-0.001311,-0.004462,0.035968,-0.138558,0.989691,0.127042,-0.022982,0.003350,0.017513,-0.184543,-0.442357,
1629325596.000000,427646637.000000,0.085468,-0.026441,-0.001341,-0.004484,0.035603,-0.139647,0.989551,0.126739,-0.023378,0.001127,0.032551,-0.098573,-0.440093,
1629325596.000000,477677345.000000,0.092649,-0.028990,-0.000828,-0.004663,0.037359,-0.150648,0.987870,0.148633,-0.016286,0.021966,0.015409,-0.069379,-0.434859,
1629325596.000000,482680559.000000,0.093687,-0.029730,-0.001408,-0.004679,0.036839,-0.151788,0.987715,0.149876,-0.029430,0.035754,0.070806,-0.077978,-0.447694,
1629325596.000000,487683296.000000,0.094370,-0.030107,-0.001267,-0.004498,0.036705,-0.152919,0.987547,0.148567,-0.033989,0.045342,0.119796,0.078434,-0.457387,
1629325596.000000,492687464.000000,0.095041,-0.030508,-0.001075,-0.004185,0.037005,-0.154049,0.987361,0.147383,-0.038550,0.055506,0.107239,0.128249,-0.442481,
1629325596.000000,497690439.000000,0.095739,-0.030821,-0.001045,-0.003949,0.037267,-0.155129,0.987183,0.147941,-0.031476,0.044483,0.089798,0.184421,-0.427464,
1629325596.000000,502693415.000000,0.096408,-0.031202,-0.000879,-0.003714,0.037718,-0.156184,0.987001,0.147132,-0.032709,0.047692,0.058195,0.132449,-0.418994,
1629325596.000000,507696390.000000,0.097072,-0.031589,-0.000693,-0.003639,0.037796,-0.157209,0.986835,0.146381,-0.033960,0.050773,0.033352,-0.021647,-0.408338,
1629325596.000000,512699604.000000,0.097239,-0.031617,-0.001313,-0.003713,0.037665,-0.158255,0.986673,0.127133,-0.019251,0.006922,0.013424,-0.210631,-0.401005,
1629325596.000000,517702341.000000,0.097810,-0.031901,-0.001329,-0.003828,0.036971,-0.159267,0.986536,0.123652,-0.017050,0.002942,0.025984,-0.311808,-0.430704,
1629325596.000000,522706509.000000,0.098366,-0.032171,-0.001361,-0.003916,0.036226,-0.160361,0.986386,0.120231,-0.014843,-0.000923,0.016773,-0.259764,-0.443790,
1629325596.000000,562685251.000000,0.102843,-0.033996,-0.000593,-0.003803,0.037716,-0.169082,0.984873,0.141066,-0.006696,0.004966,-0.028342,-0.033104,-0.444636,
1629325596.000000,567688227.000000,0.103497,-0.034262,-0.000613,-0.003940,0.037585,-0.170184,0.984687,0.139570,-0.005849,0.005041,-0.043934,-0.090039,-0.445904,
1629325596.000000,572691202.000000,0.104168,-0.034558,-0.000568,-0.004127,0.037454,-0.171278,0.984502,0.142209,-0.008939,0.013972,-0.035850,0.028686,-0.453173,
1629325596.000000,577694416.000000,0.104825,-0.034843,-0.000539,-0.004187,0.037611,-0.172389,0.984302,0.141848,-0.009667,0.016983,-0.007818,0.012668,-0.438514,
1629325596.000000,582697392.000000,0.105906,-0.035338,-0.001790,-0.004226,0.036914,-0.173476,0.984137,0.143109,-0.013072,0.006499,0.052638,-0.006165,-0.430799,
1629325596.000000,587700129.000000,0.106504,-0.035702,-0.001618,-0.004040,0.036937,-0.174558,0.983946,0.138287,-0.022345,0.028806,0.109421,0.026822,-0.439463,
1629325596.000000,592703342.000000,0.107116,-0.036053,-0.001497,-0.003782,0.037045,-0.175665,0.983745,0.136670,-0.025913,0.037289,0.100891,0.146502,-0.454310,
1629325596.000000,597706318.000000,0.107726,-0.036420,-0.001333,-0.003508,0.037527,-0.176782,0.983528,0.135592,-0.029460,0.046002,0.085750,0.233585,-0.431105,
1629325596.000000,602710247.000000,0.108310,-0.036715,-0.001357,-0.003267,0.037910,-0.177809,0.983329,0.129641,-0.021169,0.023194,0.079458,0.074595,-0.405219,
1629325596.000000,607713461.000000,0.108881,-0.037037,-0.001299,-0.003131,0.037863,-0.178809,0.983150,0.126200,-0.020053,0.019293,0.061377,-0.044045,-0.401105,
1629325596.000000,657744408.000000,0.115166,-0.040809,-0.001541,-0.003131,0.037583,-0.189329,0.981189,0.149323,-0.010429,0.001019,0.006180,-0.054670,-0.439455,
1629325596.000000,662747383.000000,0.115840,-0.041134,-0.001596,-0.003218,0.037494,-0.190430,0.980979,0.149603,-0.009241,-0.001140,-0.022870,0.000643,-0.456612,
1629325596.000000,667750597.000000,0.116512,-0.041464,-0.001648,-0.003327,0.037564,-0.191547,0.980759,0.150003,-0.009430,-0.001425,-0.041936,0.021413,-0.451318,
1629325596.000000,672754288.000000,0.117188,-0.041789,-0.001711,-0.003466,0.037610,-0.192637,0.980543,0.150400,-0.008793,-0.002424,-0.032506,0.013485,-0.443755,
1629325596.000000,677757263.000000,0.118082,-0.041864,-0.002860,-0.003681,0.037065,-0.193684,0.980357,0.149310,-0.005458,-0.013863,-0.028082,0.055087,-0.441703,
1629325596.000000,682760239.000000,0.118698,-0.042235,-0.002700,-0.003713,0.037268,-0.194763,0.980135,0.144045,-0.014668,0.016816,0.016364,0.114312,-0.440582,
1629325596.000000,687763214.000000,0.119331,-0.042582,-0.002638,-0.003575,0.037454,-0.195845,0.979913,0.142280,-0.017268,0.026010,0.092223,0.008142,-0.434259,
1629325596.000000,692766190.000000,0.119949,-0.042937,-0.002519,-0.003340,0.037354,-0.196928,0.979700,0.140245,-0.019863,0.035703,0.130657,0.031754,-0.447953,
1629325596.000000,697769403.000000,0.120529,-0.043263,-0.002473,-0.003031,0.037537,-0.198049,0.979468,0.133699,-0.018415,0.029996,0.103005,0.131843,-0.446081,
1629325596.000000,702772379.000000,0.121110,-0.043609,-0.002362,-0.002803,0.037839,-0.199119,0.979240,0.130241,-0.019427,0.033636,0.065479,0.154563,-0.422476,
1629325596.000000,787826300.000000,0.130894,-0.050067,-0.002598,-0.003302,0.037395,-0.217143,0.975418,0.139830,-0.012660,0.008587,0.057192,0.017268,-0.455668,
1629325596.000000,792829037.000000,0.131442,-0.050504,-0.002338,-0.003111,0.037457,-0.218257,0.975167,0.135080,-0.024713,0.038918,0.119837,0.100334,-0.446157,
1629325596.000000,797832251.000000,0.132005,-0.050914,-0.002170,-0.002753,0.037722,-0.219339,0.974915,0.133144,-0.028880,0.048950,0.122376,0.148799,-0.432207,
1629325596.000000,802835226.000000,0.132555,-0.051340,-0.001946,-0.002449,0.038092,-0.220391,0.974665,0.131169,-0.033059,0.059517,0.086831,0.235805,-0.420540,
1629325596.000000,807838202.000000,0.133076,-0.051666,-0.001935,-0.002210,0.038577,-0.221399,0.974418,0.123218,-0.022077,0.032131,0.035905,0.103025,-0.398182,
1629325596.000000,812841415.000000,0.133436,-0.051948,-0.002081,-0.002112,0.038784,-0.222374,0.974188,0.114977,-0.017331,0.015289,0.035605,-0.144358,-0.400228,
1629325596.000000,817845345.000000,0.133911,-0.052267,-0.002061,-0.002192,0.038205,-0.223369,0.973983,0.110293,-0.015525,0.010072,0.017972,-0.309261,-0.410006,
1629325596.000000,822848558.000000,0.134477,-0.052656,-0.001952,-0.002401,0.037387,-0.224382,0.973781,0.120755,-0.017429,0.018760,0.013231,-0.318282,-0.429031,
1629325596.000000,827851295.000000,0.134983,-0.052997,-0.001908,-0.002545,0.036720,-0.225446,0.973560,0.120728,-0.016834,0.017779,0.014688,-0.219169,-0.436682,
1629325596.000000,832854271.000000,0.135494,-0.053338,-0.001867,-0.002650,0.036308,-0.226497,0.973331,0.120984,-0.016240,0.016907,0.016543,-0.106977,-0.426971,
1629325596.000000,877882481.000000,0.141220,-0.057476,-0.003103,-0.002617,0.037856,-0.236106,0.970986,0.144722,-0.009402,-0.010947,-0.039735,0.046478,-0.435516,
1629325596.000000,882885456.000000,0.141839,-0.057847,-0.003221,-0.002752,0.037860,-0.237160,0.970729,0.143721,-0.008051,-0.012126,-0.031272,-0.108303,-0.433443,
1629325596.000000,887888432.000000,0.142426,-0.058344,-0.003063,-0.002909,0.037488,-0.238224,0.970482,0.144192,-0.021471,0.016358,0.021903,-0.111293,-0.452482,
1629325596.000000,892891407.000000,0.143015,-0.058781,-0.003012,-0.002826,0.037398,-0.239354,0.970208,0.143310,-0.024739,0.024461,0.090232,0.053204,-0.468658,
1629325596.000000,897895336.000000,0.143597,-0.059233,-0.002914,-0.002533,0.037624,-0.240490,0.969919,0.142779,-0.027988,0.033179,0.116959,0.194853,-0.453710,
1629325596.000000,902898312.000000,0.144149,-0.059665,-0.002838,-0.002156,0.038104,-0.241563,0.969634,0.137868,-0.027928,0.032806,0.114697,0.225080,-0.418538,
1629325596.000000,907901287.000000,0.144697,-0.060117,-0.002709,-0.001844,0.038437,-0.242563,0.969372,0.135771,-0.029899,0.037511,0.084976,0.079802,-0.405600,
1629325596.000000,912904263.000000,0.145300,-0.060101,-0.002388,-0.001617,0.038790,-0.243555,0.969110,0.124252,-0.027707,0.039237,0.049708,-0.024010,-0.418499,
1629325596.000000,917907238.000000,0.145841,-0.060438,-0.002478,-0.001667,0.038535,-0.244596,0.968858,0.124278,-0.017839,0.014224,-0.019281,-0.239656,-0.438775,
1629325596.000000,922911406.000000,0.146347,-0.060807,-0.002443,-0.001981,0.037752,-0.245680,0.968613,0.122150,-0.015967,0.009932,-0.005017,-0.340198,-0.460077,
1629325596.000000,967939615.000000,0.151074,-0.064138,-0.002632,-0.001842,0.038256,-0.255456,0.966062,0.142420,-0.001232,-0.005717,-0.009624,0.049010,-0.437846,
1629325596.000000,972942352.000000,0.151691,-0.064494,-0.002701,-0.001935,0.038376,-0.256491,0.965783,0.140967,-0.000032,-0.005536,-0.047231,0.054607,-0.427001,
1629325596.000000,977945328.000000,0.152760,-0.065319,-0.003298,-0.002173,0.038221,-0.257544,0.965508,0.141858,-0.002361,-0.004778,-0.037553,0.028855,-0.440930,
1629325596.000000,982948542.000000,0.153330,-0.065738,-0.003279,-0.002283,0.038241,-0.258609,0.965222,0.139952,-0.008312,0.004687,-0.022507,-0.015011,-0.435772,
1629325596.000000,987951517.000000,0.153912,-0.066127,-0.003292,-0.002352,0.038141,-0.259657,0.964944,0.138661,-0.009298,0.008270,0.037934,-0.080335,-0.442977,
1629325596.000000,992954493.000000,0.154485,-0.066518,-0.003285,-0.002258,0.037882,-0.260761,0.964657,0.137245,-0.010265,0.011673,0.113870,-0.054571,-0.462342,
1629325596.000000,997957468.000000,0.155023,-0.066954,-0.003167,-0.001972,0.037903,-0.261887,0.964352,0.134503,-0.019066,0.029538,0.121429,0.172186,-0.455959,
1629325597.000000,2961397.000000,0.155558,-0.067386,-0.003047,-0.001608,0.038406,-0.262962,0.964040,0.132382,-0.023173,0.038747,0.083973,0.235024,-0.421874,
1629325597.000000,7964134.000000,0.156073,-0.067832,-0.002878,-0.001341,0.038806,-0.263951,0.963754,0.130132,-0.027314,0.047661,0.078473,0.150216,-0.398283,
1629325597.000000,12967348.000000,0.156847,-0.068360,-0.003365,-0.001008,0.039184,-0.264917,0.963474,0.122535,-0.014162,0.006646,0.052198,-0.044235,-0.387744,
1629325597.000000,73005438.000000,0.163842,-0.074067,-0.003007,-0.001378,0.038287,-0.277336,0.960009,0.156735,-0.001897,0.006938,-0.034264,0.080317,-0.442138,
1629325597.000000,78008413.000000,0.163937,-0.074306,-0.003795,-0.001540,0.038185,-0.278388,0.959708,0.144237,-0.004751,-0.006098,-0.034229,0.019568,-0.434634,
1629325597.000000,83011627.000000,0.164528,-0.074709,-0.003870,-0.001648,0.038203,-0.279435,0.959403,0.143800,-0.003527,-0.006731,-0.019303,0.016457,-0.443148,
1629325597.000000,88014364.000000,0.165120,-0.075106,-0.003955,-0.001677,0.038266,-0.280513,0.959086,0.143330,-0.002296,-0.007653,0.022174,0.002627,-0.453860,
1629325597.000000,93017340.000000,0.165610,-0.075640,-0.003671,-0.001611,0.038175,-0.281610,0.958768,0.139201,-0.019611,0.028812,0.081898,-0.028809,-0.454927,
1629325597.000000,98020315.000000,0.166145,-0.076110,-0.003552,-0.001388,0.038127,-0.282711,0.958446,0.137742,-0.023861,0.038864,0.129873,0.080191,-0.455953,
1629325597.000000,103023529.000000,0.166667,-0.076597,-0.003373,-0.001006,0.038426,-0.283807,0.958111,0.136427,-0.028107,0.049849,0.113010,0.242665,-0.443256,
1629325597.000000,108026505.000000,0.167163,-0.077023,-0.003312,-0.000645,0.038979,-0.284838,0.957783,0.129945,-0.023396,0.035837,0.076471,0.223174,-0.405950,
1629325597.000000,113030672.000000,0.167462,-0.077616,-0.003344,-0.000327,0.039365,-0.285801,0.957480,0.121102,-0.025836,0.021492,0.053202,0.009871,-0.390979,
1629325597.000000,118033409.000000,0.167894,-0.078054,-0.003283,-0.000338,0.039104,-0.286755,0.957206,0.117072,-0.026591,0.019534,0.026589,-0.183446,-0.403861,
1629325597.000000,158058405.000000,0.173498,-0.081324,-0.004188,-0.000830,0.037993,-0.295046,0.954727,0.161060,0.006383,-0.006761,-0.001108,0.117535,-0.444630,
1629325597.000000,163061380.000000,0.174178,-0.081743,-0.004288,-0.000814,0.038175,-0.296098,0.954394,0.163795,0.009603,-0.010052,0.000023,0.016192,-0.449518,
1629325597.000000,168064356.000000,0.174812,-0.082144,-0.004343,-0.000871,0.038147,-0.297183,0.954058,0.157336,0.008993,-0.005099,-0.004265,0.002611,-0.445635,
1629325597.000000,173067331.000000,0.175481,-0.082548,-0.004426,-0.000887,0.038287,-0.298234,0.953724,0.157175,0.010676,-0.005160,-0.009591,0.116442,-0.447424,
1629325597.000000,178070307.000000,0.176154,-0.082948,-0.004511,-0.000874,0.038630,-0.299302,0.953376,0.157211,0.012367,-0.004998,-0.035073,0.124422,-0.437104,
1629325597.000000,183074236.000000,0.177688,-0.083269,-0.005502,-0.001015,0.038557,-0.300387,0.953037,0.158538,0.012390,0.000184,-0.041629,0.056151,-0.432654,
1629325597.000000,188077450.000000,0.178367,-0.083674,-0.005523,-0.001098,0.038589,-0.301433,0.952706,0.157303,0.011028,0.006906,0.015826,-0.058986,-0.445550,
1629325597.000000,193080425.000000,0.179032,-0.084080,-0.005523,-0.001045,0.038406,-0.302523,0.952367,0.155889,0.009672,0.012863,0.101214,0.002362,-0.467866,
1629325597.000000,198083401.000000,0.179681,-0.084484,-0.005527,-0.000775,0.038448,-0.303655,0.952006,0.154074,0.008332,0.017492,0.105772,0.052709,-0.462729,
1629325597.000000,203086376.000000,0.180271,-0.084935,-0.005391,-0.000513,0.038570,-0.304748,0.951652,0.149329,-0.000746,0.034568,0.114786,0.171892,-0.452905,
1629325597.000000,293143272.000000,0.189604,-0.093997,-0.006184,-0.000409,0.038173,-0.323020,0.945622,0.149374,-0.009684,0.019847,0.074690,-0.009486,-0.450906,
1629325597.000000,298146248.000000,0.190159,-0.094498,-0.006115,-0.000229,0.038088,-0.324122,0.945248,0.146494,-0.014164,0.030100,0.110960,0.030355,-0.468111,
1629325597.000000,303149462.000000,0.190694,-0.095015,-0.005988,0.000077,0.038201,-0.325229,0.944864,0.144081,-0.018646,0.040819,0.121560,0.148253,-0.453193,
1629325597.000000,308152437.000000,0.191206,-0.095542,-0.005811,0.000421,0.038467,-0.326275,0.944492,0.141437,-0.023150,0.051067,0.091838,0.104489,-0.423301,
1629325597.000000,313155413.000000,0.191724,-0.095951,-0.005897,0.000617,0.038592,-0.327260,0.944146,0.134723,-0.012881,0.024748,0.060715,0.096782,-0.409377,
1629325597.000000,318158388.000000,0.190940,-0.096586,-0.005201,0.000872,0.039003,-0.328251,0.943784,0.119004,-0.017826,0.014957,0.019433,-0.041411,-0.398901,
1629325597.000000,323161364.000000,0.191345,-0.097020,-0.005183,0.000724,0.038616,-0.329176,0.943479,0.114505,-0.017513,0.011010,0.015870,-0.252482,-0.383944,
1629325597.000000,328165293.000000,0.191794,-0.097463,-0.005175,0.000497,0.037891,-0.330102,0.943184,0.116349,-0.015274,0.008162,0.021584,-0.329614,-0.410425,
1629325597.000000,333168507.000000,0.192195,-0.097879,-0.005179,0.000243,0.037145,-0.331110,0.942861,0.113241,-0.014389,0.005120,0.020291,-0.262013,-0.433088,
1629325597.000000,338171482.000000,0.192588,-0.098284,-0.005198,0.000108,0.036678,-0.332127,0.942522,0.110509,-0.013508,0.001985,0.031037,-0.115443,-0.425516,
1629325597.000000,393205404.000000,0.197461,-0.104289,-0.005094,0.000286,0.038433,-0.343434,0.938390,0.138491,-0.015352,0.023513,0.037372,0.022192,-0.438363,
1629325597.000000,398209333.000000,0.197943,-0.104797,-0.005017,0.000403,0.038304,-0.344473,0.938014,0.137596,-0.016898,0.029170,0.120483,0.004245,-0.445737,
1629325597.000000,403212547.000000,0.198357,-0.105300,-0.004902,0.000750,0.038354,-0.345553,0.937615,0.129102,-0.022732,0.035898,0.139985,0.121074,-0.461804,
1629325597.000000,408215284.000000,0.198775,-0.105811,-0.004750,0.001114,0.038629,-0.346632,0.937205,0.125056,-0.026006,0.042250,0.084398,0.202271,-0.439562,
1629325597.000000,413218260.000000,0.198611,-0.107056,-0.004514,0.001469,0.038922,-0.347604,0.936832,0.123702,-0.042018,0.049495,0.046871,0.110901,-0.408496,
1629325597.000000,418221474.000000,0.198956,-0.107499,-0.004603,0.001543,0.038903,-0.348546,0.936483,0.114148,-0.032580,0.019459,0.045940,-0.096239,-0.393628,
1629325597.000000,423224449.000000,0.199278,-0.107989,-0.004561,0.001463,0.038496,-0.349468,0.936156,0.109162,-0.031704,0.013169,0.032198,-0.190969,-0.392539,
1629325597.000000,428228378.000000,0.199580,-0.108458,-0.004548,0.001273,0.037926,-0.350399,0.935831,0.103997,-0.030853,0.006908,0.017163,-0.312915,-0.400035,
1629325597.000000,433231592.000000,0.199864,-0.108908,-0.004553,0.000984,0.037098,-0.351354,0.935507,0.098930,-0.030017,0.001117,0.034163,-0.323705,-0.414923,
1629325597.000000,438234329.000000,0.200285,-0.109472,-0.004443,0.000802,0.036476,-0.352357,0.935154,0.116659,-0.029321,0.013254,0.021665,-0.185213,-0.441558,
1629325597.000000,483262300.000000,0.205461,-0.114084,-0.005265,0.000892,0.037756,-0.361641,0.931552,0.148187,-0.005852,-0.000989,-0.031649,0.037420,-0.445934,
1629325597.000000,488265276.000000,0.205988,-0.114607,-0.005316,0.000820,0.037844,-0.362676,0.931146,0.149032,-0.006037,-0.000147,-0.004157,0.042140,-0.446990,
1629325597.000000,493268251.000000,0.206516,-0.115135,-0.005364,0.000867,0.037974,-0.363728,0.930731,0.149770,-0.006217,0.000653,0.026987,0.070137,-0.455527,
1629325597.000000,498271227.000000,0.206966,-0.115685,-0.005205,0.001007,0.038118,-0.364794,0.930307,0.142180,-0.016658,0.029015,0.078919,0.097425,-0.453455,
1629325597.000000,503275394.000000,0.207429,-0.116238,-0.005080,0.001291,0.038228,-0.365848,0.929888,0.139690,-0.020942,0.040244,0.121820,0.053417,-0.444876,
1629325597.000000,508278370.000000,0.207871,-0.116801,-0.004899,0.001599,0.038266,-0.366898,0.929472,0.137091,-0.025223,0.051669,0.125972,0.132762,-0.452285,
1629325597.000000,513281345.000000,0.208505,-0.117611,-0.004716,0.002046,0.038627,-0.367942,0.929044,0.135993,-0.035238,0.074144,0.080294,0.155466,-0.438642,
1629325597.000000,518284559.000000,0.208895,-0.118222,-0.004357,0.002211,0.038766,-0.368925,0.928648,0.133717,-0.039571,0.085753,0.042728,-0.009186,-0.403375,
1629325597.000000,523287296.000000,0.209260,-0.118840,-0.003943,0.002161,0.038504,-0.369859,0.928287,0.131334,-0.043928,0.097070,0.025858,-0.181133,-0.408537,
1629325597.000000,528290272.000000,0.209794,-0.119168,-0.004323,0.001953,0.037954,-0.370835,0.927921,0.128320,-0.021221,0.046390,0.016193,-0.259644,-0.423698,
1629325597.000000,573319197.000000,0.214478,-0.124005,-0.005251,0.001725,0.037452,-0.379893,0.924270,0.160367,0.001791,-0.004478,-0.016724,0.017628,-0.450263,
1629325597.000000,578322411.000000,0.215036,-0.124554,-0.005305,0.001656,0.037551,-0.380937,0.923837,0.159023,0.002120,-0.003004,-0.032683,0.028913,-0.455586,
1629325597.000000,583325148.000000,0.215332,-0.125361,-0.005821,0.001630,0.037704,-0.381968,0.923405,0.155987,-0.001997,-0.006022,-0.031703,0.086652,-0.453539,
1629325597.000000,588328123.000000,0.215876,-0.125918,-0.005906,0.001589,0.037890,-0.383001,0.922969,0.156528,-0.000848,-0.006974,-0.025223,-0.010735,-0.441812,
1629325597.000000,593331337.000000,0.216352,-0.126532,-0.005747,0.001477,0.037789,-0.384025,0.922548,0.154042,-0.010446,0.018541,0.016133,-0.017842,-0.454465,
1629325597.000000,598334312.000000,0.216857,-0.127121,-0.005690,0.001588,0.037847,-0.385102,0.922096,0.153359,-0.012683,0.025766,0.078089,0.086174,-0.469564,
1629325597.000000,603337288.000000,0.217355,-0.127719,-0.005592,0.001883,0.038031,-0.386187,0.921634,0.152970,-0.014907,0.033431,0.110103,0.159920,-0.461007,
1629325597.000000,608340502.000000,0.217802,-0.128277,-0.005474,0.002287,0.038349,-0.387235,0.921181,0.143571,-0.016453,0.038431,0.120670,0.193095,-0.437560,
1629325597.000000,613344193.000000,0.216858,-0.128951,-0.005342,0.002775,0.038524,-0.388232,0.920752,0.124759,-0.031023,0.040667,0.102685,0.097030,-0.415171,
1629325597.000000,618347406.000000,0.217184,-0.129509,-0.005167,0.002947,0.038529,-0.389183,0.920350,0.120235,-0.033097,0.046026,0.048313,-0.003397,-0.408735,
1629325597.000000,673381329.000000,0.221193,-0.135760,-0.005918,0.002382,0.037290,-0.400164,0.915682,0.147479,-0.010202,-0.004249,-0.009245,0.051720,-0.443976,
1629325597.000000,678385496.000000,0.221659,-0.136337,-0.005990,0.002319,0.037335,-0.401161,0.915244,0.147993,-0.008672,-0.005051,-0.018861,0.019574,-0.431113,
1629325597.000000,683388472.000000,0.222419,-0.136138,-0.006480,0.002274,0.037524,-0.402187,0.914785,0.137301,-0.000535,-0.010842,-0.044286,0.049932,-0.447096,
1629325597.000000,688391209.000000,0.222839,-0.136673,-0.006469,0.002150,0.037649,-0.403229,0.914322,0.136246,-0.004573,-0.000966,-0.042396,-0.005023,-0.463213,
1629325597.000000,693394423.000000,0.223278,-0.137191,-0.006515,0.002035,0.037578,-0.404287,0.913858,0.135684,-0.004762,0.001369,0.023664,-0.059476,-0.461053,
1629325597.000000,698397160.000000,0.223713,-0.137708,-0.006549,0.002080,0.037404,-0.405361,0.913389,0.134852,-0.004951,0.003690,0.090991,-0.024553,-0.483272,
1629325597.000000,703400135.000000,0.224085,-0.138250,-0.006419,0.002346,0.037450,-0.406485,0.912887,0.129776,-0.014409,0.027047,0.115499,0.197497,-0.478267,
1629325597.000000,708403349.000000,0.224462,-0.138789,-0.006299,0.002825,0.037948,-0.407533,0.912397,0.127433,-0.018315,0.037684,0.098434,0.254284,-0.431216,
1629325597.000000,713406324.000000,0.224953,-0.140387,-0.005435,0.003372,0.038299,-0.408464,0.911964,0.139382,-0.035039,0.066300,0.107746,0.173502,-0.406654,
1629325597.000000,718410254.000000,0.225293,-0.140839,-0.005540,0.003680,0.038444,-0.409403,0.911536,0.124271,-0.023333,0.030025,0.080477,0.005789,-0.412053,
1629325597.000000,758435249.000000,0.228901,-0.145581,-0.005261,0.002928,0.036777,-0.417355,0.907994,0.160125,-0.004691,0.014444,-0.004959,0.209017,-0.448565,
1629325597.000000,763438463.000000,0.229369,-0.146168,-0.005233,0.003013,0.037102,-0.418367,0.907515,0.155354,-0.003657,0.013677,-0.007102,0.044803,-0.449368,
1629325597.000000,768441439.000000,0.229868,-0.146773,-0.005225,0.002949,0.037064,-0.419396,0.907042,0.156507,-0.001706,0.011891,0.006770,-0.038736,-0.454812,
1629325597.000000,773444414.000000,0.230376,-0.147376,-0.005228,0.002896,0.037012,-0.420431,0.906564,0.157624,0.000251,0.010279,-0.004797,-0.002183,-0.459007,
1629325597.000000,778447390.000000,0.230893,-0.147978,-0.005237,0.002850,0.037101,-0.421462,0.906082,0.158605,0.002210,0.008730,-0.020969,0.071882,-0.445277,
1629325597.000000,783451557.000000,0.231072,-0.148719,-0.006031,0.002984,0.037289,-0.422502,0.905590,0.152435,0.000240,-0.003934,-0.031458,0.039660,-0.444080,
1629325597.000000,788454294.000000,0.231565,-0.149300,-0.006116,0.002892,0.037382,-0.423515,0.905113,0.152884,0.002171,-0.005737,-0.029431,0.049221,-0.451637,
1629325597.000000,793457508.000000,0.232066,-0.149877,-0.006202,0.002862,0.037480,-0.424545,0.904626,0.153335,0.004108,-0.007135,0.013134,-0.026802,-0.462237,
1629325597.000000,798460484.000000,0.232219,-0.150625,-0.005481,0.002846,0.037300,-0.425611,0.904133,0.143942,-0.021077,0.044428,0.066534,-0.033704,-0.475062,
1629325597.000000,803463221.000000,0.232597,-0.151254,-0.005277,0.003040,0.037256,-0.426694,0.903623,0.142048,-0.024637,0.053955,0.126077,0.065867,-0.470848,
1629325597.000000,853494406.000000,0.236713,-0.157531,-0.006040,0.003298,0.035989,-0.436542,0.898958,0.160044,-0.009591,0.003390,0.012152,0.186652,-0.413356,
1629325597.000000,858498335.000000,0.237169,-0.158135,-0.006112,0.003489,0.036365,-0.437498,0.898477,0.158886,-0.004740,-0.002038,0.017602,0.152684,-0.447356,
1629325597.000000,863501310.000000,0.237640,-0.158770,-0.006183,0.003631,0.036675,-0.438531,0.897960,0.161021,-0.002305,-0.004839,0.006889,0.144942,-0.459393,
1629325597.000000,868504524.000000,0.238127,-0.159407,-0.006269,0.003695,0.036891,-0.439560,0.897448,0.163275,0.000141,-0.007623,-0.005900,-0.009804,-0.466537,
1629325597.000000,873507261.000000,0.238581,-0.160013,-0.006339,0.003565,0.036787,-0.440611,0.896937,0.157521,0.000194,-0.006770,-0.017619,-0.019127,-0.461474,
1629325597.000000,878510237.000000,0.238838,-0.160549,-0.006690,0.003639,0.036915,-0.441614,0.896438,0.154329,-0.000382,-0.007620,-0.030420,0.041857,-0.454947,
1629325597.000000,883513451.000000,0.239301,-0.161156,-0.006783,0.003551,0.037027,-0.442618,0.895939,0.153894,0.001050,-0.008812,-0.042088,0.024277,-0.437025,
1629325597.000000,888517380.000000,0.239764,-0.161755,-0.006886,0.003449,0.037109,-0.443587,0.895456,0.153216,0.002462,-0.010363,-0.017768,0.003268,-0.446317,
1629325597.000000,893519402.000000,0.240143,-0.162413,-0.006784,0.003413,0.037117,-0.444620,0.894943,0.151020,-0.007287,0.008470,0.015493,0.015696,-0.471088,
1629325597.000000,898523569.000000,0.240566,-0.163040,-0.006775,0.003497,0.037158,-0.445689,0.894410,0.150228,-0.009023,0.013576,0.075935,0.051960,-0.480595,
1629325597.000000,993582249.000000,0.246010,-0.175643,-0.007464,0.003836,0.036674,-0.464555,0.884776,0.147407,-0.010828,-0.003647,0.021763,-0.021537,-0.442397,
1629325597.000000,998585463.000000,0.246322,-0.176324,-0.007337,0.003915,0.036662,-0.465567,0.884244,0.145058,-0.022003,0.023512,0.067613,0.064550,-0.476367,
1629325598.000000,3589392.000000,0.246642,-0.177001,-0.007239,0.004167,0.036771,-0.466646,0.883670,0.143697,-0.026300,0.034452,0.101691,0.098884,-0.478810,
1629325598.000000,8592606.000000,0.246940,-0.177682,-0.007087,0.004524,0.036904,-0.467689,0.883111,0.142281,-0.030598,0.045400,0.134665,0.168102,-0.462542,
1629325598.000000,13595581.000000,0.247571,-0.179559,-0.006553,0.005183,0.037383,-0.468718,0.882541,0.154164,-0.044358,0.074899,0.103972,0.204877,-0.435014,
1629325598.000000,18598557.000000,0.247877,-0.180107,-0.006650,0.005492,0.037675,-0.469647,0.882033,0.139795,-0.030515,0.040887,0.039742,0.112508,-0.406154,
1629325598.000000,23601294.000000,0.248148,-0.180771,-0.006498,0.005514,0.037667,-0.470534,0.881561,0.135489,-0.029585,0.039246,0.014148,-0.130842,-0.399745,
1629325598.000000,28605223.000000,0.248408,-0.181414,-0.006352,0.005200,0.037097,-0.471434,0.881105,0.130995,-0.028676,0.037255,0.007861,-0.345712,-0.416797,
1629325598.000000,33608198.000000,0.248680,-0.182065,-0.006218,0.004757,0.036293,-0.472389,0.880630,0.132093,-0.027249,0.034740,0.018443,-0.341550,-0.444540,
1629325598.000000,38611412.000000,0.248939,-0.182690,-0.006092,0.004390,0.035576,-0.473387,0.880125,0.129674,-0.026125,0.032293,0.017545,-0.313166,-0.451023,
1629325598.000000,78636169.000000,0.251709,-0.188017,-0.006633,0.004546,0.036517,-0.481224,0.875825,0.157116,-0.008023,0.005019,-0.030628,-0.077860,-0.453166,
1629325598.000000,83639383.000000,0.252545,-0.188825,-0.007352,0.004439,0.036641,-0.482183,0.875293,0.158245,-0.004955,-0.002894,-0.037920,0.044338,-0.456233,
1629325598.000000,88642359.000000,0.252945,-0.189503,-0.007420,0.004419,0.036874,-0.483174,0.874736,0.157965,-0.004001,-0.003501,-0.023258,0.088476,-0.443659,
1629325598.000000,93645334.000000,0.253278,-0.190230,-0.007271,0.004463,0.037041,-0.484130,0.874200,0.156562,-0.013617,0.020945,0.018449,0.064592,-0.441265,
1629325598.000000,98648548.000000,0.253634,-0.190935,-0.007198,0.004588,0.037122,-0.485115,0.873650,0.155793,-0.016152,0.028783,0.073749,0.050948,-0.453166,
1629325598.000000,103652477.000000,0.253978,-0.191647,-0.007077,0.004825,0.037171,-0.486121,0.873087,0.155065,-0.018676,0.037151,0.089999,0.109913,-0.462681,
1629325598.000000,108655214.000000,0.254282,-0.192298,-0.006947,0.005161,0.037385,-0.487129,0.872514,0.144724,-0.019569,0.040530,0.104546,0.163453,-0.445786,
1629325598.000000,113658428.000000,0.254241,-0.192408,-0.006016,0.005598,0.037597,-0.488094,0.871963,0.129169,-0.022229,0.052632,0.111119,0.093766,-0.424337,
1629325598.000000,118661404.000000,0.254490,-0.193024,-0.005787,0.005851,0.037610,-0.489017,0.871443,0.124532,-0.024184,0.057385,0.086567,0.062114,-0.415841,
1629325598.000000,123664379.000000,0.254720,-0.193629,-0.005528,0.005924,0.037561,-0.489918,0.870939,0.119941,-0.026173,0.062659,-0.002715,-0.124935,-0.405230,
1629325598.000000,173696280.000000,0.257500,-0.198930,-0.005536,0.005122,0.036803,-0.499285,0.865641,0.143684,0.004497,0.014261,-0.010554,0.027124,-0.452280,
1629325598.000000,178699255.000000,0.256980,-0.198971,-0.005401,0.005389,0.037140,-0.500243,0.865072,0.133418,0.001690,0.004084,-0.029526,0.005659,-0.443651,
1629325598.000000,183702469.000000,0.257323,-0.199541,-0.005434,0.005231,0.037139,-0.501192,0.864523,0.133073,0.003668,0.002276,-0.042500,-0.058097,-0.440361,
1629325598.000000,188705444.000000,0.257620,-0.200140,-0.005389,0.005032,0.037083,-0.502144,0.863974,0.132035,-0.001670,0.010302,-0.043443,-0.015114,-0.441500,
1629325598.000000,193708420.000000,0.257943,-0.200723,-0.005378,0.004946,0.037161,-0.503097,0.863417,0.131608,-0.002054,0.012329,-0.005307,0.023796,-0.445710,
1629325598.000000,198711395.000000,0.258260,-0.201304,-0.005357,0.004978,0.037156,-0.504063,0.862853,0.131241,-0.002438,0.014042,0.058801,-0.001969,-0.443656,
1629325598.000000,203714371.000000,0.258507,-0.201908,-0.005168,0.005156,0.037099,-0.505030,0.862288,0.127708,-0.013278,0.037577,0.117357,0.077044,-0.450990,
1629325598.000000,208717346.000000,0.258760,-0.202509,-0.004996,0.005553,0.037255,-0.506025,0.861696,0.125862,-0.017825,0.047487,0.105908,0.190979,-0.458578,
1629325598.000000,213721514.000000,0.257933,-0.202912,-0.004387,0.005946,0.037390,-0.507039,0.861091,0.115293,-0.036669,0.074016,0.087286,0.215321,-0.426740,
1629325598.000000,218724489.000000,0.258140,-0.203373,-0.004397,0.006296,0.037647,-0.507936,0.860549,0.106269,-0.023517,0.041135,0.071578,0.069650,-0.413658,
1629325598.000000,258749247.000000,0.259707,-0.208072,-0.005342,0.005019,0.035447,-0.515189,0.856328,0.128325,-0.010680,0.003830,0.009589,0.112111,-0.437278,
1629325598.000000,263752222.000000,0.259970,-0.208675,-0.005368,0.005187,0.035762,-0.516140,0.855742,0.133652,-0.009232,0.002428,0.001217,0.165804,-0.449046,
1629325598.000000,268755198.000000,0.260237,-0.209252,-0.005407,0.005335,0.036075,-0.517102,0.855146,0.132385,-0.006157,-0.000146,0.008506,0.105362,-0.452205,
1629325598.000000,273758411.000000,0.260522,-0.209854,-0.005458,0.005429,0.036271,-0.518062,0.854556,0.134918,-0.004043,-0.002539,-0.007186,0.111039,-0.442665,
1629325598.000000,278762341.000000,0.260888,-0.211142,-0.005247,0.005725,0.036775,-0.518992,0.853968,0.141523,-0.004673,-0.001887,-0.025591,0.084551,-0.436192,
1629325598.000000,283765316.000000,0.261114,-0.211702,-0.005248,0.005717,0.036943,-0.519921,0.853396,0.132162,-0.006542,0.000994,-0.015974,0.071860,-0.435188,
1629325598.000000,288768291.000000,0.261383,-0.212297,-0.005288,0.005718,0.037099,-0.520852,0.852822,0.130917,-0.005691,-0.000052,-0.027518,0.005126,-0.442589,
1629325598.000000,293771267.000000,0.261653,-0.212885,-0.005333,0.005553,0.037088,-0.521807,0.852239,0.129605,-0.004834,-0.001110,-0.043689,-0.029908,-0.455426,
1629325598.000000,298774481.000000,0.261890,-0.213496,-0.005238,0.005426,0.037111,-0.522779,0.851643,0.128491,-0.010571,0.017893,-0.011794,-0.006908,-0.456520,
1629325598.000000,303777456.000000,0.262133,-0.214097,-0.005174,0.005429,0.037071,-0.523747,0.851050,0.127303,-0.012351,0.025042,0.069175,0.000230,-0.450089,
1629325598.000000,353809357.000000,0.264653,-0.221403,-0.005828,0.005358,0.035250,-0.532807,0.845485,0.139616,-0.013817,0.011071,0.020248,0.094558,-0.426625,
1629325598.000000,358812332.000000,0.264899,-0.222073,-0.005816,0.005519,0.035483,-0.533712,0.844904,0.142951,-0.013567,0.012375,0.017086,0.176913,-0.428793,
1629325598.000000,363815308.000000,0.265235,-0.222761,-0.005980,0.005784,0.035922,-0.534634,0.844300,0.151348,-0.005433,-0.003820,-0.000961,0.210708,-0.452141,
1629325598.000000,368818283.000000,0.265538,-0.223455,-0.006054,0.005982,0.036338,-0.535596,0.843671,0.155484,-0.002856,-0.007132,-0.005377,0.177221,-0.449202,
1629325598.000000,373821259.000000,0.265860,-0.224165,-0.006152,0.006146,0.036660,-0.536523,0.843066,0.159750,-0.000270,-0.010724,0.007507,0.106631,-0.439341,
1629325598.000000,378825188.000000,0.265507,-0.224315,-0.005239,0.006481,0.037078,-0.537442,0.842460,0.135365,-0.003628,0.002892,-0.000954,-0.006748,-0.436238,
1629325598.000000,383828402.000000,0.265772,-0.224928,-0.005266,0.006379,0.037070,-0.538360,0.841875,0.133873,-0.002293,0.002595,-0.037214,0.014712,-0.438339,
1629325598.000000,388831377.000000,0.266039,-0.225533,-0.005300,0.006297,0.037244,-0.539289,0.841273,0.132302,-0.000955,0.002166,-0.054401,0.050700,-0.450060,
1629325598.000000,393834352.000000,0.266287,-0.226168,-0.005277,0.006186,0.037339,-0.540225,0.840669,0.132972,-0.003758,0.007938,-0.021400,-0.033208,-0.436350,
1629325598.000000,398837328.000000,0.266549,-0.226785,-0.005283,0.006076,0.037242,-0.541139,0.840086,0.132750,-0.003693,0.009158,0.012885,-0.033848,-0.444577,
1629325598.000000,493897200.000000,0.270437,-0.238875,-0.004765,0.006788,0.037208,-0.558314,0.828767,0.136463,0.004146,0.000858,-0.034281,0.033842,-0.426754,
1629325598.000000,498900175.000000,0.270713,-0.239496,-0.004813,0.006668,0.037143,-0.559215,0.828163,0.135720,0.005747,-0.000926,0.005525,-0.125346,-0.450087,
1629325598.000000,503903389.000000,0.270924,-0.240137,-0.004657,0.006495,0.036840,-0.560180,0.827526,0.133451,-0.004063,0.026341,0.055360,-0.074476,-0.472618,
1629325598.000000,508906364.000000,0.271152,-0.240773,-0.004550,0.006679,0.036836,-0.561178,0.826848,0.132315,-0.006988,0.035702,0.090758,0.176308,-0.487437,
1629325598.000000,513909340.000000,0.270852,-0.242244,-0.004732,0.007189,0.036955,-0.562132,0.826190,0.137359,-0.025717,0.060921,0.102334,0.221817,-0.446078,
1629325598.000000,518912315.000000,0.271009,-0.242842,-0.004666,0.007642,0.037266,-0.563001,0.825580,0.127993,-0.022255,0.047615,0.078952,0.238430,-0.402029,
1629325598.000000,523916245.000000,0.271148,-0.243488,-0.004465,0.008039,0.037602,-0.563823,0.825000,0.124844,-0.023248,0.050806,0.068080,0.105449,-0.392576,
1629325598.000000,528919458.000000,0.271274,-0.244120,-0.004245,0.008120,0.037464,-0.564637,0.824448,0.121637,-0.024265,0.053695,0.073557,-0.121533,-0.391515,
1629325598.000000,533922434.000000,0.271415,-0.244708,-0.004143,0.007918,0.036974,-0.565469,0.823902,0.117003,-0.019639,0.037774,0.032154,-0.284238,-0.410637,
1629325598.000000,538925409.000000,0.271541,-0.245289,-0.004003,0.007386,0.036251,-0.566355,0.823331,0.113240,-0.018424,0.033239,-0.021329,-0.409419,-0.442663,
1629325598.000000,578950405.000000,0.272792,-0.250432,-0.004999,0.007292,0.036397,-0.573484,0.818375,0.140921,-0.001793,-0.001331,0.003220,-0.014930,-0.455584,
1629325598.000000,583953381.000000,0.273033,-0.251101,-0.005074,0.007310,0.036512,-0.574413,0.817718,0.141330,0.000065,-0.002258,-0.016987,0.070242,-0.452366,
1629325598.000000,588957310.000000,0.273280,-0.251770,-0.005153,0.007358,0.036740,-0.575320,0.817070,0.141989,0.001909,-0.003431,-0.017165,0.150676,-0.435339,
1629325598.000000,593960285.000000,0.273536,-0.252441,-0.005247,0.007510,0.037120,-0.576189,0.816439,0.142695,0.003748,-0.004842,-0.041347,0.129674,-0.423533,
1629325598.000000,598963261.000000,0.273755,-0.253087,-0.005287,0.007505,0.037401,-0.577046,0.815821,0.139112,0.001639,0.000079,-0.046020,0.107146,-0.422512,
1629325598.000000,603966475.000000,0.273998,-0.253742,-0.005327,0.007548,0.037603,-0.577908,0.815201,0.138346,0.002147,0.001933,0.017994,0.005743,-0.426762,
1629325598.000000,608969212.000000,0.274236,-0.254385,-0.005369,0.007539,0.037384,-0.578803,0.814575,0.137217,0.002646,0.003097,0.109665,-0.098320,-0.449088,
1629325598.000000,613972187.000000,0.274281,-0.255271,-0.005253,0.007498,0.036828,-0.579772,0.813911,0.128863,-0.020398,0.049385,0.126968,0.031824,-0.468388,
1629325598.000000,618975401.000000,0.274394,-0.255922,-0.005019,0.007853,0.036984,-0.580723,0.813223,0.125965,-0.024847,0.061277,0.052275,0.228744,-0.452465,
1629325598.000000,623979330.000000,0.274486,-0.256578,-0.004735,0.008200,0.037381,-0.581592,0.812580,0.123366,-0.029328,0.072768,0.044303,0.139395,-0.397052,
1629325598.000000,674010515.000000,0.275555,-0.262667,-0.004814,0.007663,0.036244,-0.589936,0.806600,0.139133,-0.000397,0.009703,-0.021602,0.105486,-0.450206,
1629325598.000000,679013491.000000,0.274792,-0.262822,-0.004390,0.008123,0.036755,-0.590876,0.805884,0.129384,-0.002556,0.005950,-0.012819,-0.041569,-0.452316,
1629325598.000000,684016466.000000,0.274974,-0.263435,-0.004395,0.007950,0.036638,-0.591789,0.805221,0.130293,0.000733,0.003660,-0.009757,-0.066654,-0.454433,
1629325598.000000,689019680.000000,0.275115,-0.264061,-0.004386,0.007877,0.036643,-0.592701,0.804550,0.128918,-0.003593,0.006126,-0.013910,0.064035,-0.450208,
1629325598.000000,694023132.000000,0.275297,-0.264687,-0.004409,0.007937,0.036871,-0.593593,0.803882,0.129099,-0.002789,0.005389,-0.023584,0.088088,-0.438468,
1629325598.000000,699026108.000000,0.275477,-0.265312,-0.004434,0.007960,0.037059,-0.594454,0.803236,0.129351,-0.002009,0.004451,-0.018274,0.079802,-0.420372,
1629325598.000000,704029322.000000,0.275663,-0.265942,-0.004462,0.008009,0.037236,-0.595299,0.802601,0.129995,-0.001224,0.003643,-0.005452,0.048652,-0.432995,
1629325598.000000,709032297.000000,0.275773,-0.266570,-0.004292,0.008058,0.037290,-0.596187,0.801939,0.126104,-0.009547,0.026311,0.056122,0.051125,-0.442839,
1629325598.000000,714035273.000000,0.275372,-0.268298,-0.004232,0.008010,0.036866,-0.597076,0.801297,0.139194,-0.025545,0.044459,0.095902,0.052790,-0.460755,
1629325598.000000,719038486.000000,0.275457,-0.269022,-0.004044,0.008319,0.036923,-0.598023,0.800585,0.139595,-0.027722,0.051618,0.112659,0.197007,-0.470534,
1629325598.000000,754060268.000000,0.275682,-0.273062,-0.004391,0.007125,0.034818,-0.603875,0.796286,0.116659,-0.023054,0.013997,0.003963,-0.138275,-0.446029,
1629325598.000000,759063244.000000,0.275735,-0.273668,-0.004360,0.007097,0.034754,-0.604755,0.795621,0.121399,-0.022201,0.013297,0.028779,0.093935,-0.432134,
1629325598.000000,764067411.000000,0.275798,-0.274297,-0.004332,0.007402,0.035075,-0.605592,0.794967,0.126231,-0.021337,0.012911,0.039290,0.253020,-0.409705,
1629325598.000000,769070387.000000,0.275901,-0.274923,-0.004337,0.007835,0.035538,-0.606400,0.794326,0.129048,-0.014984,0.008495,0.030892,0.224725,-0.411746,
1629325598.000000,774073601.000000,0.276009,-0.275575,-0.004341,0.008129,0.035904,-0.607240,0.793665,0.133062,-0.011895,0.006632,0.007356,0.193035,-0.437383,
1629325598.000000,779076576.000000,0.275643,-0.276270,-0.003517,0.008737,0.036542,-0.608151,0.792932,0.141551,-0.010546,0.009811,-0.036299,0.022587,-0.444912,
1629325598.000000,784079313.000000,0.275760,-0.276900,-0.003460,0.008474,0.036424,-0.609024,0.792269,0.136259,-0.008110,0.013666,-0.026999,-0.176851,-0.438422,
1629325598.000000,789082289.000000,0.275912,-0.277583,-0.003453,0.008175,0.036126,-0.609911,0.791604,0.137805,-0.005165,0.012769,0.006347,-0.087069,-0.462817,
1629325598.000000,794086456.000000,0.276073,-0.278271,-0.003427,0.008220,0.036228,-0.610839,0.790883,0.139607,-0.002236,0.012786,-0.003218,0.203686,-0.462058,
1629325598.000000,799089432.000000,0.276205,-0.278963,-0.003377,0.008564,0.036824,-0.611717,0.790173,0.140534,-0.005259,0.016693,-0.042689,0.280156,-0.437320,
1629325598.000000,859127522.000000,0.276862,-0.286637,-0.003977,0.007539,0.034564,-0.621812,0.782367,0.102817,-0.018852,0.010035,0.050964,-0.017228,-0.430897,
1629325598.000000,864129543.000000,0.276942,-0.287238,-0.003968,0.007771,0.034734,-0.622646,0.781694,0.115615,-0.013349,0.008777,0.024509,0.222338,-0.418166,
1629325598.000000,869133234.000000,0.277015,-0.287830,-0.003960,0.008172,0.035248,-0.623446,0.781029,0.121112,-0.010751,0.008081,0.010291,0.284758,-0.406396,
1629325598.000000,874136209.000000,0.277106,-0.288444,-0.003960,0.008540,0.035712,-0.624241,0.780368,0.126403,-0.008126,0.007347,0.008444,0.172530,-0.418062,
1629325598.000000,879139423.000000,0.277489,-0.290077,-0.004338,0.008963,0.035974,-0.625067,0.779690,0.152181,-0.003188,0.000724,-0.002358,0.012137,-0.443685,
1629325598.000000,884142399.000000,0.277643,-0.290829,-0.004385,0.008852,0.035925,-0.625943,0.778991,0.157186,-0.000478,-0.000843,-0.014026,-0.058219,-0.451161,
1629325598.000000,889145374.000000,0.277815,-0.291604,-0.004448,0.008673,0.035823,-0.626829,0.778284,0.162195,0.002273,-0.002553,-0.009869,-0.092616,-0.462774,
1629325598.000000,894149542.000000,0.277866,-0.292200,-0.004497,0.008553,0.035795,-0.627729,0.777561,0.151304,-0.001411,-0.004104,-0.030925,0.100018,-0.454427,
1629325598.000000,899152279.000000,0.278016,-0.292943,-0.004555,0.008738,0.036239,-0.628584,0.776848,0.153167,-0.000084,-0.004604,-0.033417,0.199661,-0.437207,
1629325598.000000,904155493.000000,0.278176,-0.293694,-0.004638,0.008958,0.036595,-0.629418,0.776153,0.154968,0.001265,-0.006257,0.027382,0.171650,-0.423444,
1629325598.000000,994211435.000000,0.278616,-0.306119,-0.004760,0.009455,0.035970,-0.644286,0.763880,0.143724,0.005543,-0.003302,-0.016658,0.010277,-0.436213,
1629325598.000000,999215364.000000,0.278769,-0.306820,-0.004819,0.009395,0.035958,-0.645116,0.763180,0.143496,0.007443,-0.002238,-0.009564,-0.008478,-0.438216,
1629325599.000000,4218578.000000,0.278868,-0.307526,-0.004822,0.009379,0.036103,-0.645953,0.762465,0.142736,0.000542,0.005482,-0.036655,0.127127,-0.438350,
1629325599.000000,9221554.000000,0.278858,-0.308502,-0.005688,0.009236,0.036015,-0.646758,0.761789,0.144683,-0.010021,-0.007515,0.016337,0.089314,-0.437184,
1629325599.000000,14224529.000000,0.278914,-0.309219,-0.005761,0.009403,0.036009,-0.647597,0.761074,0.144768,-0.011694,-0.006489,0.113614,0.064133,-0.438286,
1629325599.000000,19227505.000000,0.278912,-0.309870,-0.005620,0.009780,0.036028,-0.648453,0.760338,0.134201,-0.018794,0.018563,0.107551,0.140393,-0.459488,
1629325599.000000,24230480.000000,0.278917,-0.310540,-0.005537,0.010206,0.036260,-0.649339,0.759566,0.130193,-0.022240,0.028207,0.075038,0.260567,-0.457612,
1629325599.000000,29234171.000000,0.278900,-0.311201,-0.005407,0.010687,0.036591,-0.650180,0.758823,0.126598,-0.025724,0.037425,0.075226,0.105537,-0.428674,
1629325599.000000,34237385.000000,0.278928,-0.311759,-0.005478,0.010727,0.036420,-0.650968,0.758155,0.114262,-0.017334,0.011889,0.064594,-0.126417,-0.391445,
1629325599.000000,39240360.000000,0.278929,-0.312320,-0.005464,0.010468,0.036001,-0.651709,0.757542,0.107592,-0.016130,0.006795,0.012535,-0.264252,-0.394407,
1629325599.000000,89126110.000000,0.280072,-0.319050,-0.005246,0.010130,0.035607,-0.659734,0.750587,0.143952,0.011664,0.001523,-0.020823,-0.037821,-0.442446,
1629325599.000000,94128847.000000,0.280229,-0.319756,-0.005291,0.010001,0.035599,-0.660567,0.749856,0.144371,0.014823,-0.000586,-0.033291,-0.039834,-0.445668,
1629325599.000000,99133015.000000,0.280347,-0.320458,-0.005295,0.009817,0.035586,-0.661399,0.749125,0.142928,0.010367,0.004083,-0.027237,-0.032937,-0.443521,
1629325599.000000,104135990.000000,0.280487,-0.321161,-0.005324,0.009671,0.035569,-0.662229,0.748394,0.142622,0.010479,0.003940,-0.035373,-0.063074,-0.445626,
1629325599.000000,109138966.000000,0.280625,-0.321861,-0.005358,0.009492,0.035544,-0.663069,0.747654,0.142270,0.010596,0.003365,-0.008176,0.017443,-0.454158,
1629325599.000000,114142179.000000,0.279836,-0.323037,-0.006613,0.009389,0.035172,-0.663895,0.746939,0.141907,-0.015986,0.016768,0.088853,0.131542,-0.458483,
1629325599.000000,119145155.000000,0.279833,-0.323756,-0.006561,0.009856,0.035286,-0.664752,0.746165,0.141661,-0.019842,0.025470,0.139289,0.188754,-0.448915,
1629325599.000000,124147892.000000,0.279810,-0.324478,-0.006441,0.010402,0.035510,-0.665586,0.745404,0.141358,-0.023717,0.035762,0.081739,0.261532,-0.442441,
1629325599.000000,129151106.000000,0.279827,-0.325090,-0.006388,0.010925,0.035946,-0.666404,0.744644,0.126956,-0.016744,0.028587,0.046090,0.258954,-0.436118,
1629325599.000000,134154797.000000,0.279819,-0.325725,-0.006281,0.011255,0.036144,-0.667195,0.743921,0.121012,-0.016318,0.031368,0.078245,-0.001316,-0.407403,
1629325599.000000,174180031.000000,0.281077,-0.331833,-0.008172,0.009709,0.034028,-0.673489,0.738350,0.156513,0.002203,-0.007187,0.001728,0.233021,-0.438221,
1629325599.000000,179183006.000000,0.281156,-0.333042,-0.008251,0.010561,0.034704,-0.674314,0.737553,0.161323,0.014540,-0.018754,-0.018683,0.172807,-0.454229,
1629325599.000000,184185743.000000,0.281304,-0.333837,-0.008413,0.010703,0.034969,-0.675150,0.736773,0.164686,0.018237,-0.023411,-0.013142,0.080263,-0.454272,
1629325599.000000,189188957.000000,0.281470,-0.334648,-0.008602,0.010719,0.035068,-0.675974,0.736012,0.168185,0.021950,-0.028235,0.003797,-0.000118,-0.441446,
1629325599.000000,194191933.000000,0.281561,-0.335336,-0.008662,0.010649,0.035021,-0.676784,0.735271,0.155738,0.016963,-0.018470,-0.000255,-0.038454,-0.441373,
1629325599.000000,199196100.000000,0.281708,-0.336095,-0.008810,0.010575,0.035044,-0.677606,0.734514,0.154441,0.018052,-0.018732,-0.024911,0.054547,-0.454213,
1629325599.000000,204199076.000000,0.281858,-0.336848,-0.008958,0.010576,0.035245,-0.678440,0.733734,0.153279,0.019147,-0.018852,-0.055733,0.023957,-0.456396,
1629325599.000000,209202051.000000,0.281981,-0.337626,-0.009034,0.010374,0.035288,-0.679267,0.732969,0.155499,0.015301,-0.009208,-0.041076,-0.068280,-0.448898,
1629325599.000000,214204788.000000,0.281217,-0.337947,-0.009299,0.009861,0.034805,-0.680079,0.732246,0.146797,0.002663,-0.006540,0.037816,0.002454,-0.467926,
1629325599.000000,219208002.000000,0.281280,-0.338678,-0.009369,0.010094,0.034819,-0.680951,0.731431,0.146684,0.001736,-0.002930,0.113653,0.138699,-0.467131,
1629325599.000000,264235973.000000,0.281762,-0.344499,-0.010009,0.009737,0.033051,-0.687988,0.724903,0.122839,0.007608,-0.015892,0.016826,0.045356,-0.421127,
1629325599.000000,269238710.000000,0.281863,-0.345180,-0.010178,0.009916,0.033261,-0.688754,0.724164,0.134666,0.012486,-0.022708,0.002796,0.184051,-0.426483,
1629325599.000000,274242878.000000,0.281960,-0.345854,-0.010344,0.010252,0.033637,-0.689522,0.723411,0.139810,0.014668,-0.025492,0.013488,0.203459,-0.424398,
1629325599.000000,279245853.000000,0.282409,-0.346298,-0.009400,0.010824,0.034146,-0.690338,0.722600,0.152960,0.023250,-0.014986,0.030758,0.069658,-0.442402,
1629325599.000000,284248829.000000,0.282553,-0.346932,-0.009477,0.010919,0.034199,-0.691159,0.721811,0.142907,0.025072,-0.013156,0.021146,0.080160,-0.461725,
1629325599.000000,289252043.000000,0.282710,-0.347627,-0.009605,0.011065,0.034395,-0.691990,0.721003,0.143094,0.027183,-0.015263,-0.023531,0.077419,-0.458515,
1629325599.000000,294255018.000000,0.282874,-0.348328,-0.009761,0.011061,0.034560,-0.692801,0.720215,0.143506,0.029291,-0.018179,-0.023892,0.060404,-0.446751,
1629325599.000000,299258947.000000,0.283048,-0.349032,-0.009928,0.011092,0.034715,-0.693593,0.719444,0.143953,0.031395,-0.020930,-0.030867,0.031592,-0.437156,
1629325599.000000,304261923.000000,0.283205,-0.349706,-0.010040,0.011009,0.034830,-0.694376,0.718685,0.140492,0.030426,-0.016601,-0.041892,0.030789,-0.440314,
1629325599.000000,309264898.000000,0.283379,-0.350392,-0.010173,0.010933,0.034926,-0.695173,0.717910,0.139618,0.031504,-0.016429,-0.026820,-0.048664,-0.451016,
1629325599.000000,354293108.000000,0.284030,-0.355697,-0.009910,0.010451,0.032929,-0.702344,0.710998,0.100963,0.020750,0.000994,0.039522,-0.385964,-0.452280,
1629325599.000000,359296083.000000,0.284142,-0.356198,-0.009945,0.010030,0.032412,-0.703157,0.710225,0.098896,0.021876,-0.001519,0.036259,-0.116429,-0.442811,
1629325599.000000,364298820.000000,0.284277,-0.356836,-0.009981,0.010043,0.032370,-0.703923,0.709468,0.117856,0.025494,-0.000974,0.019206,0.083328,-0.418194,
1629325599.000000,369302750.000000,0.284413,-0.357438,-0.010030,0.010316,0.032626,-0.704653,0.708726,0.124125,0.027642,-0.001913,0.024393,0.239496,-0.413868,
1629325599.000000,374305964.000000,0.284558,-0.358072,-0.010084,0.010819,0.033091,-0.705397,0.707957,0.130211,0.029821,-0.002565,0.014002,0.280481,-0.435200,
1629325599.000000,379308939.000000,0.285085,-0.359162,-0.009839,0.011628,0.033734,-0.706287,0.707026,0.134433,0.036440,-0.002512,0.008571,0.169557,-0.442918,
1629325599.000000,384311914.000000,0.285273,-0.359842,-0.009912,0.011768,0.033888,-0.707077,0.706227,0.135869,0.038907,-0.004627,0.008730,-0.002926,-0.457668,
1629325599.000000,389314890.000000,0.285469,-0.360531,-0.009992,0.011652,0.033825,-0.707901,0.705405,0.137262,0.041382,-0.006423,-0.011520,-0.026139,-0.469549,
1629325599.000000,394317865.000000,0.285656,-0.361182,-0.010056,0.011606,0.033905,-0.708718,0.704581,0.133424,0.040762,-0.005761,-0.026522,0.047888,-0.456728,
1629325599.000000,399321795.000000,0.285857,-0.361845,-0.010136,0.011610,0.034063,-0.709500,0.703786,0.132578,0.041986,-0.006642,-0.031796,0.044700,-0.434328,
1629325599.000000,489377975.000000,0.285633,-0.375594,-0.011374,0.012225,0.032892,-0.723516,0.689415,0.145845,0.033007,-0.004344,-0.000476,-0.024217,-0.463458,
1629325599.000000,494380951.000000,0.285766,-0.376327,-0.011449,0.012165,0.032912,-0.724316,0.688575,0.145143,0.034619,-0.005171,-0.018521,0.035314,-0.468710,
1629325599.000000,499383926.000000,0.285905,-0.377060,-0.011529,0.012204,0.033102,-0.725113,0.687726,0.144709,0.036235,-0.005912,-0.037778,0.086726,-0.453960,
1629325599.000000,504388094.000000,0.286024,-0.377789,-0.011560,0.012232,0.033306,-0.725870,0.686916,0.143595,0.033839,0.000312,-0.032488,0.044272,-0.438843,
1629325599.000000,509390831.000000,0.285272,-0.379120,-0.012177,0.011892,0.033058,-0.726651,0.686108,0.135948,0.023049,-0.000442,-0.009980,-0.019427,-0.447512,
1629325599.000000,514393806.000000,0.285349,-0.379799,-0.012214,0.011815,0.033010,-0.727436,0.685279,0.134301,0.023005,0.002063,0.027243,-0.014588,-0.466727,
1629325599.000000,519397020.000000,0.285425,-0.380473,-0.012242,0.011844,0.032904,-0.728249,0.684420,0.132806,0.022971,0.004338,0.082648,-0.040333,-0.472121,
1629325599.000000,524399996.000000,0.285351,-0.381124,-0.011941,0.011947,0.032671,-0.729066,0.683559,0.128767,0.007160,0.037110,0.137028,0.033790,-0.473097,
1629325599.000000,529402971.000000,0.285339,-0.381773,-0.011773,0.012414,0.032674,-0.729879,0.682683,0.126279,0.002580,0.047577,0.129764,0.263159,-0.465724,
1629325599.000000,534405947.000000,0.285301,-0.382419,-0.011551,0.013053,0.032972,-0.730645,0.681836,0.124151,-0.002037,0.058739,0.071003,0.199916,-0.427404,
1629325599.000000,579441786.000000,0.285059,-0.389489,-0.012982,0.012640,0.031927,-0.737377,0.674608,0.156509,0.025662,-0.014370,0.018166,0.184082,-0.445459,
1629325599.000000,584444523.000000,0.285124,-0.390123,-0.013031,0.012879,0.032158,-0.738147,0.673750,0.142914,0.026777,-0.009824,0.009356,0.127955,-0.461746,
1629325599.000000,589447737.000000,0.285196,-0.390841,-0.013137,0.013000,0.032316,-0.738917,0.672895,0.142130,0.028816,-0.011489,-0.021261,-0.008572,-0.458373,
1629325599.000000,594450712.000000,0.285276,-0.391552,-0.013256,0.012795,0.032288,-0.739694,0.672046,0.141137,0.030857,-0.013559,-0.028039,-0.052520,-0.467962,
1629325599.000000,599454880.000000,0.285342,-0.392245,-0.013375,0.012721,0.032346,-0.740477,0.671183,0.138583,0.029389,-0.014598,-0.026616,0.046976,-0.458502,
1629325599.000000,604457855.000000,0.285419,-0.392939,-0.013499,0.012741,0.032515,-0.741224,0.670349,0.137162,0.029998,-0.015576,-0.028970,0.047205,-0.439195,
1629325599.000000,609460831.000000,0.285498,-0.393627,-0.013627,0.012687,0.032577,-0.741953,0.669540,0.135632,0.030593,-0.016717,-0.007611,-0.039869,-0.435995,
1629325599.000000,614463806.000000,0.284681,-0.394676,-0.013921,0.012374,0.032126,-0.742746,0.668688,0.134172,0.009240,0.015182,0.038249,0.006034,-0.458459,
1629325599.000000,619466782.000000,0.284653,-0.395339,-0.013863,0.012518,0.032093,-0.743535,0.667809,0.132041,0.005770,0.024986,0.085202,0.047162,-0.475654,
1629325599.000000,624469757.000000,0.284604,-0.396009,-0.013751,0.012757,0.032010,-0.744327,0.666926,0.130608,0.002291,0.035072,0.118209,0.083564,-0.459674,
1629325599.000000,669499159.000000,0.283501,-0.401885,-0.014718,0.012023,0.030372,-0.750894,0.659615,0.127027,0.011730,-0.010008,0.003235,0.184283,-0.437357,
1629325599.000000,674501896.000000,0.283476,-0.402528,-0.014811,0.012431,0.030781,-0.751604,0.658779,0.130912,0.012770,-0.010285,0.000941,0.242236,-0.435187,
1629325599.000000,679504871.000000,0.284075,-0.403375,-0.014724,0.013047,0.031235,-0.752408,0.657827,0.141613,0.021452,-0.011645,0.019322,0.167273,-0.434362,
1629325599.000000,684507847.000000,0.284090,-0.404100,-0.014847,0.013290,0.031445,-0.753128,0.656988,0.144370,0.023971,-0.015933,0.000257,0.111985,-0.453347,
1629325599.000000,689511061.000000,0.284113,-0.404839,-0.014994,0.013387,0.031610,-0.753885,0.656108,0.147173,0.026521,-0.020309,-0.010655,0.031826,-0.464255,
1629325599.000000,694513798.000000,0.284130,-0.405527,-0.015104,0.013272,0.031599,-0.754635,0.655249,0.141567,0.025691,-0.017089,-0.022133,-0.094384,-0.449217,
1629325599.000000,699517965.000000,0.284157,-0.406236,-0.015243,0.013027,0.031539,-0.755373,0.654406,0.140908,0.026858,-0.018087,-0.037214,-0.007395,-0.459759,
1629325599.000000,704520702.000000,0.284188,-0.406943,-0.015384,0.013036,0.031725,-0.756129,0.653523,0.140396,0.028039,-0.018981,-0.043525,0.077850,-0.462110,
1629325599.000000,709523678.000000,0.284078,-0.407418,-0.015861,0.012779,0.031569,-0.756912,0.652629,0.128410,0.025908,-0.019462,-0.006326,0.103377,-0.449293,
1629325599.000000,714526892.000000,0.284110,-0.408062,-0.016008,0.012935,0.031690,-0.757639,0.651775,0.126757,0.026993,-0.020390,0.037517,0.031043,-0.444036,
1629325599.000000,759555101.000000,0.282936,-0.413507,-0.016186,0.012619,0.030089,-0.764017,0.644370,0.106998,0.012052,-0.010139,0.019521,-0.184209,-0.433624,
1629325599.000000,764557838.000000,0.282903,-0.414044,-0.016264,0.012349,0.029813,-0.764719,0.643556,0.107645,0.012251,-0.009380,0.040724,-0.095859,-0.432416,
1629325599.000000,769560814.000000,0.282870,-0.414584,-0.016333,0.012351,0.029720,-0.765420,0.642725,0.108257,0.012451,-0.008126,0.028228,0.073659,-0.433549,
1629325599.000000,774564981.000000,0.282561,-0.415657,-0.016200,0.013033,0.030044,-0.766219,0.641745,0.140788,0.017300,-0.014498,-0.003761,0.237047,-0.434736,
1629325599.000000,779567957.000000,0.282525,-0.416372,-0.016318,0.013469,0.030473,-0.766905,0.640895,0.146197,0.019625,-0.017989,0.000399,0.225579,-0.430485,
1629325599.000000,784570932.000000,0.282493,-0.417113,-0.016463,0.013782,0.030749,-0.767593,0.640051,0.151488,0.021964,-0.021727,0.012297,0.119224,-0.438929,
1629325599.000000,789573908.000000,0.282493,-0.417691,-0.016529,0.013923,0.030881,-0.768303,0.639189,0.135971,0.023207,-0.016036,0.003755,0.066004,-0.448615,
1629325599.000000,794576883.000000,0.282486,-0.418373,-0.016657,0.013988,0.030996,-0.769016,0.638324,0.134876,0.025193,-0.017059,-0.015440,0.041936,-0.445406,
1629325599.000000,799579859.000000,0.282488,-0.419050,-0.016790,0.013944,0.031077,-0.769720,0.637473,0.133804,0.027174,-0.018201,-0.026148,-0.022613,-0.438986,
1629325599.000000,804583788.000000,0.282476,-0.419715,-0.016921,0.013783,0.031091,-0.770420,0.636629,0.132077,0.025639,-0.018308,-0.042023,-0.035740,-0.444273,
1629325599.000000,894639969.000000,0.279393,-0.430824,-0.017939,0.013963,0.029850,-0.782902,0.621272,0.133550,0.018102,-0.014674,-0.000156,-0.004698,-0.452067,
1629325599.000000,899644136.000000,0.279327,-0.431445,-0.017997,0.013955,0.029918,-0.783607,0.620380,0.128350,0.017359,-0.009275,-0.020457,0.019701,-0.450111,
1629325599.000000,904647112.000000,0.279265,-0.432084,-0.018083,0.013910,0.030004,-0.784299,0.619501,0.127643,0.018177,-0.008918,-0.023745,0.022301,-0.452050,
1629325599.000000,909649849.000000,0.278998,-0.433248,-0.018876,0.013589,0.029857,-0.785028,0.618591,0.131820,0.016118,-0.016236,-0.031016,0.005641,-0.456551,
1629325599.000000,914652586.000000,0.278894,-0.433902,-0.018871,0.013557,0.029967,-0.785728,0.617697,0.131653,0.013424,-0.003108,-0.018457,0.069706,-0.452240,
1629325599.000000,919655800.000000,0.278803,-0.434555,-0.018909,0.013752,0.030107,-0.786419,0.616806,0.131339,0.013136,0.001544,0.066694,0.103394,-0.444799,
1629325599.000000,924658775.000000,0.278710,-0.435207,-0.018923,0.014063,0.030049,-0.787106,0.615925,0.130973,0.012841,0.006374,0.135252,0.085886,-0.441562,
1629325599.000000,929661751.000000,0.278590,-0.435785,-0.018872,0.014468,0.030002,-0.787795,0.615037,0.120832,0.006523,0.017938,0.102283,0.186248,-0.447958,
1629325599.000000,934664965.000000,0.278470,-0.436374,-0.018801,0.014983,0.030245,-0.788474,0.614142,0.116402,0.003786,0.025378,0.025330,0.237959,-0.433171,
1629325599.000000,939668655.000000,0.278344,-0.436939,-0.018694,0.015288,0.030432,-0.789112,0.613305,0.112052,0.001023,0.031827,0.065355,0.001017,-0.403225,
1629325599.000000,989700079.000000,0.276474,-0.442612,-0.019302,0.014689,0.029547,-0.795764,0.604707,0.140457,0.019241,-0.007579,-0.014904,0.048111,-0.450296,
1629325599.000000,994704008.000000,0.276379,-0.443182,-0.019336,0.014628,0.029561,-0.796437,0.603821,0.128613,0.017305,-0.004797,0.010461,-0.042725,-0.432320,
1629325599.000000,999706745.000000,0.276286,-0.443831,-0.019419,0.014540,0.029482,-0.797084,0.602973,0.128411,0.018484,-0.006706,0.007586,-0.027681,-0.433121,
1629325600.000000,4709959.000000,0.276201,-0.444473,-0.019496,0.014544,0.029564,-0.797751,0.602086,0.127788,0.019676,-0.007816,-0.030967,0.107669,-0.451436,
1629325600.000000,9712934.000000,0.275174,-0.444814,-0.020260,0.014350,0.029378,-0.798404,0.601234,0.124433,0.011262,-0.015963,-0.061988,0.103414,-0.444053,
1629325600.000000,14715910.000000,0.275056,-0.445425,-0.020375,0.014351,0.029581,-0.799059,0.600353,0.124897,0.011780,-0.016970,-0.026963,0.023063,-0.442792,
1629325600.000000,19719124.000000,0.274938,-0.446038,-0.020503,0.014356,0.029589,-0.799728,0.599462,0.125308,0.012290,-0.018433,0.052018,0.003071,-0.442953,
1629325600.000000,24721861.000000,0.274727,-0.446540,-0.020261,0.014529,0.029490,-0.800402,0.598562,0.114712,-0.001263,0.019288,0.113912,0.103352,-0.457692,
1629325600.000000,29724598.000000,0.274555,-0.447080,-0.020174,0.014950,0.029476,-0.801092,0.597628,0.111018,-0.005126,0.029458,0.109748,0.129806,-0.447332,
1629325600.000000,34728765.000000,0.274368,-0.447601,-0.020032,0.015292,0.029486,-0.801744,0.596744,0.107420,-0.009018,0.040007,0.074390,0.132003,-0.429994,
1629325600.000000,74721336.000000,0.271888,-0.452234,-0.020233,0.014088,0.027986,-0.806833,0.589948,0.127335,0.000516,0.010862,0.040595,0.170658,-0.427102,
1629325600.000000,79724312.000000,0.271690,-0.452868,-0.020204,0.014522,0.028287,-0.807457,0.589069,0.132823,0.001226,0.012562,0.001935,0.248889,-0.439616,
1629325600.000000,84727287.000000,0.271569,-0.453441,-0.020309,0.014935,0.028641,-0.808107,0.588150,0.126573,0.008681,-0.001307,-0.008652,0.165534,-0.446281,
1629325600.000000,89730263.000000,0.271417,-0.454068,-0.020360,0.015106,0.028823,-0.808755,0.587244,0.128134,0.011653,-0.004784,0.000919,0.068313,-0.448202,
1629325600.000000,94733477.000000,0.271276,-0.454703,-0.020426,0.015175,0.028900,-0.809415,0.586329,0.129639,0.014641,-0.008204,0.003171,0.022082,-0.448348,
1629325600.000000,99737406.000000,0.271148,-0.455343,-0.020516,0.015147,0.028923,-0.810064,0.585432,0.130879,0.017630,-0.011873,-0.004367,-0.009827,-0.436561,
1629325600.000000,104740620.000000,0.271005,-0.455916,-0.020541,0.015091,0.028970,-0.810701,0.584549,0.124579,0.014622,-0.007097,-0.033012,0.021850,-0.439700,
1629325600.000000,109743357.000000,0.268752,-0.456633,-0.021268,0.014849,0.028717,-0.811324,0.583702,0.123961,0.000666,-0.011528,-0.053425,0.089918,-0.447289,
1629325600.000000,114746332.000000,0.268558,-0.457215,-0.021374,0.014885,0.028928,-0.811969,0.582793,0.122436,0.001593,-0.013101,-0.036357,0.015051,-0.444067,
1629325600.000000,119749546.000000,0.268264,-0.457769,-0.021241,0.014717,0.028882,-0.812616,0.581897,0.120895,-0.009157,0.008742,0.022185,-0.125312,-0.444031,
1629325600.000000,169781208.000000,0.266774,-0.462583,-0.020783,0.014277,0.027385,-0.818901,0.573104,0.091764,-0.004410,0.009996,0.029633,-0.020752,-0.422815,
1629325600.000000,174784184.000000,0.266251,-0.462388,-0.021098,0.014254,0.027387,-0.819578,0.572135,0.106100,-0.003591,0.005359,0.050042,0.093245,-0.407884,
1629325600.000000,179787397.000000,0.266068,-0.462928,-0.021140,0.014567,0.027499,-0.820166,0.571278,0.112575,0.000887,0.000350,0.036201,0.196376,-0.420716,
1629325600.000000,184790373.000000,0.265876,-0.463465,-0.021183,0.015017,0.027798,-0.820773,0.570379,0.116369,0.002869,-0.002272,-0.007484,0.212011,-0.438877,
1629325600.000000,189793348.000000,0.265687,-0.464028,-0.021252,0.015272,0.028063,-0.821397,0.569461,0.120449,0.004891,-0.005609,-0.008825,0.072925,-0.442114,
1629325600.000000,194796324.000000,0.265512,-0.464540,-0.021316,0.015271,0.028100,-0.822031,0.568544,0.114229,0.005193,-0.007090,0.002156,-0.019781,-0.453701,
1629325600.000000,199800253.000000,0.265336,-0.465084,-0.021391,0.015218,0.028109,-0.822682,0.567603,0.113890,0.006526,-0.009125,-0.005426,0.022650,-0.454946,
1629325600.000000,204803467.000000,0.265166,-0.465624,-0.021476,0.015253,0.028207,-0.823312,0.566683,0.113588,0.007847,-0.011071,-0.020285,0.034922,-0.435677,
1629325600.000000,209806442.000000,0.264990,-0.466162,-0.021538,0.015253,0.028316,-0.823919,0.565794,0.113519,0.007303,-0.008309,-0.021472,0.044928,-0.431345,
1629325600.000000,214809418.000000,0.263098,-0.466212,-0.022584,0.015125,0.028169,-0.824554,0.564879,0.114177,0.000645,-0.015155,-0.039443,0.061148,-0.443233,
1629325600.000000,254834175.000000,0.259651,-0.469271,-0.022241,0.016171,0.027642,-0.829491,0.557601,0.083799,-0.023880,0.025854,0.033973,-0.245829,-0.401809,
1629325600.000000,259838104.000000,0.259372,-0.469657,-0.022174,0.015593,0.027275,-0.830071,0.556773,0.086417,-0.022798,0.019325,-0.027762,-0.333519,-0.419811,
1629325600.000000,264841318.000000,0.259106,-0.470015,-0.022105,0.014798,0.026868,-0.830681,0.555904,0.084695,-0.021991,0.016467,-0.006864,-0.300074,-0.435930,
1629325600.000000,269844294.000000,0.258846,-0.470366,-0.022048,0.014388,0.026579,-0.831298,0.555005,0.083012,-0.021183,0.013770,0.023559,-0.087331,-0.441185,
1629325600.000000,274847269.000000,0.259115,-0.471935,-0.023210,0.014612,0.026869,-0.831963,0.553988,0.114651,-0.014316,-0.004444,0.053159,0.073191,-0.430665,
1629325600.000000,279850483.000000,0.258821,-0.472443,-0.023264,0.014938,0.026928,-0.832544,0.553102,0.118973,-0.014438,-0.004136,0.065075,0.213023,-0.408274,
1629325600.000000,284853220.000000,0.258520,-0.472969,-0.023316,0.015501,0.027202,-0.833110,0.552220,0.123302,-0.014527,-0.003744,0.013986,0.248027,-0.433617,
1629325600.000000,289856195.000000,0.258348,-0.473451,-0.023453,0.015915,0.027557,-0.833719,0.551272,0.115368,-0.002738,-0.013440,-0.032108,0.218432,-0.447866,
1629325600.000000,294860363.000000,0.258114,-0.473979,-0.023557,0.016154,0.027835,-0.834325,0.550332,0.116049,0.001055,-0.015846,-0.011893,0.013100,-0.450761,
1629325600.000000,299862385.000000,0.257895,-0.474516,-0.023674,0.015948,0.027731,-0.834951,0.549394,0.116785,0.004853,-0.018406,0.007564,-0.107495,-0.445650,
1629325600.000000,389919281.000000,0.254958,-0.483792,-0.025175,0.015793,0.026502,-0.845688,0.532786,0.113840,0.011700,-0.006050,0.016223,0.186108,-0.432880,
1629325600.000000,394923449.000000,0.254761,-0.484348,-0.025245,0.016048,0.026661,-0.846280,0.531829,0.119494,0.014659,-0.008443,0.008705,0.076408,-0.450288,
1629325600.000000,399926424.000000,0.254600,-0.484850,-0.025294,0.016093,0.026712,-0.846875,0.530876,0.112112,0.016594,-0.006595,0.001229,-0.012401,-0.453211,
1629325600.000000,404929161.000000,0.254435,-0.485391,-0.025362,0.015952,0.026685,-0.847482,0.529912,0.112071,0.019143,-0.007531,-0.022123,-0.072925,-0.454438,
1629325600.000000,409932375.000000,0.254280,-0.485936,-0.025437,0.015818,0.026723,-0.848082,0.528955,0.111980,0.021689,-0.008670,-0.026583,0.059975,-0.455374,
1629325600.000000,414935350.000000,0.254109,-0.486457,-0.025506,0.015998,0.026954,-0.848673,0.527989,0.109872,0.019010,-0.008133,-0.036979,0.114458,-0.441682,
1629325600.000000,419938326.000000,0.253931,-0.487387,-0.026360,0.015854,0.026972,-0.849234,0.527089,0.107360,0.022929,-0.015368,-0.019186,0.015009,-0.425615,
1629325600.000000,424941540.000000,0.253798,-0.487912,-0.026468,0.015814,0.026955,-0.849800,0.526178,0.106678,0.023359,-0.014850,0.036437,-0.024292,-0.438346,
1629325600.000000,429945469.000000,0.253573,-0.488354,-0.026306,0.015896,0.026849,-0.850401,0.525209,0.100491,0.009187,0.016119,0.098156,0.081365,-0.469319,
1629325600.000000,434948444.000000,0.253382,-0.488812,-0.026239,0.016298,0.026813,-0.851021,0.524194,0.097307,0.004744,0.025827,0.103769,0.159584,-0.460970,
1629325600.000000,484979391.000000,0.252274,-0.493207,-0.025338,0.015522,0.025243,-0.856581,0.515162,0.090562,0.015403,0.007165,0.012884,0.306804,-0.420499,
1629325600.000000,489982128.000000,0.250931,-0.495255,-0.024661,0.016051,0.025766,-0.857128,0.514209,0.123262,0.013985,0.016343,-0.010397,0.220192,-0.425579,
1629325600.000000,494986296.000000,0.250833,-0.495788,-0.024703,0.016304,0.025973,-0.857686,0.513259,0.116176,0.024731,0.006530,0.010661,0.070900,-0.450234,
1629325600.000000,499989271.000000,0.250675,-0.496364,-0.024719,0.016380,0.026006,-0.858271,0.512276,0.117169,0.028525,0.002872,0.003681,0.020171,-0.459846,
1629325600.000000,504992247.000000,0.250528,-0.496954,-0.024755,0.016362,0.026059,-0.858857,0.511290,0.118305,0.032325,-0.000724,-0.009547,0.001291,-0.456623,
1629325600.000000,509995461.000000,0.250368,-0.497510,-0.024774,0.016283,0.026081,-0.859435,0.510320,0.115199,0.029442,0.000179,-0.023075,-0.038882,-0.445968,
1629325600.000000,514998436.000000,0.250225,-0.498085,-0.024812,0.016185,0.026151,-0.860003,0.509361,0.114801,0.030561,-0.001028,-0.031858,0.055752,-0.454386,
1629325600.000000,520001173.000000,0.248213,-0.499365,-0.025056,0.016311,0.026070,-0.860549,0.508438,0.120756,0.020627,0.002596,-0.037030,0.081485,-0.446057,
1629325600.000000,525005341.000000,0.247911,-0.499896,-0.024842,0.016375,0.026217,-0.861099,0.507496,0.119701,0.007834,0.028472,-0.001035,0.059240,-0.430927,
1629325600.000000,530008316.000000,0.247646,-0.500444,-0.024708,0.016528,0.026210,-0.861657,0.506545,0.119213,0.004366,0.036991,0.101262,0.036551,-0.453282,
1629325600.000000,570033312.000000,0.244998,-0.503108,-0.024395,0.016312,0.024839,-0.865965,0.499221,0.057001,0.001553,-0.012060,0.028860,-0.336536,-0.433296,
1629325600.000000,575148821.000000,0.244701,-0.503554,-0.024271,0.015825,0.024451,-0.866512,0.498306,0.080300,-0.002530,0.006266,0.052672,-0.174075,-0.428760,
1629325600.000000,580151558.000000,0.244484,-0.503900,-0.024253,0.015656,0.024247,-0.867053,0.497379,0.083331,-0.002896,0.007353,0.048109,0.016813,-0.426743,
1629325600.000000,585154533.000000,0.242450,-0.504880,-0.024951,0.015888,0.024491,-0.867597,0.496410,0.107935,-0.012733,0.025243,0.024790,0.263955,-0.429846,
1629325600.000000,590158701.000000,0.242183,-0.505443,-0.025097,0.016574,0.024888,-0.868121,0.495452,0.119202,-0.000380,0.002974,-0.004039,0.324100,-0.433066,
1629325600.000000,595161676.000000,0.241879,-0.505970,-0.025125,0.017117,0.025247,-0.868639,0.494505,0.124207,0.003175,-0.000962,0.000127,0.195328,-0.419267,
1629325600.000000,600164652.000000,0.241577,-0.506523,-0.025175,0.017333,0.025378,-0.869152,0.493589,0.128952,0.006741,-0.005070,0.014136,0.010960,-0.426533,
1629325600.000000,605167866.000000,0.241311,-0.506980,-0.025159,0.017259,0.025326,-0.869689,0.492647,0.115639,0.004973,0.002103,0.015175,-0.023709,-0.434209,
1629325600.000000,610170603.000000,0.241040,-0.507486,-0.025181,0.017236,0.025339,-0.870229,0.491693,0.113612,0.006400,0.002138,-0.017741,0.006878,-0.449998,
1629325600.000000,615173578.000000,0.240087,-0.508976,-0.026259,0.017113,0.025202,-0.870692,0.490885,0.116001,0.006744,-0.007804,-0.049896,-0.021708,-0.450074,
1629325600.000000,660202980.000000,0.237779,-0.512362,-0.025563,0.018502,0.025005,-0.875393,0.482410,0.078160,-0.011465,0.021662,0.002273,-0.181815,-0.416845,
1629325600.000000,665205956.000000,0.237496,-0.512702,-0.025452,0.017927,0.024746,-0.875911,0.481504,0.080784,-0.011092,0.022808,-0.009589,-0.332985,-0.418047,
1629325600.000000,670208693.000000,0.237235,-0.513016,-0.025366,0.017117,0.024304,-0.876428,0.480615,0.078885,-0.010292,0.021558,0.040455,-0.333105,-0.417862,
1629325600.000000,675211906.000000,0.236982,-0.513323,-0.025281,0.016583,0.023880,-0.876951,0.479699,0.076922,-0.009486,0.020719,0.056827,-0.201851,-0.429666,
1629325600.000000,680214882.000000,0.235196,-0.515188,-0.025861,0.016174,0.023728,-0.877447,0.478814,0.091023,-0.007862,0.005392,0.027778,0.041143,-0.425343,
1629325600.000000,685217857.000000,0.234791,-0.515793,-0.025882,0.016430,0.023859,-0.877951,0.477873,0.115187,-0.004553,0.003882,0.000085,0.135880,-0.429481,
1629325600.000000,690221786.000000,0.234452,-0.516279,-0.025898,0.016695,0.024035,-0.878465,0.476910,0.120564,-0.002951,0.002947,0.011650,0.165118,-0.437044,
1629325600.000000,695224762.000000,0.234105,-0.516790,-0.025918,0.017128,0.024241,-0.878984,0.475926,0.125857,-0.001316,0.002106,0.023635,0.208281,-0.449739,
1629325600.000000,700227499.000000,0.233800,-0.517256,-0.025951,0.017494,0.024419,-0.879511,0.474930,0.119411,0.000503,-0.000656,0.014995,0.101366,-0.435019,
1629325600.000000,705230713.000000,0.233477,-0.517761,-0.025990,0.017578,0.024461,-0.880018,0.473985,0.120481,0.002213,-0.002436,0.011786,0.008508,-0.431526,
1629325600.000000,765268803.000000,0.226379,-0.529756,-0.025567,0.018532,0.024119,-0.886138,0.462421,0.126116,0.000797,0.015059,0.017867,-0.294686,-0.435871,
1629325600.000000,770271778.000000,0.226030,-0.530272,-0.025536,0.017941,0.023774,-0.886655,0.461471,0.121869,0.002459,0.009418,0.025573,-0.251532,-0.434718,
1629325600.000000,775274754.000000,0.225618,-0.530864,-0.025418,0.017451,0.023469,-0.887163,0.460528,0.133979,0.001584,0.020728,0.039230,-0.185161,-0.423047,
1629325600.000000,780277967.000000,0.223686,-0.533355,-0.025771,0.016972,0.023278,-0.887632,0.459651,0.157982,0.002423,0.017587,0.045758,0.004312,-0.421845,
1629325600.000000,785281658.000000,0.223232,-0.534022,-0.025736,0.017169,0.023311,-0.888120,0.458699,0.160079,0.003155,0.018066,0.020212,0.125906,-0.429356,
1629325600.000000,790284634.000000,0.222794,-0.534738,-0.025787,0.017459,0.023469,-0.888606,0.457739,0.165907,0.008712,0.007685,0.002998,0.148694,-0.423015,
1629325600.000000,795287609.000000,0.222340,-0.535464,-0.025807,0.017702,0.023617,-0.889092,0.456777,0.169947,0.011107,0.004758,0.004155,0.060164,-0.446236,
1629325600.000000,800290585.000000,0.221881,-0.536211,-0.025847,0.017776,0.023669,-0.889615,0.455752,0.174020,0.013542,0.001641,0.011589,0.080124,-0.461463,
1629325600.000000,805293798.000000,0.221424,-0.536970,-0.025907,0.017960,0.023772,-0.890130,0.454733,0.177572,0.015970,-0.001680,-0.000007,0.044647,-0.449585,
1629325600.000000,810296774.000000,0.220996,-0.537652,-0.025913,0.017946,0.023811,-0.890634,0.453742,0.169937,0.014597,0.002460,-0.001280,0.018812,-0.439999,
1629325600.000000,895350933.000000,0.211167,-0.552982,-0.025983,0.018175,0.022998,-0.898936,0.437099,0.184343,0.017178,0.005831,0.002891,0.136444,-0.444173,
1629325600.000000,900353670.000000,0.210692,-0.553717,-0.026006,0.018334,0.023089,-0.899426,0.436079,0.180059,0.017908,0.004061,0.011487,0.036203,-0.459103,
1629325600.000000,905356646.000000,0.210205,-0.554482,-0.026038,0.018394,0.023126,-0.899933,0.435027,0.181213,0.019557,0.002066,0.003031,0.054088,-0.472969,
1629325600.000000,910359621.000000,0.209721,-0.555255,-0.026082,0.018523,0.023235,-0.900438,0.433968,0.182569,0.021219,0.000081,-0.009849,0.070552,-0.454971,
1629325600.000000,915363550.000000,0.208957,-0.556462,-0.026151,0.018641,0.023203,-0.900907,0.432991,0.185237,0.023123,0.001252,-0.016248,0.055500,-0.438775,
1629325600.000000,920366764.000000,0.208492,-0.557193,-0.026195,0.018712,0.023335,-0.901380,0.431994,0.178887,0.022178,0.000665,-0.034317,0.065847,-0.447322,
1629325600.000000,925369740.000000,0.208018,-0.557963,-0.026253,0.018783,0.023514,-0.901863,0.430973,0.177626,0.023054,-0.000324,-0.040828,0.041911,-0.453803,
1629325600.000000,930372715.000000,0.207551,-0.558719,-0.026305,0.018725,0.023577,-0.902353,0.429945,0.176295,0.023898,-0.001857,0.014441,-0.057804,-0.460118,
1629325600.000000,935375690.000000,0.207039,-0.559412,-0.026173,0.018585,0.023403,-0.902861,0.428893,0.172135,0.012643,0.023420,0.080773,-0.057342,-0.473991,
1629325600.000000,940378666.000000,0.206537,-0.560118,-0.026084,0.018722,0.023225,-0.903377,0.427809,0.169664,0.008683,0.032730,0.117969,0.137615,-0.477243,
1629325600.000000,990411043.000000,0.200960,-0.566208,-0.025071,0.018133,0.022012,-0.908026,0.417942,0.172043,0.009277,0.018935,0.011512,0.235963,-0.434557,
1629325600.000000,995413780.000000,0.200501,-0.566880,-0.025077,0.018630,0.022263,-0.908475,0.416929,0.168690,0.014824,0.011996,0.004869,0.218586,-0.442122,
1629325601.000000,416756.000000,0.200007,-0.567576,-0.025072,0.018959,0.022426,-0.908933,0.415908,0.170368,0.017360,0.008969,0.002968,0.040212,-0.452664,
1629325601.000000,5419970.000000,0.199517,-0.568285,-0.025085,0.018879,0.022421,-0.909411,0.414864,0.172027,0.019916,0.005764,0.003867,-0.021761,-0.463411,
1629325601.000000,10423660.000000,0.199039,-0.568954,-0.025089,0.018884,0.022461,-0.909892,0.413807,0.166928,0.018410,0.006016,-0.017205,0.031361,-0.464441,
1629325601.000000,15426636.000000,0.198213,-0.569849,-0.024606,0.019328,0.022612,-0.910329,0.412815,0.164059,0.016914,0.009146,-0.023926,0.054303,-0.446401,
1629325601.000000,20429850.000000,0.197742,-0.570516,-0.024604,0.019391,0.022731,-0.910775,0.411820,0.162787,0.017771,0.007580,-0.023733,0.020767,-0.430296,
1629325601.000000,25432587.000000,0.197278,-0.571181,-0.024609,0.019361,0.022826,-0.911221,0.410830,0.161329,0.018636,0.006017,-0.030215,0.023302,-0.444127,
1629325601.000000,30435562.000000,0.196770,-0.571785,-0.024404,0.019328,0.022902,-0.911682,0.409802,0.158044,0.011682,0.025601,-0.002617,-0.054122,-0.451742,
1629325601.000000,35438776.000000,0.196288,-0.572414,-0.024295,0.019161,0.022779,-0.912155,0.408762,0.156547,0.010311,0.030414,0.068765,-0.039655,-0.469663,
1629325601.000000,85451841.000000,0.189902,-0.578962,-0.025797,0.017978,0.021047,-0.916672,0.398681,0.154138,0.000849,0.019545,0.009175,0.086982,-0.420669,
1629325601.000000,90454817.000000,0.189349,-0.579652,-0.025872,0.018236,0.021165,-0.917089,0.397703,0.166848,0.007858,0.006597,0.014443,0.178004,-0.428195,
1629325601.000000,95457792.000000,0.188800,-0.580302,-0.025897,0.018699,0.021357,-0.917516,0.396685,0.171397,0.010083,0.003111,0.006140,0.193767,-0.452659,
1629325601.000000,100461006.000000,0.188243,-0.580974,-0.025942,0.019040,0.021527,-0.917966,0.395616,0.176092,0.012350,-0.000545,0.011191,0.129529,-0.464523,
1629325601.000000,105464935.000000,0.187725,-0.581604,-0.025978,0.019196,0.021588,-0.918420,0.394549,0.169448,0.013130,-0.000657,0.007231,-0.010833,-0.460160,
1629325601.000000,110467911.000000,0.187191,-0.582266,-0.026035,0.019090,0.021599,-0.918877,0.393490,0.169553,0.014801,-0.002697,-0.024871,0.017447,-0.466525,
1629325601.000000,115470886.000000,0.187475,-0.580382,-0.025916,0.019655,0.021960,-0.919314,0.392419,0.147760,0.010247,0.000136,-0.036757,0.089741,-0.460258,
1629325601.000000,120473623.000000,0.186985,-0.580904,-0.025904,0.019790,0.022136,-0.919754,0.391371,0.144766,0.006736,0.004863,-0.023905,0.071415,-0.453702,
1629325601.000000,125476599.000000,0.186508,-0.581445,-0.025921,0.019846,0.022237,-0.920193,0.390329,0.143138,0.006615,0.005592,-0.010019,0.002651,-0.447433,
1629325601.000000,130479813.000000,0.186035,-0.581977,-0.025941,0.019811,0.022255,-0.920633,0.389290,0.141192,0.006473,0.006091,0.014407,0.024261,-0.465352,
1629325601.000000,170506001.000000,0.182230,-0.586197,-0.025656,0.019437,0.020939,-0.924100,0.381081,0.116271,-0.005262,0.026423,0.024019,-0.332013,-0.434642,
1629325601.000000,175508738.000000,0.181801,-0.586592,-0.025560,0.018684,0.020566,-0.924535,0.380083,0.114799,-0.004253,0.023285,0.043206,-0.281999,-0.444201,
1629325601.000000,180511713.000000,0.180161,-0.586912,-0.026482,0.018155,0.020383,-0.924980,0.379034,0.123142,-0.005283,0.007258,0.033690,-0.037971,-0.460230,
1629325601.000000,185514927.000000,0.179591,-0.587467,-0.026510,0.018353,0.020424,-0.925412,0.377967,0.141308,-0.002003,0.004098,0.021869,0.187189,-0.450738,
1629325601.000000,190517902.000000,0.179074,-0.587964,-0.026527,0.018885,0.020622,-0.925815,0.376941,0.146020,-0.000240,0.002574,0.012346,0.245575,-0.425060,
1629325601.000000,195520878.000000,0.178547,-0.588482,-0.026557,0.019401,0.020837,-0.926202,0.375952,0.150420,0.001534,0.000995,0.006966,0.207064,-0.424977,
1629325601.000000,200523615.000000,0.178076,-0.588957,-0.026605,0.019752,0.020992,-0.926603,0.374934,0.141793,0.003469,-0.002581,0.005941,0.091823,-0.447416,
1629325601.000000,205527782.000000,0.177583,-0.589461,-0.026661,0.019801,0.021040,-0.927029,0.373875,0.141012,0.005316,-0.005085,-0.004682,-0.013542,-0.460282,
1629325601.000000,210530758.000000,0.177099,-0.589968,-0.026730,0.019628,0.021038,-0.927465,0.372801,0.140201,0.007167,-0.007614,-0.021756,-0.115867,-0.471902,
1629325601.000000,215533972.000000,0.175903,-0.590531,-0.026454,0.019934,0.021176,-0.927914,0.371659,0.144685,0.000690,-0.006527,-0.031368,0.008988,-0.476274,
1629325601.000000,260561705.000000,0.170657,-0.595996,-0.025827,0.021305,0.020832,-0.931609,0.362239,0.113510,-0.017471,0.046012,0.014233,-0.215731,-0.394168,
1629325601.000000,265565634.000000,0.170255,-0.596384,-0.025945,0.020621,0.020550,-0.931991,0.361310,0.109462,-0.008453,0.016567,0.015599,-0.344013,-0.423931,
1629325601.000000,270568848.000000,0.169835,-0.596715,-0.025902,0.019822,0.020220,-0.932407,0.360300,0.104287,-0.007121,0.010499,0.029291,-0.307034,-0.447619,
1629325601.000000,275571823.000000,0.169435,-0.597035,-0.025882,0.019215,0.019937,-0.932824,0.359266,0.099408,-0.005808,0.004810,0.017844,-0.227032,-0.448559,
1629325601.000000,280574799.000000,0.168925,-0.597447,-0.025762,0.018837,0.019767,-0.933233,0.358232,0.117529,-0.006280,0.017825,0.042958,-0.063455,-0.441150,
1629325601.000000,285577774.000000,0.167932,-0.598319,-0.026278,0.018792,0.019869,-0.933644,0.357156,0.142435,-0.004225,0.013516,0.033928,0.166865,-0.441091,
1629325601.000000,290580750.000000,0.167379,-0.598788,-0.026248,0.019370,0.020082,-0.934025,0.356118,0.146329,-0.003501,0.013645,0.001603,0.308180,-0.431607,
1629325601.000000,295583725.000000,0.166877,-0.599287,-0.026334,0.020011,0.020356,-0.934393,0.355098,0.146406,0.003005,0.001508,0.001658,0.214171,-0.435699,
1629325601.000000,300586700.000000,0.166338,-0.599792,-0.026376,0.020314,0.020483,-0.934781,0.354052,0.148908,0.005536,-0.002105,0.012357,0.082908,-0.450751,
1629325601.000000,305590868.000000,0.165799,-0.600312,-0.026432,0.020419,0.020537,-0.935184,0.352976,0.151357,0.008086,-0.005398,-0.007748,0.024953,-0.468787,
1629325601.000000,395646811.000000,0.154644,-0.612195,-0.024893,0.020463,0.019640,-0.942048,0.334277,0.160015,0.008942,0.015689,0.004894,0.227982,-0.444409,
1629325601.000000,400650978.000000,0.154042,-0.612750,-0.024865,0.020882,0.019786,-0.942408,0.333227,0.165435,0.011218,0.013438,0.018883,0.147846,-0.439033,
1629325601.000000,405653954.000000,0.153503,-0.613258,-0.024838,0.021098,0.019858,-0.942771,0.332179,0.155610,0.012695,0.012113,-0.001248,0.025406,-0.449621,
1629325601.000000,410656691.000000,0.152939,-0.613799,-0.024824,0.021085,0.019913,-0.943145,0.331113,0.154703,0.014647,0.010480,-0.008972,0.047628,-0.446601,
1629325601.000000,415659904.000000,0.152137,-0.615649,-0.024576,0.021424,0.020041,-0.943528,0.329992,0.149132,0.019014,0.009693,-0.034157,-0.014287,-0.448610,
1629325601.000000,420662880.000000,0.151585,-0.616138,-0.024522,0.021236,0.020123,-0.943902,0.328926,0.146089,0.014304,0.013872,-0.034579,-0.039127,-0.455147,
1629325601.000000,425665855.000000,0.151056,-0.616647,-0.024496,0.021201,0.020218,-0.944276,0.327849,0.144589,0.014129,0.013518,-0.034166,0.039083,-0.460388,
1629325601.000000,430670023.000000,0.150531,-0.617148,-0.024475,0.021285,0.020336,-0.944648,0.326763,0.143248,0.013947,0.012622,0.015382,0.056019,-0.450920,
1629325601.000000,435672998.000000,0.149972,-0.617585,-0.024285,0.021399,0.020262,-0.945010,0.325712,0.139532,0.003109,0.036346,0.080877,0.012598,-0.438000,
1629325601.000000,440675735.000000,0.149422,-0.618026,-0.024119,0.021507,0.020077,-0.945375,0.324653,0.137360,-0.001329,0.045803,0.111554,0.068085,-0.459257,
1629325601.000000,490707874.000000,0.141733,-0.625448,-0.024261,0.020230,0.018617,-0.948830,0.314587,0.156519,0.008153,0.016097,0.014916,0.143565,-0.422111,
1629325601.000000,495710850.000000,0.141118,-0.625961,-0.024209,0.020553,0.018741,-0.949162,0.313556,0.160713,0.008577,0.016628,0.000860,0.174183,-0.444474,
1629325601.000000,500713825.000000,0.140545,-0.626490,-0.024259,0.020961,0.018905,-0.949507,0.312475,0.160077,0.013796,0.005661,-0.003258,0.142428,-0.451029,
1629325601.000000,505716801.000000,0.139936,-0.627032,-0.024273,0.021130,0.018990,-0.949853,0.311405,0.162712,0.015842,0.002558,0.011509,0.025195,-0.449807,
1629325601.000000,510719776.000000,0.139323,-0.627587,-0.024301,0.021143,0.018983,-0.950205,0.310328,0.165195,0.017898,-0.000433,0.010692,0.019650,-0.454133,
1629325601.000000,515722990.000000,0.138763,-0.628308,-0.023804,0.021825,0.019179,-0.950548,0.309216,0.160468,0.014605,0.010782,-0.020216,0.044509,-0.459459,
1629325601.000000,520726919.000000,0.138157,-0.628842,-0.023797,0.021933,0.019325,-0.950897,0.308125,0.159925,0.015487,0.010143,-0.029981,0.101328,-0.453125,
1629325601.000000,525729895.000000,0.137552,-0.629378,-0.023796,0.022066,0.019481,-0.951235,0.307059,0.159443,0.016362,0.009454,-0.038293,-0.008827,-0.442403,
1629325601.000000,530732870.000000,0.136929,-0.629859,-0.023677,0.021942,0.019562,-0.951577,0.306002,0.156483,0.010880,0.021424,-0.016196,0.034655,-0.455126,
1629325601.000000,535735846.000000,0.136323,-0.630359,-0.023610,0.022129,0.019633,-0.951923,0.304906,0.154813,0.009773,0.024418,0.029824,0.068635,-0.453194,
1629325601.000000,580763817.000000,0.129657,-0.634740,-0.024179,0.020378,0.017958,-0.954866,0.295793,0.138311,-0.003089,0.019074,0.031113,-0.224799,-0.426362,
1629325601.000000,585766554.000000,0.129079,-0.635117,-0.024108,0.020137,0.017830,-0.955193,0.294759,0.138738,-0.003266,0.019957,0.036235,0.045204,-0.434072,
1629325601.000000,590770721.000000,0.128423,-0.635619,-0.024140,0.020504,0.017881,-0.955503,0.293726,0.155253,0.003828,0.009144,0.021555,0.198886,-0.424364,
1629325601.000000,595773697.000000,0.127781,-0.636087,-0.024132,0.021009,0.018025,-0.955801,0.292707,0.161242,0.006125,0.006798,0.018061,0.238243,-0.420100,
1629325601.000000,600776672.000000,0.127128,-0.636571,-0.024137,0.021554,0.018172,-0.956104,0.291669,0.166706,0.008436,0.004511,0.008772,0.190090,-0.447691,
1629325601.000000,605779886.000000,0.126460,-0.637076,-0.024156,0.021921,0.018307,-0.956427,0.290572,0.171901,0.010784,0.002173,0.006365,0.159575,-0.450133,
1629325601.000000,610782862.000000,0.125895,-0.637506,-0.024162,0.022202,0.018406,-0.956742,0.289506,0.159196,0.011270,0.001908,-0.002954,0.040971,-0.443437,
1629325601.000000,615785599.000000,0.126608,-0.637495,-0.023661,0.022771,0.018508,-0.957077,0.288345,0.139535,0.013778,0.003371,-0.016958,-0.042798,-0.436185,
1629325601.000000,620789766.000000,0.126068,-0.637936,-0.023691,0.022667,0.018559,-0.957391,0.287304,0.137795,0.015382,0.001704,-0.022253,-0.004361,-0.442424,
1629325601.000000,625792742.000000,0.125508,-0.638336,-0.023706,0.022667,0.018669,-0.957711,0.286230,0.136475,0.011691,0.002200,-0.041355,0.031915,-0.450043,
1629325601.000000,670820713.000000,0.119206,-0.643199,-0.023773,0.022834,0.017777,-0.960444,0.276965,0.116507,-0.002639,0.029650,0.005466,-0.383212,-0.407384,
1629325601.000000,675823689.000000,0.118710,-0.643500,-0.023666,0.021937,0.017542,-0.960752,0.275982,0.112803,-0.001766,0.025477,0.003320,-0.345269,-0.424422,
1629325601.000000,680827618.000000,0.117551,-0.643724,-0.024891,0.021044,0.017439,-0.961081,0.274912,0.116871,-0.001029,-0.003484,0.022650,-0.230898,-0.427691,
1629325601.000000,685830593.000000,0.116861,-0.644131,-0.024839,0.020686,0.017288,-0.961381,0.273897,0.138773,-0.002041,0.005867,0.036457,-0.063461,-0.419163,
1629325601.000000,690833807.000000,0.116252,-0.644497,-0.024848,0.020744,0.017234,-0.961667,0.272889,0.144103,-0.001723,0.005879,0.032274,0.098758,-0.421204,
1629325601.000000,695836782.000000,0.115621,-0.644876,-0.024855,0.021158,0.017314,-0.961950,0.271856,0.149314,-0.001378,0.006177,0.019398,0.246950,-0.428749,
1629325601.000000,700839758.000000,0.115021,-0.645276,-0.024922,0.021754,0.017468,-0.962230,0.270805,0.149545,0.003912,-0.002483,0.014075,0.196926,-0.436159,
1629325601.000000,705842733.000000,0.114392,-0.645688,-0.024980,0.022097,0.017568,-0.962524,0.269724,0.152773,0.006268,-0.005783,0.004540,0.138342,-0.458505,
1629325601.000000,710845709.000000,0.113754,-0.646117,-0.025058,0.022384,0.017692,-0.962829,0.268599,0.156153,0.008657,-0.009039,-0.015707,0.090598,-0.463978,
1629325601.000000,715849876.000000,0.114518,-0.646602,-0.024665,0.023075,0.017825,-0.963124,0.267472,0.135812,0.011413,0.000657,-0.009474,0.059037,-0.441579,
1629325601.000000,765880823.000000,0.109068,-0.649351,-0.024801,0.024438,0.017434,-0.965991,0.256827,0.103544,-0.007788,0.034102,0.008774,-0.052544,-0.397973,
1629325601.000000,770884514.000000,0.108610,-0.649577,-0.024671,0.023986,0.017359,-0.966255,0.255879,0.096779,-0.005637,0.028398,-0.003210,-0.306902,-0.399928,
1629325601.000000,775887728.000000,0.108188,-0.649793,-0.024567,0.023008,0.017109,-0.966539,0.254911,0.089968,-0.003504,0.022469,0.013100,-0.460965,-0.412846,
1629325601.000000,780890703.000000,0.106908,-0.651439,-0.026929,0.021668,0.016825,-0.966839,0.253909,0.090018,0.008801,-0.033471,0.031127,-0.378273,-0.431992,
1629325601.000000,785893679.000000,0.106563,-0.651683,-0.027140,0.020963,0.016571,-0.967133,0.252864,0.083301,0.010919,-0.040947,0.038751,-0.208355,-0.434259,
1629325601.000000,790896893.000000,0.106250,-0.651921,-0.027384,0.020733,0.016450,-0.967408,0.251836,0.076729,0.013013,-0.048227,0.029067,0.037076,-0.417123,
1629325601.000000,795899630.000000,0.105208,-0.652560,-0.027438,0.021076,0.016513,-0.967664,0.250819,0.131090,0.013761,-0.036198,0.007820,0.213703,-0.423416,
1629325601.000000,800902605.000000,0.104664,-0.652941,-0.027652,0.021672,0.016684,-0.967921,0.249762,0.137541,0.015675,-0.038468,0.010828,0.289482,-0.438458,
1629325601.000000,805905819.000000,0.104093,-0.653346,-0.027886,0.022303,0.016822,-0.968182,0.248683,0.144220,0.017624,-0.041002,0.026990,0.188476,-0.441639,
1629325601.000000,810909748.000000,0.103600,-0.653715,-0.028112,0.022541,0.016847,-0.968453,0.247601,0.133918,0.019237,-0.040571,0.019544,0.030721,-0.449034,
1629325601.000000,860940933.000000,0.097886,-0.656709,-0.025800,0.024365,0.016713,-0.971139,0.236678,0.108105,-0.010151,0.041765,0.083319,0.189292,-0.403182,
1629325601.000000,865943909.000000,0.097382,-0.656913,-0.025615,0.024634,0.016635,-0.971368,0.235712,0.103617,-0.011493,0.043993,0.047227,-0.007842,-0.385168,
1629325601.000000,870947838.000000,0.096898,-0.657098,-0.025419,0.024380,0.016526,-0.971604,0.234774,0.098787,-0.012869,0.046074,0.014129,-0.177949,-0.397838,
1629325601.000000,875950813.000000,0.096456,-0.657293,-0.025332,0.023745,0.016388,-0.971857,0.233797,0.093647,-0.008803,0.030584,0.000273,-0.352099,-0.406585,
1629325601.000000,880953550.000000,0.095167,-0.657755,-0.026323,0.022693,0.016313,-0.972120,0.232812,0.096509,-0.005341,-0.005388,0.024773,-0.429010,-0.420281,
1629325601.000000,885956526.000000,0.094736,-0.657943,-0.026380,0.021801,0.016043,-0.972392,0.231779,0.092834,-0.004546,-0.009920,0.032448,-0.264971,-0.436372,
1629325601.000000,890959740.000000,0.094094,-0.658225,-0.026330,0.021483,0.015929,-0.972652,0.230723,0.115724,-0.005696,0.001337,0.020584,0.002579,-0.431062,
1629325601.000000,895962715.000000,0.093553,-0.658465,-0.026350,0.021686,0.015945,-0.972891,0.229692,0.120454,-0.005470,0.002116,0.030113,0.130176,-0.411840,
1629325601.000000,900965691.000000,0.092993,-0.658714,-0.026366,0.022097,0.015979,-0.973118,0.228687,0.124907,-0.005237,0.003037,0.033462,0.223639,-0.413865,
1629325601.000000,905969858.000000,0.092465,-0.658996,-0.026452,0.022703,0.016091,-0.973349,0.227635,0.124475,0.001399,-0.006265,0.007873,0.243472,-0.443742,
