1624924177.000000,277474973.000000,-0.224893,-2.887089,0.000000,0.000000,0.000000,-0.023496,0.999724,-0.000767,0.000000,0.000000,0.000000,0.000000,-0.000199,
1624924177.000000,310474973.000000,-0.224868,-2.887090,0.000000,0.000000,0.000000,-0.023496,0.999724,0.000767,0.000000,0.000000,0.000000,0.000000,0.000000,
1624924177.000000,343474973.000000,-0.224868,-2.887090,0.000000,0.000000,0.000000,-0.023498,0.999724,0.000000,0.000000,0.000000,0.000000,0.000000,-0.000141,
1624924187.000000,697826944.000000,-0.224868,-2.887090,0.000000,0.000000,0.000000,-0.023819,0.999716,0.000000,0.000000,0.000000,0.000000,0.000000,0.000040,
1624924187.000000,730826944.000000,-0.224868,-2.887090,0.000000,0.000000,0.000000,-0.023821,0.999716,0.000000,0.000000,0.000000,0.000000,0.000000,-0.000119,
1624924187.000000,763826944.000000,-0.224868,-2.887090,0.000000,0.000000,0.000000,-0.023823,0.999716,0.000000,0.000000,0.000000,0.000000,0.000000,-0.000069,
1624924187.000000,796826944.000000,-0.224868,-2.887090,0.000000,0.000000,0.000000,-0.023824,0.999716,0.000000,0.000000,0.000000,0.000000,0.000000,-0.000072,
1624924187.000000,829826944.000000,-0.224893,-2.887089,0.000000,0.000000,0.000000,-0.023825,0.999716,-0.000767,0.000000,0.000000,0.000000,0.000000,-0.000079,
1624924187.000000,862826944.000000,-0.224868,-2.887090,0.000000,0.000000,0.000000,-0.023829,0.999716,0.000767,0.000000,0.000000,0.000000,0.000000,-0.000267,
1624924187.000000,895826944.000000,-0.224868,-2.887090,0.000000,0.000000,0.000000,-0.023826,0.999716,0.000000,0.000000,0.000000,0.000000,0.000000,0.000224,
1624924187.000000,928826944.000000,-0.224868,-2.887090,0.000000,0.000000,0.000000,-0.023829,0.999716,0.000000,0.000000,0.000000,0.000000,0.000000,-0.000224,
1624924187.000000,961826944.000000,-0.224868,-2.887090,0.000000,0.000000,0.000000,-0.023830,0.999716,0.000000,0.000000,0.000000,0.000000,0.000000,-0.000040,
1624924187.000000,994826944.000000,-0.224868,-2.887090,0.000000,0.000000,0.000000,-0.023832,0.999716,0.000000,0.000000,0.000000,0.000000,0.000000,-0.000123,
1624924188.000000,28826944.000000,-0.224868,-2.887090,0.000000,0.000000,0.000000,-0.023832,0.999716,0.000000,0.000000,0.000000,0.000000,0.000000,-0.000007,
1624924188.000000,61826944.000000,-0.224868,-2.887090,0.000000,0.000000,0.000000,-0.023831,0.999716,0.000000,0.000000,0.000000,0.000000,0.000000,0.000061,
1624924188.000000,94826944.000000,-0.224084,-2.887128,0.000000,0.000000,0.000000,-0.024593,0.999698,0.023777,0.000000,0.000000,0.000000,0.000000,-0.046163,
1624924188.000000,127826944.000000,-0.222467,-2.887214,0.000000,0.000000,0.000000,-0.029022,0.999579,0.049087,0.000000,0.000000,0.000000,0.000000,-0.268510,
1624924188.000000,160826944.000000,-0.220471,-2.887343,0.000000,0.000000,0.000000,-0.035500,0.999370,0.060592,0.000000,0.000000,0.000000,0.000000,-0.392831,
1624924188.000000,194826944.000000,-0.218352,-2.887509,0.000000,0.000000,0.000000,-0.042369,0.999102,0.062532,0.000000,0.000000,0.000000,0.000000,-0.404372,
1624924188.000000,227826944.000000,-0.216235,-2.887705,0.000000,0.000000,0.000000,-0.050020,0.998748,0.064427,0.000000,0.000000,0.000000,0.000000,-0.464197,
1624924188.000000,260826944.000000,-0.214196,-2.887924,0.000000,0.000000,0.000000,-0.057035,0.998372,0.062126,0.000000,0.000000,0.000000,0.000000,-0.425765,
1624924188.000000,293826944.000000,-0.212111,-2.888177,0.000000,0.000000,0.000000,-0.063491,0.997982,0.063660,0.000000,0.000000,0.000000,0.000000,-0.391953,
1624924188.000000,326826944.000000,-0.209953,-2.888469,0.000000,0.000000,0.000000,-0.070767,0.997493,0.065961,0.000000,0.000000,0.000000,0.000000,-0.441992,
1624924188.000000,359826944.000000,-0.207926,-2.888772,0.000000,0.000000,0.000000,-0.077875,0.996963,0.062126,0.000000,0.000000,0.000000,0.000000,-0.431989,
1624924188.000000,392826944.000000,-0.205878,-2.889110,0.000000,0.000000,0.000000,-0.085359,0.996350,0.062893,0.000000,0.000000,0.000000,0.000000,-0.455105,
1624924188.000000,425826944.000000,-0.203761,-2.889490,0.000000,0.000000,0.000000,-0.092059,0.995754,0.065194,0.000000,0.000000,0.000000,0.000000,-0.407685,
1624924188.000000,458826944.000000,-0.201723,-2.889885,0.000000,0.000000,0.000000,-0.099170,0.995070,0.062893,0.000000,0.000000,0.000000,0.000000,-0.432946,
1624924188.000000,493826944.000000,-0.199568,-2.890337,0.000000,0.000000,0.000000,-0.106965,0.994263,0.062915,0.000000,0.000000,0.000000,0.000000,-0.447815,
1624924188.000000,526826944.000000,-0.197469,-2.890809,0.000000,0.000000,0.000000,-0.113715,0.993513,0.065194,0.000000,0.000000,0.000000,0.000000,-0.411579,
1624924188.000000,559826944.000000,-0.195426,-2.891299,0.000000,0.000000,0.000000,-0.121459,0.992597,0.063660,0.000000,0.000000,0.000000,0.000000,-0.472603,
1624924188.000000,592826944.000000,-0.193391,-2.891819,0.000000,0.000000,0.000000,-0.127900,0.991787,0.063660,0.000000,0.000000,0.000000,0.000000,-0.393448,
1624924188.000000,625826944.000000,-0.191338,-2.892374,0.000000,0.000000,0.000000,-0.135093,0.990833,0.064427,0.000000,0.000000,0.000000,0.000000,-0.439759,
1624924188.000000,658826944.000000,-0.189294,-2.892959,0.000000,0.000000,0.000000,-0.142788,0.989753,0.064427,0.000000,0.000000,0.000000,0.000000,-0.470963,
1624924188.000000,691826944.000000,-0.187332,-2.893552,0.000000,0.000000,0.000000,-0.149634,0.988741,0.062126,0.000000,0.000000,0.000000,0.000000,-0.419414,
1624924188.000000,724826944.000000,-0.185257,-2.894211,0.000000,0.000000,0.000000,-0.156859,0.987621,0.065961,0.000000,0.000000,0.000000,0.000000,-0.443108,
1624924188.000000,757826944.000000,-0.183312,-2.894861,0.000000,0.000000,0.000000,-0.164065,0.986449,0.062126,0.000000,0.000000,0.000000,0.000000,-0.442451,
1624924188.000000,790826944.000000,-0.181353,-2.895546,0.000000,0.000000,0.000000,-0.170821,0.985302,0.062893,0.000000,0.000000,0.000000,0.000000,-0.415336,
1624924188.000000,823826944.000000,-0.179333,-2.896285,0.000000,0.000000,0.000000,-0.178018,0.984027,0.065194,0.000000,0.000000,0.000000,0.000000,-0.442924,
1624924188.000000,850631015.000000,-0.177394,-2.897026,0.000000,0.000000,0.000000,-0.185218,0.982697,0.062893,0.000000,0.000000,0.000000,0.000000,-0.443758,
1624924188.000000,883631015.000000,-0.175490,-2.897786,0.000000,0.000000,0.000000,-0.192000,0.981395,0.062126,0.000000,0.000000,0.000000,0.000000,-0.418533,
1624924188.000000,916631015.000000,-0.173503,-2.898610,0.000000,0.000000,0.000000,-0.198574,0.980086,0.065194,0.000000,0.000000,0.000000,0.000000,-0.406254,
1624924188.000000,949631015.000000,-0.171574,-2.899442,0.000000,0.000000,0.000000,-0.205832,0.978587,0.063660,0.000000,0.000000,0.000000,0.000000,-0.449170,
1624924188.000000,982631015.000000,-0.169703,-2.900282,0.000000,0.000000,0.000000,-0.213086,0.977033,0.062126,0.000000,0.000000,0.000000,0.000000,-0.449618,
1624924189.000000,15631015.000000,-0.167730,-2.901201,0.000000,0.000000,0.000000,-0.219619,0.975586,0.065961,0.000000,0.000000,0.000000,0.000000,-0.405525,
1624924189.000000,48631015.000000,-0.165816,-2.902127,0.000000,0.000000,0.000000,-0.226953,0.973906,0.064427,0.000000,0.000000,0.000000,0.000000,-0.456001,
1624924189.000000,81631015.000000,-0.163962,-2.903058,0.000000,0.000000,0.000000,-0.234336,0.972156,0.062893,0.000000,0.000000,0.000000,0.000000,-0.459877,
1624924189.000000,114631015.000000,-0.162054,-2.904052,0.000000,0.000000,0.000000,-0.241458,0.970411,0.065194,0.000000,0.000000,0.000000,0.000000,-0.444398,
1624924189.000000,147631015.000000,-0.160161,-2.905075,0.000000,0.000000,0.000000,-0.248745,0.968569,0.065194,0.000000,0.000000,0.000000,0.000000,-0.455495,
1624924189.000000,181631015.000000,-0.158261,-2.906137,0.000000,0.000000,0.000000,-0.255421,0.966830,0.064021,0.000000,0.000000,0.000000,0.000000,-0.405859,
1624924189.000000,214631015.000000,-0.156354,-2.907238,0.000000,0.000000,0.000000,-0.262497,0.964933,0.066728,0.000000,0.000000,0.000000,0.000000,-0.443979,
1624924189.000000,247631015.000000,-0.154530,-2.908330,0.000000,0.000000,0.000000,-0.270261,0.962787,0.064427,0.000000,0.000000,0.000000,0.000000,-0.488151,
1624924189.000000,280631015.000000,-0.152744,-2.909436,0.000000,0.000000,0.000000,-0.277139,0.960830,0.063660,0.000000,0.000000,0.000000,0.000000,-0.433423,
1624924189.000000,313631015.000000,-0.150909,-2.910608,0.000000,0.000000,0.000000,-0.283602,0.958942,0.065961,0.000000,0.000000,0.000000,0.000000,-0.408064,
1624924189.000000,346631015.000000,-0.149092,-2.911805,0.000000,0.000000,0.000000,-0.290820,0.956778,0.065961,0.000000,0.000000,0.000000,0.000000,-0.456680,
1624924189.000000,379631015.000000,-0.147376,-2.912973,0.000000,0.000000,0.000000,-0.297666,0.954670,0.062893,0.000000,0.000000,0.000000,0.000000,-0.434139,
1624924189.000000,412631015.000000,-0.145573,-2.914237,0.000000,0.000000,0.000000,-0.304589,0.952484,0.066728,0.000000,0.000000,0.000000,0.000000,-0.440005,
1624924189.000000,445631015.000000,-0.143851,-2.915485,0.000000,0.000000,0.000000,-0.312266,0.949995,0.064427,0.000000,0.000000,0.000000,0.000000,-0.489155,
1624924189.000000,478631015.000000,-0.142169,-2.916743,0.000000,0.000000,0.000000,-0.318960,0.947768,0.063660,0.000000,0.000000,0.000000,0.000000,-0.427513,
1624924189.000000,511631015.000000,-0.140465,-2.918056,0.000000,0.000000,0.000000,-0.325842,0.945424,0.065194,0.000000,0.000000,0.000000,0.000000,-0.440655,
1624924189.000000,544631015.000000,-0.138799,-2.919378,0.000000,0.000000,0.000000,-0.332347,0.943157,0.064427,0.000000,0.000000,0.000000,0.000000,-0.417478,
1624924189.000000,577631015.000000,-0.137192,-2.920691,0.000000,0.000000,0.000000,-0.339405,0.940640,0.062893,0.000000,0.000000,0.000000,0.000000,-0.454122,
1624924189.000000,610631015.000000,-0.135545,-2.922076,0.000000,0.000000,0.000000,-0.345590,0.938386,0.065194,0.000000,0.000000,0.000000,0.000000,-0.398990,
1624924189.000000,643631015.000000,-0.133957,-2.923450,0.000000,0.000000,0.000000,-0.352470,0.935823,0.063660,0.000000,0.000000,0.000000,0.000000,-0.444976,
1624924189.000000,677631015.000000,-0.132407,-2.924831,0.000000,0.000000,0.000000,-0.359454,0.933163,0.061043,0.000000,0.000000,0.000000,0.000000,-0.439630,
1624924189.000000,709631015.000000,-0.130858,-2.926250,0.000000,0.000000,0.000000,-0.365584,0.930778,0.065650,0.000000,0.000000,0.000000,0.000000,-0.411063,
1624924189.000000,742631015.000000,-0.129330,-2.927691,0.000000,0.000000,0.000000,-0.372370,0.928085,0.063660,0.000000,0.000000,0.000000,0.000000,-0.442469,
1624924189.000000,776631015.000000,-0.127768,-2.929208,0.000000,0.000000,0.000000,-0.379568,0.925164,0.064021,0.000000,0.000000,0.000000,0.000000,-0.456943,
1624924189.000000,809631015.000000,-0.126265,-2.930711,0.000000,0.000000,0.000000,-0.385674,0.922635,0.064427,0.000000,0.000000,0.000000,0.000000,-0.400565,
1624924189.000000,843631015.000000,-0.124800,-2.932217,0.000000,0.000000,0.000000,-0.392343,0.919819,0.061788,0.000000,0.000000,0.000000,0.000000,-0.425851,
1624924189.000000,876631015.000000,-0.123391,-2.933706,0.000000,0.000000,0.000000,-0.398776,0.917049,0.062126,0.000000,0.000000,0.000000,0.000000,-0.424457,
1624924189.000000,909631015.000000,-0.121952,-2.935272,0.000000,0.000000,0.000000,-0.405202,0.914227,0.064427,0.000000,0.000000,0.000000,0.000000,-0.425353,
1624924189.000000,942631015.000000,-0.120537,-2.936858,0.000000,0.000000,0.000000,-0.412362,0.911020,0.064427,0.000000,0.000000,0.000000,0.000000,-0.475486,
1624924189.000000,975631015.000000,-0.119194,-2.938407,0.000000,0.000000,0.000000,-0.418289,0.908314,0.062126,0.000000,0.000000,0.000000,0.000000,-0.394893,
1624924190.000000,8631015.000000,-0.117839,-2.940013,0.000000,0.000000,0.000000,-0.424688,0.905340,0.063660,0.000000,0.000000,0.000000,0.000000,-0.427643,
1624924190.000000,41631015.000000,-0.116444,-2.941717,0.000000,0.000000,0.000000,-0.431412,0.902155,0.066728,0.000000,0.000000,0.000000,0.000000,-0.450929,
1624924190.000000,74631015.000000,-0.115090,-2.943421,0.000000,0.000000,0.000000,-0.438027,0.898962,0.065961,0.000000,0.000000,0.000000,0.000000,-0.445193,
1624924190.000000,107631015.000000,-0.113807,-2.945085,0.000000,0.000000,0.000000,-0.444325,0.895866,0.063660,0.000000,0.000000,0.000000,0.000000,-0.425317,
1624924190.000000,140631015.000000,-0.112518,-2.946807,0.000000,0.000000,0.000000,-0.450894,0.892578,0.065194,0.000000,0.000000,0.000000,0.000000,-0.445178,
1624924190.000000,173631015.000000,-0.111269,-2.948527,0.000000,0.000000,0.000000,-0.457254,0.889336,0.064427,0.000000,0.000000,0.000000,0.000000,-0.432643,
1624924190.000000,206631015.000000,-0.110087,-2.950203,0.000000,0.000000,0.000000,-0.463418,0.886140,0.062126,0.000000,0.000000,0.000000,0.000000,-0.420830,
1624924190.000000,239631015.000000,-0.108888,-2.951958,0.000000,0.000000,0.000000,-0.469957,0.882689,0.064427,0.000000,0.000000,0.000000,0.000000,-0.448082,
1624924190.000000,272631015.000000,-0.107727,-2.953709,0.000000,0.000000,0.000000,-0.476308,0.879278,0.063660,0.000000,0.000000,0.000000,0.000000,-0.436927,
1624924190.000000,305631015.000000,-0.106592,-2.955477,0.000000,0.000000,0.000000,-0.482407,0.875947,0.063660,0.000000,0.000000,0.000000,0.000000,-0.421184,
1624924190.000000,338631015.000000,-0.105456,-2.957304,0.000000,0.000000,0.000000,-0.489327,0.872101,0.065194,0.000000,0.000000,0.000000,0.000000,-0.479807,
1624924190.000000,372631015.000000,-0.104349,-2.959149,0.000000,0.000000,0.000000,-0.495886,0.868388,0.063277,0.000000,0.000000,0.000000,0.000000,-0.443353,
1624924190.000000,406631015.000000,-0.103293,-2.960965,0.000000,0.000000,0.000000,-0.501461,0.865180,0.061788,0.000000,0.000000,0.000000,0.000000,-0.378349,
1624924190.000000,439631015.000000,-0.102237,-2.962839,0.000000,0.000000,0.000000,-0.507737,0.861512,0.065194,0.000000,0.000000,0.000000,0.000000,-0.440612,
1624924190.000000,472631015.000000,-0.101234,-2.964685,0.000000,0.000000,0.000000,-0.514430,0.857532,0.063660,0.000000,0.000000,0.000000,0.000000,-0.471924,
1624924190.000000,505631015.000000,-0.100293,-2.966478,0.000000,0.000000,0.000000,-0.520387,0.853931,0.061359,0.000000,0.000000,0.000000,0.000000,-0.421835,
1624924190.000000,538631015.000000,-0.099321,-2.968398,0.000000,0.000000,0.000000,-0.526658,0.850077,0.065194,0.000000,0.000000,0.000000,0.000000,-0.446096,
1624924190.000000,571631015.000000,-0.098389,-2.970308,0.000000,0.000000,0.000000,-0.532891,0.846184,0.064427,0.000000,0.000000,0.000000,0.000000,-0.445438,
1624924190.000000,604631015.000000,-0.097515,-2.972163,0.000000,0.000000,0.000000,-0.538306,0.842749,0.062126,0.000000,0.000000,0.000000,0.000000,-0.388608,
1624924190.000000,637631015.000000,-0.096614,-2.974144,0.000000,0.000000,0.000000,-0.544446,0.838796,0.065961,0.000000,0.000000,0.000000,0.000000,-0.442584,
1624924190.000000,670631015.000000,-0.095764,-2.976093,0.000000,0.000000,0.000000,-0.551151,0.834405,0.064427,0.000000,0.000000,0.000000,0.000000,-0.485738,
1624924190.000000,703631015.000000,-0.094963,-2.978008,0.000000,0.000000,0.000000,-0.556975,0.830529,0.062893,0.000000,0.000000,0.000000,0.000000,-0.423980,
1624924190.000000,736631015.000000,-0.094161,-2.980004,0.000000,0.000000,0.000000,-0.563064,0.826413,0.065194,0.000000,0.000000,0.000000,0.000000,-0.445474,
1624924190.000000,770631015.000000,-0.093353,-2.982107,0.000000,0.000000,0.000000,-0.569521,0.821976,0.066254,0.000000,0.000000,0.000000,0.000000,-0.460842,
1624924190.000000,804631015.000000,-0.092619,-2.984102,0.000000,0.000000,0.000000,-0.574895,0.818227,0.062532,0.000000,0.000000,0.000000,0.000000,-0.385404,
1624924190.000000,837631015.000000,-0.091896,-2.986156,0.000000,0.000000,0.000000,-0.580893,0.813980,0.065961,0.000000,0.000000,0.000000,0.000000,-0.445416,
1624924190.000000,870631015.000000,-0.091220,-2.988172,0.000000,0.000000,0.000000,-0.587027,0.809567,0.064427,0.000000,0.000000,0.000000,0.000000,-0.458002,
1624924190.000000,903631015.000000,-0.090574,-2.990197,0.000000,0.000000,0.000000,-0.592760,0.805379,0.064427,0.000000,0.000000,0.000000,0.000000,-0.430317,
1624924190.000000,936631015.000000,-0.089927,-2.992328,0.000000,0.000000,0.000000,-0.598685,0.800984,0.067495,0.000000,0.000000,0.000000,0.000000,-0.447064,
1624924190.000000,970631015.000000,-0.089327,-2.994421,0.000000,0.000000,0.000000,-0.604878,0.796318,0.064021,0.000000,0.000000,0.000000,0.000000,-0.456095,
1624924191.000000,3631015.000000,-0.088777,-2.996448,0.000000,0.000000,0.000000,-0.610042,0.792369,0.063660,0.000000,0.000000,0.000000,0.000000,-0.394034,
1624924191.000000,36631015.000000,-0.088237,-2.998557,0.000000,0.000000,0.000000,-0.616252,0.787549,0.065961,0.000000,0.000000,0.000000,0.000000,-0.476404,
1624924191.000000,69631015.000000,-0.087736,-3.000649,0.000000,0.000000,0.000000,-0.622525,0.782600,0.065194,0.000000,0.000000,0.000000,0.000000,-0.484286,
1624924191.000000,102631015.000000,-0.087284,-3.002675,0.000000,0.000000,0.000000,-0.627991,0.778221,0.062893,0.000000,0.000000,0.000000,0.000000,-0.424457,
1624924191.000000,135631015.000000,-0.086843,-3.004781,0.000000,0.000000,0.000000,-0.633222,0.773970,0.065194,0.000000,0.000000,0.000000,0.000000,-0.408527,
1624924191.000000,168631015.000000,-0.086439,-3.006868,0.000000,0.000000,0.000000,-0.639342,0.768922,0.064427,0.000000,0.000000,0.000000,0.000000,-0.480804,
1624924191.000000,201631015.000000,-0.086078,-3.008886,0.000000,0.000000,0.000000,-0.644633,0.764492,0.062126,0.000000,0.000000,0.000000,0.000000,-0.418230,
1624924191.000000,234631015.000000,-0.085730,-3.011009,0.000000,0.000000,0.000000,-0.650131,0.759822,0.065194,0.000000,0.000000,0.000000,0.000000,-0.437159,
1624924191.000000,267631015.000000,-0.085424,-3.013062,0.000000,0.000000,0.000000,-0.655637,0.755076,0.062893,0.000000,0.000000,0.000000,0.000000,-0.440554,
1624924191.000000,300631015.000000,-0.085144,-3.015144,0.000000,0.000000,0.000000,-0.660834,0.750532,0.063660,0.000000,0.000000,0.000000,0.000000,-0.418417,
1624924191.000000,333631015.000000,-0.084886,-3.017280,0.000000,0.000000,0.000000,-0.665791,0.746138,0.065194,0.000000,0.000000,0.000000,0.000000,-0.401439,
1624924191.000000,374146944.000000,-0.084664,-3.019369,0.000000,0.000000,0.000000,-0.671626,0.740891,0.063660,0.000000,0.000000,0.000000,0.000000,-0.475602,
1624924191.000000,407146944.000000,-0.084475,-3.021436,0.000000,0.000000,0.000000,-0.676741,0.736221,0.062893,0.000000,0.000000,0.000000,0.000000,-0.419783,
1624924191.000000,440146944.000000,-0.084310,-3.023581,0.000000,0.000000,0.000000,-0.682004,0.731348,0.065194,0.000000,0.000000,0.000000,0.000000,-0.434709,
1624924191.000000,473146944.000000,-0.084176,-3.025678,0.000000,0.000000,0.000000,-0.686495,0.727135,0.063660,0.000000,0.000000,0.000000,0.000000,-0.373183,
1624924191.000000,506146944.000000,-0.084074,-3.027725,0.000000,0.000000,0.000000,-0.691953,0.721943,0.062126,0.000000,0.000000,0.000000,0.000000,-0.456572,
1624924191.000000,539146944.000000,-0.083999,-3.029875,0.000000,0.000000,0.000000,-0.697443,0.716640,0.065194,0.000000,0.000000,0.000000,0.000000,-0.462554,
1624924191.000000,572146944.000000,-0.083955,-3.031950,0.000000,0.000000,0.000000,-0.701858,0.712317,0.062893,0.000000,0.000000,0.000000,0.000000,-0.374541,
1624924191.000000,605146944.000000,-0.083940,-3.034026,0.000000,0.000000,0.000000,-0.707214,0.707000,0.062893,0.000000,0.000000,0.000000,0.000000,-0.457366,
1624924191.000000,638146944.000000,-0.083956,-3.036152,0.000000,0.000000,0.000000,-0.712204,0.701972,0.064427,0.000000,0.000000,0.000000,0.000000,-0.429334,
1624924191.000000,672146944.000000,-0.084003,-3.038303,0.000000,0.000000,0.000000,-0.717384,0.696678,0.063277,0.000000,0.000000,0.000000,0.000000,-0.435654,
1624924191.000000,705146944.000000,-0.083928,-3.036229,0.000000,0.000000,0.000000,0.722283,-0.691597,0.062893,0.000000,0.000000,0.000000,0.000000,189.971771,
1624924191.000000,738146944.000000,-0.084035,-3.038352,0.000000,0.000000,0.000000,0.727140,-0.686489,0.064427,0.000000,0.000000,0.000000,0.000000,-0.427181,
1624924191.000000,771146944.000000,-0.084174,-3.040473,0.000000,0.000000,0.000000,0.732554,-0.680709,0.064427,0.000000,0.000000,0.000000,0.000000,-0.480016,
1624924191.000000,804146944.000000,-0.084344,-3.042593,0.000000,0.000000,0.000000,0.737014,-0.675878,0.064427,0.000000,0.000000,0.000000,0.000000,-0.398448,
1624924191.000000,837146944.000000,-0.084540,-3.044684,0.000000,0.000000,0.000000,0.741739,-0.670688,0.063660,0.000000,0.000000,0.000000,0.000000,-0.425368,
1624924191.000000,871146944.000000,-0.084777,-3.046874,0.000000,0.000000,0.000000,0.746797,-0.665052,0.064766,0.000000,0.000000,0.000000,0.000000,-0.445457,
1624924191.000000,904146944.000000,-0.085035,-3.048959,0.000000,0.000000,0.000000,0.751502,-0.659731,0.063660,0.000000,0.000000,0.000000,0.000000,-0.430461,
1624924191.000000,937146944.000000,-0.085319,-3.051014,0.000000,0.000000,0.000000,0.756429,-0.654075,0.062893,0.000000,0.000000,0.000000,0.000000,-0.454635,
1624924191.000000,970146944.000000,-0.085641,-3.053116,0.000000,0.000000,0.000000,0.761232,-0.648479,0.064427,0.000000,0.000000,0.000000,0.000000,-0.446919,
1624924192.000000,3146944.000000,-0.085986,-3.055162,0.000000,0.000000,0.000000,0.765807,-0.643070,0.062893,0.000000,0.000000,0.000000,0.000000,-0.429370,
1624924192.000000,36146944.000000,-0.086359,-3.057204,0.000000,0.000000,0.000000,0.770219,-0.637780,0.062893,0.000000,0.000000,0.000000,0.000000,-0.417500,
1624924192.000000,69146944.000000,-0.086769,-3.059290,0.000000,0.000000,0.000000,0.774503,-0.632570,0.064427,0.000000,0.000000,0.000000,0.000000,-0.408765,
1624924192.000000,102146944.000000,-0.087199,-3.061321,0.000000,0.000000,0.000000,0.779349,-0.626590,0.062893,0.000000,0.000000,0.000000,0.000000,-0.466527,
1624924192.000000,135146944.000000,-0.087659,-3.063344,0.000000,0.000000,0.000000,0.783672,-0.621175,0.062893,0.000000,0.000000,0.000000,0.000000,-0.419942,
1624924192.000000,168146944.000000,-0.088152,-3.065387,0.000000,0.000000,0.000000,0.787835,-0.615887,0.063660,0.000000,0.000000,0.000000,0.000000,-0.407862,
1624924192.000000,201146944.000000,-0.088687,-3.067470,0.000000,0.000000,0.000000,0.792391,-0.610014,0.065194,0.000000,0.000000,0.000000,0.000000,-0.450481,
1624924192.000000,234146944.000000,-0.089233,-3.069473,0.000000,0.000000,0.000000,0.796961,-0.604031,0.062893,0.000000,0.000000,0.000000,0.000000,-0.456268,
1624924192.000000,267146944.000000,-0.089829,-3.071540,0.000000,0.000000,0.000000,0.801052,-0.598594,0.065194,0.000000,0.000000,0.000000,0.000000,-0.412406,
1624924192.000000,301146944.000000,-0.090477,-3.073671,0.000000,0.000000,0.000000,0.805931,-0.592009,0.065510,0.000000,0.000000,0.000000,0.000000,-0.482082,
1624924192.000000,334146944.000000,-0.091111,-3.075647,0.000000,0.000000,0.000000,0.809743,-0.586784,0.062893,0.000000,0.000000,0.000000,0.000000,-0.391982,
1624924192.000000,367146944.000000,-0.091805,-3.077710,0.000000,0.000000,0.000000,0.814370,-0.580347,0.065961,0.000000,0.000000,0.000000,0.000000,-0.480471,
1624924192.000000,400146944.000000,-0.092513,-3.079715,0.000000,0.000000,0.000000,0.818352,-0.574717,0.064427,0.000000,0.000000,0.000000,0.000000,-0.417912,
1624924192.000000,433146944.000000,-0.093250,-3.081710,0.000000,0.000000,0.000000,0.822683,-0.568501,0.064427,0.000000,0.000000,0.000000,0.000000,-0.459158,
1624924192.000000,467146944.000000,-0.094042,-3.083764,0.000000,0.000000,0.000000,0.826551,-0.562861,0.064766,0.000000,0.000000,0.000000,0.000000,-0.402296,
1624924192.000000,500146944.000000,-0.094836,-3.085737,0.000000,0.000000,0.000000,0.830758,-0.556633,0.064427,0.000000,0.000000,0.000000,0.000000,-0.455531,
1624924192.000000,533146944.000000,-0.095660,-3.087697,0.000000,0.000000,0.000000,0.834977,-0.550286,0.064427,0.000000,0.000000,0.000000,0.000000,-0.461903,
1624924192.000000,566146944.000000,-0.096532,-3.089691,0.000000,0.000000,0.000000,0.838732,-0.544544,0.065961,0.000000,0.000000,0.000000,0.000000,-0.415802,
1624924192.000000,599146944.000000,-0.097423,-3.091649,0.000000,0.000000,0.000000,0.843098,-0.537760,0.065194,0.000000,0.000000,0.000000,0.000000,-0.488903,
1624924192.000000,632146944.000000,-0.098332,-3.093571,0.000000,0.000000,0.000000,0.846602,-0.532226,0.064427,0.000000,0.000000,0.000000,0.000000,-0.397010,
1624924192.000000,665146944.000000,-0.099279,-3.095503,0.000000,0.000000,0.000000,0.850501,-0.525973,0.065194,0.000000,0.000000,0.000000,0.000000,-0.446630,
1624924192.000000,698146944.000000,-0.100254,-3.097420,0.000000,0.000000,0.000000,0.854394,-0.519626,0.065194,0.000000,0.000000,0.000000,0.000000,-0.451269,
1624924192.000000,731146944.000000,-0.101222,-3.099257,0.000000,0.000000,0.000000,0.858021,-0.513615,0.062893,0.000000,0.000000,0.000000,0.000000,-0.425462,
1624924192.000000,764146944.000000,-0.102264,-3.101167,0.000000,0.000000,0.000000,0.861777,-0.507288,0.065961,0.000000,0.000000,0.000000,0.000000,-0.445937,
1624924192.000000,797146944.000000,-0.103322,-3.103041,0.000000,0.000000,0.000000,0.865496,-0.500917,0.065194,0.000000,0.000000,0.000000,0.000000,-0.447093,
1624924192.000000,830146944.000000,-0.104356,-3.104811,0.000000,0.000000,0.000000,0.868911,-0.494969,0.062126,0.000000,0.000000,0.000000,0.000000,-0.415665,
1624924192.000000,863146944.000000,-0.105440,-3.106611,0.000000,0.000000,0.000000,0.872419,-0.488759,0.063660,0.000000,0.000000,0.000000,0.000000,-0.432253,
1624924192.000000,896146944.000000,-0.106564,-3.108415,0.000000,0.000000,0.000000,0.876210,-0.481929,0.064427,0.000000,0.000000,0.000000,0.000000,-0.473442,
1624924192.000000,929146944.000000,-0.107687,-3.110161,0.000000,0.000000,0.000000,0.879255,-0.476352,0.062893,0.000000,0.000000,0.000000,0.000000,-0.385089,
1624924192.000000,963146944.000000,-0.108875,-3.111954,0.000000,0.000000,0.000000,0.882642,-0.470045,0.063277,0.000000,0.000000,0.000000,0.000000,-0.421124,
1624924192.000000,995146944.000000,-0.110047,-3.113667,0.000000,0.000000,0.000000,0.886298,-0.463116,0.064859,0.000000,0.000000,0.000000,0.000000,-0.489637,
1624924193.000000,28146944.000000,-0.111258,-3.115384,0.000000,0.000000,0.000000,0.889438,-0.457056,0.063660,0.000000,0.000000,0.000000,0.000000,-0.413678,
1624924193.000000,61146944.000000,-0.112523,-3.117124,0.000000,0.000000,0.000000,0.892702,-0.450648,0.065194,0.000000,0.000000,0.000000,0.000000,-0.435836,
1624924193.000000,94146944.000000,-0.113766,-3.118786,0.000000,0.000000,0.000000,0.895508,-0.445046,0.062893,0.000000,0.000000,0.000000,0.000000,-0.379714,
1624924193.000000,127146944.000000,-0.115032,-3.120431,0.000000,0.000000,0.000000,0.898797,-0.438364,0.062893,0.000000,0.000000,0.000000,0.000000,-0.451362,
1624924193.000000,163146944.000000,-0.116448,-3.122215,0.000000,0.000000,0.000000,0.902087,-0.431555,0.063277,0.000000,0.000000,0.000000,0.000000,-0.420140,
1624924193.000000,196146944.000000,-0.117778,-3.123841,0.000000,0.000000,0.000000,0.905233,-0.424915,0.063660,0.000000,0.000000,0.000000,0.000000,-0.445315,
1624924193.000000,229146944.000000,-0.119131,-3.125448,0.000000,0.000000,0.000000,0.908124,-0.418701,0.063660,0.000000,0.000000,0.000000,0.000000,-0.415390,
1624924193.000000,262146944.000000,-0.120507,-3.127036,0.000000,0.000000,0.000000,0.911086,-0.412216,0.063660,0.000000,0.000000,0.000000,0.000000,-0.432043,
1624924193.000000,295146944.000000,-0.121906,-3.128603,0.000000,0.000000,0.000000,0.914302,-0.405033,0.063660,0.000000,0.000000,0.000000,0.000000,-0.476996,
1624924193.000000,328146944.000000,-0.123311,-3.130131,0.000000,0.000000,0.000000,0.917066,-0.398734,0.062893,0.000000,0.000000,0.000000,0.000000,-0.416886,
1624924193.000000,361146944.000000,-0.124772,-3.131675,0.000000,0.000000,0.000000,0.919882,-0.392194,0.064427,0.000000,0.000000,0.000000,0.000000,-0.431559,
1624924193.000000,396146944.000000,-0.126326,-3.133271,0.000000,0.000000,0.000000,0.922681,-0.385565,0.063638,0.000000,0.000000,0.000000,0.000000,-0.411156,
1624924193.000000,428146944.000000,-0.127830,-3.134773,0.000000,0.000000,0.000000,0.925348,-0.379119,0.066441,0.000000,0.000000,0.000000,0.000000,-0.436023,
1624924193.000000,462146944.000000,-0.129338,-3.136236,0.000000,0.000000,0.000000,0.928023,-0.372524,0.061788,0.000000,0.000000,0.000000,0.000000,-0.418656,
1624924193.000000,495146944.000000,-0.130884,-3.137695,0.000000,0.000000,0.000000,0.930748,-0.365661,0.064427,0.000000,0.000000,0.000000,0.000000,-0.447512,
1624924193.000000,528146944.000000,-0.132433,-3.139114,0.000000,0.000000,0.000000,0.933291,-0.359122,0.063660,0.000000,0.000000,0.000000,0.000000,-0.425238,
1624924193.000000,561146944.000000,-0.134002,-3.140512,0.000000,0.000000,0.000000,0.935785,-0.352571,0.063660,0.000000,0.000000,0.000000,0.000000,-0.424804,
1624924193.000000,594146944.000000,-0.135611,-3.141902,0.000000,0.000000,0.000000,0.938561,-0.345113,0.064427,0.000000,0.000000,0.000000,0.000000,-0.482321,
1624924193.000000,627146944.000000,-0.137181,-3.143220,0.000000,0.000000,0.000000,0.940778,-0.339024,0.062126,0.000000,0.000000,0.000000,0.000000,-0.392733,
1624924193.000000,660146944.000000,-0.138789,-3.144532,0.000000,0.000000,0.000000,0.943274,-0.332015,0.062893,0.000000,0.000000,0.000000,0.000000,-0.450929,
1624924193.000000,693146944.000000,-0.140456,-3.145852,0.000000,0.000000,0.000000,0.945488,-0.325657,0.064427,0.000000,0.000000,0.000000,0.000000,-0.407999,
1624924193.000000,726146944.000000,-0.142101,-3.147118,0.000000,0.000000,0.000000,0.947941,-0.318445,0.062893,0.000000,0.000000,0.000000,0.000000,-0.461665,
1624924193.000000,759146944.000000,-0.143784,-3.148374,0.000000,0.000000,0.000000,0.950150,-0.311792,0.063660,0.000000,0.000000,0.000000,0.000000,-0.424862,
1624924193.000000,792146944.000000,-0.145486,-3.149606,0.000000,0.000000,0.000000,0.952420,-0.304788,0.063660,0.000000,0.000000,0.000000,0.000000,-0.446247,
1624924193.000000,825146944.000000,-0.147226,-3.150828,0.000000,0.000000,0.000000,0.954605,-0.297875,0.064427,0.000000,0.000000,0.000000,0.000000,-0.439420,
1624924193.000000,852374042.000000,-0.148961,-3.152013,0.000000,0.000000,0.000000,0.956361,-0.292189,0.063660,0.000000,0.000000,0.000000,0.000000,-0.360655,
1624924193.000000,885374042.000000,-0.150754,-3.153201,0.000000,0.000000,0.000000,0.958649,-0.284592,0.065194,0.000000,0.000000,0.000000,0.000000,-0.480847,
1624924193.000000,919374042.000000,-0.152609,-3.154387,0.000000,0.000000,0.000000,0.960948,-0.276729,0.064766,0.000000,0.000000,0.000000,0.000000,-0.481907,
1624924193.000000,952374042.000000,-0.154395,-3.155494,0.000000,0.000000,0.000000,0.962582,-0.270992,0.063660,0.000000,0.000000,0.000000,0.000000,-0.361515,
1624924193.000000,985374042.000000,-0.156240,-3.156601,0.000000,0.000000,0.000000,0.964852,-0.262794,0.065194,0.000000,0.000000,0.000000,0.000000,-0.515533,
1624924194.000000,18374042.000000,-0.158124,-3.157691,0.000000,0.000000,0.000000,0.966756,-0.255702,0.065961,0.000000,0.000000,0.000000,0.000000,-0.445048,
1624924194.000000,51374042.000000,-0.159957,-3.158716,0.000000,0.000000,0.000000,0.968546,-0.248836,0.063660,0.000000,0.000000,0.000000,0.000000,-0.430013,
1624924194.000000,84374042.000000,-0.161849,-3.159740,0.000000,0.000000,0.000000,0.970223,-0.242214,0.065194,0.000000,0.000000,0.000000,0.000000,-0.414003,
1624924194.000000,117374042.000000,-0.163734,-3.160725,0.000000,0.000000,0.000000,0.972115,-0.234505,0.064427,0.000000,0.000000,0.000000,0.000000,-0.481114,
1624924194.000000,150374042.000000,-0.165655,-3.161693,0.000000,0.000000,0.000000,0.973642,-0.228082,0.065194,0.000000,0.000000,0.000000,0.000000,-0.400095,
1624924194.000000,183374042.000000,-0.167612,-3.162647,0.000000,0.000000,0.000000,0.975180,-0.221411,0.065961,0.000000,0.000000,0.000000,0.000000,-0.414892,
1624924194.000000,216374042.000000,-0.169537,-3.163549,0.000000,0.000000,0.000000,0.976915,-0.213631,0.064427,0.000000,0.000000,0.000000,0.000000,-0.483137,
1624924194.000000,249374042.000000,-0.171476,-3.164422,0.000000,0.000000,0.000000,0.978534,-0.206087,0.064427,0.000000,0.000000,0.000000,0.000000,-0.467604,
1624924194.000000,282374042.000000,-0.173473,-3.165287,0.000000,0.000000,0.000000,0.979811,-0.199928,0.065961,0.000000,0.000000,0.000000,0.000000,-0.381224,
1624924194.000000,316374042.000000,-0.175506,-3.166133,0.000000,0.000000,0.000000,0.981499,-0.191469,0.064766,0.000000,0.000000,0.000000,0.000000,-0.507386,
1624924194.000000,349374042.000000,-0.177435,-3.166899,0.000000,0.000000,0.000000,0.982838,-0.184471,0.062893,0.000000,0.000000,0.000000,0.000000,-0.431819,
1624924194.000000,382374042.000000,-0.179470,-3.167673,0.000000,0.000000,0.000000,0.984167,-0.177244,0.065961,0.000000,0.000000,0.000000,0.000000,-0.445344,
1624924194.000000,415374042.000000,-0.181444,-3.168392,0.000000,0.000000,0.000000,0.985416,-0.170165,0.063660,0.000000,0.000000,0.000000,0.000000,-0.435677,
1624924194.000000,449374042.000000,-0.183451,-3.169092,0.000000,0.000000,0.000000,0.986496,-0.163784,0.062532,0.000000,0.000000,0.000000,0.000000,-0.380691,
1624924194.000000,482374042.000000,-0.185444,-3.169757,0.000000,0.000000,0.000000,0.987655,-0.156646,0.063660,0.000000,0.000000,0.000000,0.000000,-0.438235,
1624924194.000000,515374042.000000,-0.187446,-3.170392,0.000000,0.000000,0.000000,0.988758,-0.149525,0.063660,0.000000,0.000000,0.000000,0.000000,-0.436714,
1624924194.000000,548374042.000000,-0.189434,-3.170991,0.000000,0.000000,0.000000,0.989847,-0.142133,0.062893,0.000000,0.000000,0.000000,0.000000,-0.452833,
1624924194.000000,581374042.000000,-0.191502,-3.171582,0.000000,0.000000,0.000000,0.990786,-0.135433,0.065194,0.000000,0.000000,0.000000,0.000000,-0.410058,
1624924194.000000,614374042.000000,-0.193505,-3.172126,0.000000,0.000000,0.000000,0.991672,-0.128786,0.062893,0.000000,0.000000,0.000000,0.000000,-0.406431,
1624924194.000000,647374042.000000,-0.195540,-3.172648,0.000000,0.000000,0.000000,0.992595,-0.121475,0.063660,0.000000,0.000000,0.000000,0.000000,-0.446612,
1624924194.000000,680374042.000000,-0.197632,-3.173151,0.000000,0.000000,0.000000,0.993446,-0.114306,0.065194,0.000000,0.000000,0.000000,0.000000,-0.437487,
1624924194.000000,715374042.000000,-0.199780,-3.173635,0.000000,0.000000,0.000000,0.994293,-0.106686,0.062915,0.000000,0.000000,0.000000,0.000000,-0.438118,
1624924194.000000,748374042.000000,-0.201786,-3.174057,0.000000,0.000000,0.000000,0.995002,-0.099857,0.062126,0.000000,0.000000,0.000000,0.000000,-0.416134,
1624924194.000000,781374042.000000,-0.203923,-3.174473,0.000000,0.000000,0.000000,0.995749,-0.092112,0.065961,0.000000,0.000000,0.000000,0.000000,-0.471552,
1624924194.000000,814374042.000000,-0.205941,-3.174834,0.000000,0.000000,0.000000,0.996393,-0.084860,0.062126,0.000000,0.000000,0.000000,0.000000,-0.441241,
1624924194.000000,847374042.000000,-0.208014,-3.175176,0.000000,0.000000,0.000000,0.996907,-0.078594,0.063660,0.000000,0.000000,0.000000,0.000000,-0.381072,
1624924194.000000,880374042.000000,-0.210116,-3.175494,0.000000,0.000000,0.000000,0.997450,-0.071367,0.064427,0.000000,0.000000,0.000000,0.000000,-0.439200,
1624924194.000000,913374042.000000,-0.212197,-3.175778,0.000000,0.000000,0.000000,0.997944,-0.064099,0.063660,0.000000,0.000000,0.000000,0.000000,-0.441544,
1624924194.000000,946374042.000000,-0.214233,-3.176027,0.000000,0.000000,0.000000,0.998358,-0.057281,0.062126,0.000000,0.000000,0.000000,0.000000,-0.413956,
1624924194.000000,979374042.000000,-0.216397,-3.176260,0.000000,0.000000,0.000000,0.998745,-0.050076,0.065961,0.000000,0.000000,0.000000,0.000000,-0.437274,
1624924195.000000,12374042.000000,-0.218488,-3.176456,0.000000,0.000000,0.000000,0.999063,-0.043268,0.063660,0.000000,0.000000,0.000000,0.000000,-0.413067,
1624924195.000000,45374042.000000,-0.220608,-3.176623,0.000000,0.000000,0.000000,0.999370,-0.035494,0.064427,0.000000,0.000000,0.000000,0.000000,-0.471512,
1624924195.000000,79374042.000000,-0.222780,-3.176762,0.000000,0.000000,0.000000,0.999600,-0.028269,0.064021,0.000000,0.000000,0.000000,0.000000,-0.425220,
1624924195.000000,112374042.000000,-0.224904,-3.176867,0.000000,0.000000,0.000000,0.999782,-0.020860,0.064427,0.000000,0.000000,0.000000,0.000000,-0.449159,
1624924195.000000,145374042.000000,-0.226978,-3.176939,0.000000,0.000000,0.000000,0.999903,-0.013940,0.062893,0.000000,0.000000,0.000000,0.000000,-0.419487,
1624924195.000000,178374042.000000,-0.229104,-3.176983,0.000000,0.000000,0.000000,0.999977,-0.006778,0.064427,0.000000,0.000000,0.000000,0.000000,-0.434081,
1624924195.000000,211374042.000000,-0.231230,-3.176996,0.000000,0.000000,0.000000,1.000000,0.000667,0.064427,0.000000,0.000000,0.000000,0.000000,-0.451225,
1624924195.000000,244374042.000000,-0.233330,-3.176978,0.000000,0.000000,0.000000,0.999971,0.007598,0.063660,0.000000,0.000000,0.000000,0.000000,-0.420025,
1624924195.000000,277374042.000000,-0.235431,-3.176930,0.000000,0.000000,0.000000,0.999885,0.015189,0.063660,0.000000,0.000000,0.000000,0.000000,-0.460141,
1624924195.000000,310374042.000000,-0.237530,-3.176851,0.000000,0.000000,0.000000,0.999746,0.022549,0.063660,0.000000,0.000000,0.000000,0.000000,-0.446125,
1624924195.000000,343374042.000000,-0.239603,-3.176743,0.000000,0.000000,0.000000,0.999565,0.029489,0.062893,0.000000,0.000000,0.000000,0.000000,-0.420711,
1624924195.000000,376374042.000000,-0.241673,-3.176606,0.000000,0.000000,0.000000,0.999331,0.036571,0.062893,0.000000,0.000000,0.000000,0.000000,-0.429479,
1624924195.000000,409374042.000000,-0.243818,-3.176433,0.000000,0.000000,0.000000,0.999032,0.043981,0.065194,0.000000,0.000000,0.000000,0.000000,-0.449423,
1624924195.000000,445374042.000000,-0.246010,-3.176225,0.000000,0.000000,0.000000,0.998719,0.050603,0.061167,0.000000,0.000000,0.000000,0.000000,-0.368327,
1624924195.000000,478374042.000000,-0.248149,-3.175991,0.000000,0.000000,0.000000,0.998302,0.058251,0.065194,0.000000,0.000000,0.000000,0.000000,-0.464183,
