1624924252.000000,207041740.000000,-0.000273,0.000260,0.000328,0.001801,0.034722,-0.000053,0.999395,0.000162,-0.000460,0.007246,0.002481,0.000121,-0.002776,
1624924252.000000,212044716.000000,-0.000271,0.000258,0.000362,0.001809,0.034737,-0.000063,0.999395,0.000139,-0.000412,0.007633,0.000446,0.000465,-0.003879,
1624924252.000000,217047691.000000,-0.000270,0.000253,0.000407,0.001802,0.034720,-0.000068,0.999395,-0.000262,-0.000654,0.008937,-0.003889,-0.008257,0.000384,
1624924252.000000,222050667.000000,-0.000264,0.000250,0.000454,0.001795,0.034720,-0.000069,0.999395,-0.000171,-0.000702,0.009805,-0.000677,0.011902,-0.003822,
1624924252.000000,227053642.000000,-0.000257,0.000246,0.000508,0.001790,0.034742,-0.000082,0.999395,-0.000042,-0.000749,0.010823,-0.005950,-0.007968,-0.003915,
1624924252.000000,232056856.000000,-0.000224,0.000206,0.000599,0.001805,0.034771,-0.000081,0.999394,0.000976,-0.001007,0.011221,0.006693,0.005364,-0.002764,
1624924252.000000,237059832.000000,-0.000215,0.000201,0.000654,0.001827,0.034802,-0.000086,0.999393,0.001060,-0.000959,0.011495,0.001601,0.001617,0.000386,
1624924252.000000,242062569.000000,-0.000206,0.000196,0.000710,0.001815,0.034781,-0.000086,0.999393,0.001100,-0.000914,0.011814,-0.005022,-0.007259,-0.003805,
1624924252.000000,247066736.000000,-0.000206,0.000191,0.000764,0.001815,0.034779,-0.000098,0.999393,0.000254,-0.000869,0.011670,0.005726,0.002478,-0.000720,
1624924252.000000,252069712.000000,-0.000199,0.000186,0.000820,0.001824,0.034776,-0.000095,0.999393,0.000304,-0.000821,0.011656,-0.004842,-0.008111,-0.001657,
1624924252.000000,297097683.000000,-0.000250,0.000226,0.000504,0.001819,0.034782,-0.000090,0.999393,0.000914,-0.000345,0.008021,0.002611,-0.003746,-0.000650,
1624924252.000000,302100420.000000,-0.000242,0.000224,0.000545,0.001814,0.034757,-0.000091,0.999394,0.001126,-0.000295,0.008628,-0.003882,-0.007192,-0.002713,
1624924252.000000,307103634.000000,-0.000243,0.000220,0.000598,0.001805,0.034764,-0.000102,0.999394,0.000076,-0.000548,0.010182,-0.002796,0.013060,-0.003846,
1624924252.000000,312107563.000000,-0.000240,0.000217,0.000650,0.001792,0.034712,-0.000105,0.999396,-0.000156,-0.000598,0.010933,-0.010202,-0.091293,0.001509,
1624924252.000000,317110777.000000,-0.000241,0.000214,0.000706,0.001747,0.033996,-0.000110,0.999420,-0.000630,-0.000650,0.011832,-0.026214,-0.555692,-0.011196,
1624924252.000000,322113752.000000,0.000017,0.000132,0.000866,0.001708,0.032281,-0.000244,0.999477,0.033582,-0.011726,0.028208,0.016149,-0.651234,-0.117486,
1624924252.000000,327116728.000000,0.000230,0.000062,0.001011,0.001787,0.030933,-0.000682,0.999520,0.046366,-0.016144,0.034514,0.041126,-0.472445,-0.207572,
1624924252.000000,332119703.000000,0.000830,-0.000069,0.000917,0.001859,0.030048,-0.001250,0.999546,0.078486,-0.023176,0.043697,0.035513,-0.161454,-0.270014,
1624924252.000000,337122679.000000,0.001279,-0.000198,0.001130,0.001899,0.030134,-0.001974,0.999542,0.093909,-0.027453,0.051478,0.004807,0.200962,-0.291646,
1624924252.000000,342125654.000000,0.002037,-0.000331,0.001082,0.001936,0.030774,-0.002723,0.999521,0.134003,-0.029877,0.030777,0.080818,0.242831,-0.322098,
1624924252.000000,397160530.000000,0.008003,-0.001573,-0.000145,0.002321,0.033607,-0.013348,0.999343,0.139226,-0.024531,-0.003983,0.023106,0.163252,-0.447393,
1624924252.000000,402163506.000000,0.008594,-0.001679,-0.000219,0.002315,0.034034,-0.014490,0.999313,0.130013,-0.021577,-0.005593,0.006788,0.185354,-0.473907,
1624924252.000000,407166719.000000,0.009226,-0.001805,-0.000300,0.002269,0.034394,-0.015687,0.999283,0.128253,-0.021413,-0.006815,-0.024890,0.051681,-0.471015,
1624924252.000000,412169695.000000,0.009852,-0.001932,-0.000391,0.002138,0.034337,-0.016826,0.999266,0.126784,-0.021259,-0.008438,-0.032710,-0.052444,-0.448376,
1624924252.000000,417172432.000000,0.010469,-0.002045,-0.000452,0.002015,0.034175,-0.017922,0.999253,0.124471,-0.019095,-0.005015,-0.046156,-0.098111,-0.427190,
1624924252.000000,422176600.000000,0.011080,-0.002161,-0.000519,0.001873,0.033898,-0.018971,0.999243,0.122983,-0.018166,-0.003555,-0.009413,-0.098768,-0.420656,
1624924252.000000,427179575.000000,0.011685,-0.002273,-0.000574,0.001896,0.033679,-0.020034,0.999230,0.121455,-0.017243,-0.002029,0.047560,-0.097036,-0.426102,
1624924252.000000,432182789.000000,0.013282,-0.002832,-0.000098,0.002235,0.033584,-0.021133,0.999210,0.142086,-0.032712,0.032620,0.116545,0.072533,-0.458164,
1624924252.000000,437185764.000000,0.013988,-0.003035,0.000011,0.002513,0.034037,-0.022315,0.999168,0.143675,-0.036172,0.040727,0.097981,0.255029,-0.469087,
1624924252.000000,442188740.000000,0.014720,-0.003259,0.000178,0.002638,0.034706,-0.023456,0.999119,0.146053,-0.039627,0.049966,0.033452,0.258995,-0.437015,
1624924252.000000,482213736.000000,0.020596,-0.004508,0.000792,0.002874,0.033231,-0.032238,0.998924,0.140717,-0.026031,0.018679,0.031555,0.056542,-0.425516,
1624924252.000000,487216711.000000,0.021310,-0.004683,0.000831,0.002906,0.033516,-0.033293,0.998879,0.147191,-0.024768,0.016162,0.001975,0.202142,-0.425343,
1624924252.000000,492219925.000000,0.022057,-0.004854,0.000852,0.002874,0.034076,-0.034363,0.998824,0.153697,-0.023473,0.013361,0.005763,0.166594,-0.427655,
1624924252.000000,497222900.000000,0.022982,-0.004522,0.000661,0.002965,0.034533,-0.035518,0.998768,0.156695,-0.012263,0.014945,0.011531,0.098134,-0.433050,
1624924252.000000,502226591.000000,0.023768,-0.004636,0.000680,0.002923,0.034789,-0.036627,0.998719,0.158738,-0.010308,0.014658,-0.028959,0.098650,-0.459649,
1624924252.000000,507229567.000000,0.024565,-0.004743,0.000695,0.002803,0.035045,-0.037799,0.998667,0.160787,-0.008325,0.014313,-0.022923,0.106980,-0.475777,
1624924252.000000,512232542.000000,0.025292,-0.004885,0.000694,0.002757,0.035266,-0.038971,0.998614,0.154378,-0.011900,0.011725,0.005131,0.041747,-0.458711,
1624924252.000000,517235518.000000,0.026062,-0.005006,0.000687,0.002698,0.035286,-0.040105,0.998569,0.154102,-0.011728,0.009933,-0.035248,-0.004499,-0.457467,
1624924252.000000,522238731.000000,0.026829,-0.005126,0.000665,0.002541,0.035272,-0.041246,0.998523,0.153860,-0.011553,0.007598,-0.034695,-0.024122,-0.452356,
1624924252.000000,527195930.000000,0.027595,-0.005319,0.000848,0.002509,0.035224,-0.042374,0.998478,0.152438,-0.021368,0.034530,0.047547,0.008229,-0.459583,
1624924252.000000,617253065.000000,0.039996,-0.008788,0.000065,0.003197,0.035799,-0.062701,0.997385,0.155208,-0.015965,0.006433,-0.033308,0.015526,-0.451774,
1624924252.000000,622256041.000000,0.040755,-0.008987,0.000130,0.003085,0.035734,-0.063808,0.997317,0.154127,-0.019190,0.018960,-0.018359,-0.013656,-0.449349,
1624924252.000000,627259016.000000,0.041511,-0.009186,0.000182,0.003073,0.035786,-0.064948,0.997242,0.153432,-0.020602,0.024248,0.053889,0.028856,-0.458118,
1624924252.000000,632262230.000000,0.041856,-0.009531,-0.000548,0.003210,0.035237,-0.066166,0.997181,0.142346,-0.026825,0.027753,0.117187,0.052838,-0.461359,
1624924252.000000,637266159.000000,0.042503,-0.009774,-0.000397,0.003466,0.035422,-0.067328,0.997096,0.135446,-0.030218,0.038738,0.096934,0.113222,-0.459294,
1624924252.000000,642268896.000000,0.043157,-0.010022,-0.000231,0.003628,0.035713,-0.068458,0.997008,0.132026,-0.032337,0.046385,0.051978,0.101999,-0.440120,
1624924252.000000,647272110.000000,0.043794,-0.010280,-0.000034,0.003713,0.035862,-0.069534,0.996928,0.128614,-0.034487,0.053426,0.047625,0.018005,-0.421938,
1624924252.000000,652275085.000000,0.044370,-0.010486,-0.000013,0.003777,0.035655,-0.070570,0.996862,0.119789,-0.028808,0.029968,0.036160,-0.225009,-0.403886,
1624924252.000000,657278061.000000,0.044936,-0.010711,0.000082,0.003762,0.034920,-0.071588,0.996816,0.114597,-0.027880,0.025234,0.030606,-0.275607,-0.418626,
1624924252.000000,662281275.000000,0.044809,-0.010671,-0.000464,0.003709,0.034416,-0.072708,0.996752,0.099717,-0.023055,-0.001238,0.040372,-0.247250,-0.435005,
1624924252.000000,707310200.000000,0.051396,-0.012261,-0.000467,0.003671,0.035415,-0.082637,0.995943,0.148554,-0.009969,-0.002611,-0.016061,-0.028080,-0.456274,
1624924252.000000,712313175.000000,0.052118,-0.012431,-0.000537,0.003593,0.035392,-0.083796,0.995848,0.148671,-0.008893,-0.004147,-0.009683,0.011445,-0.473383,
1624924252.000000,717316151.000000,0.052843,-0.012625,-0.000565,0.003522,0.035495,-0.084976,0.995744,0.149244,-0.011804,0.001624,-0.028703,0.064535,-0.470234,
1624924252.000000,722319126.000000,0.053568,-0.012811,-0.000602,0.003436,0.035703,-0.086118,0.995639,0.149484,-0.012326,0.003778,-0.000361,0.087911,-0.446764,
1624924252.000000,727321863.000000,0.054549,-0.013424,-0.001209,0.003575,0.035531,-0.087259,0.995545,0.151715,-0.020448,0.005284,0.051180,0.088008,-0.431888,
1624924252.000000,732325077.000000,0.055179,-0.013713,-0.000956,0.003744,0.035761,-0.088351,0.995440,0.139969,-0.028753,0.036477,0.104245,0.120551,-0.446765,
1624924252.000000,737328053.000000,0.055842,-0.013987,-0.000805,0.004004,0.035991,-0.089484,0.995330,0.135982,-0.031775,0.046629,0.099293,0.038747,-0.446974,
1624924252.000000,742331982.000000,0.056487,-0.014274,-0.000598,0.004153,0.035961,-0.090586,0.995231,0.132168,-0.034821,0.057160,0.058452,-0.010122,-0.436149,
1624924252.000000,747335196.000000,0.057069,-0.014504,-0.000568,0.004240,0.035902,-0.091670,0.995133,0.122685,-0.029105,0.034044,0.053104,-0.067294,-0.429823,
1624924252.000000,752338171.000000,0.057641,-0.014758,-0.000449,0.004293,0.035570,-0.092724,0.995047,0.116617,-0.028706,0.030934,0.035227,-0.185469,-0.408551,
1624924252.000000,797366142.000000,0.063306,-0.016635,-0.000645,0.004360,0.035460,-0.102399,0.994102,0.147086,-0.011617,0.004948,-0.007484,0.128189,-0.430964,
1624924252.000000,802369118.000000,0.064017,-0.016839,-0.000681,0.004322,0.035724,-0.103479,0.993981,0.148294,-0.009884,0.002073,-0.019029,0.089828,-0.439574,
1624924252.000000,807373285.000000,0.064735,-0.017038,-0.000734,0.004250,0.035896,-0.104577,0.993860,0.149532,-0.008140,-0.000962,-0.011778,0.026636,-0.443846,
1624924252.000000,812376261.000000,0.065352,-0.017272,-0.000702,0.004188,0.035855,-0.105680,0.993745,0.140323,-0.012805,0.005485,-0.011520,-0.059431,-0.443835,
1624924252.000000,817379236.000000,0.066021,-0.017482,-0.000723,0.004078,0.035725,-0.106784,0.993632,0.138514,-0.012973,0.005413,-0.031896,-0.023795,-0.445950,
1624924252.000000,822382212.000000,0.066679,-0.017693,-0.000753,0.003975,0.035769,-0.107898,0.993510,0.136631,-0.013145,0.004816,-0.009680,0.031976,-0.453405,
1624924252.000000,827385187.000000,0.067359,-0.017951,-0.000644,0.004006,0.035906,-0.109029,0.993382,0.139378,-0.018946,0.023622,0.058588,0.096105,-0.452399,
1624924252.000000,832388163.000000,0.067403,-0.018342,-0.001408,0.004213,0.035592,-0.110161,0.993267,0.133274,-0.028733,0.038516,0.083378,0.091458,-0.450302,
1624924252.000000,837391138.000000,0.068035,-0.018639,-0.001243,0.004409,0.035792,-0.111281,0.993134,0.133495,-0.031181,0.047396,0.093716,0.108765,-0.442913,
1624924252.000000,842393875.000000,0.068518,-0.018855,-0.001187,0.004617,0.036006,-0.112366,0.993004,0.116965,-0.027263,0.038604,0.068470,0.033483,-0.423712,
1624924252.000000,887423038.000000,0.074551,-0.021351,-0.001768,0.004739,0.034088,-0.121767,0.991962,0.145710,-0.017834,-0.001969,0.007728,0.092155,-0.430094,
1624924252.000000,892426252.000000,0.075247,-0.021613,-0.001839,0.004745,0.034389,-0.122853,0.991818,0.150570,-0.016249,-0.005074,0.007450,0.136834,-0.440922,
1624924252.000000,897429228.000000,0.075757,-0.021790,-0.000916,0.004853,0.034921,-0.124032,0.991652,0.155038,-0.013845,0.008160,0.010829,0.157641,-0.443039,
1624924252.000000,902431965.000000,0.076401,-0.022038,-0.000883,0.004869,0.035260,-0.125134,0.991501,0.147396,-0.014039,0.010804,-0.001985,0.075588,-0.446246,
1624924252.000000,907435179.000000,0.077102,-0.022288,-0.000879,0.004820,0.035380,-0.126244,0.991356,0.148022,-0.013028,0.010069,-0.015866,0.053318,-0.449439,
1624924252.000000,912438154.000000,0.077805,-0.022536,-0.000883,0.004749,0.035535,-0.127363,0.991208,0.148573,-0.012012,0.009202,-0.022264,0.026863,-0.456880,
1624924252.000000,917442322.000000,0.078508,-0.022780,-0.000890,0.004655,0.035556,-0.128488,0.991062,0.148882,-0.010999,0.008398,-0.021193,0.005875,-0.446330,
1624924252.000000,922445297.000000,0.079188,-0.023060,-0.000829,0.004573,0.035589,-0.129580,0.990920,0.147142,-0.015052,0.016040,-0.014797,-0.007247,-0.442955,
1624924252.000000,927448273.000000,0.079276,-0.023317,-0.001660,0.004518,0.035343,-0.130685,0.990784,0.133180,-0.019867,0.010201,0.024501,0.114881,-0.456960,
1624924252.000000,932451248.000000,0.079897,-0.023589,-0.001649,0.004667,0.035724,-0.131822,0.990619,0.132494,-0.020595,0.012676,0.086393,0.146932,-0.451733,
1624924252.000000,982482195.000000,0.085377,-0.026463,-0.001468,0.005209,0.033896,-0.142402,0.989215,0.123555,-0.018726,0.004521,0.024736,0.034053,-0.431595,
1624924252.000000,987486124.000000,0.085955,-0.026727,-0.001493,0.005236,0.034028,-0.143460,0.989057,0.128154,-0.017178,0.002577,0.010819,0.078362,-0.428177,
1624924252.000000,992489100.000000,0.086556,-0.026991,-0.001531,0.005258,0.034266,-0.144525,0.988894,0.132734,-0.015609,0.000518,0.013943,0.102927,-0.431482,
1624924252.000000,997492075.000000,0.088553,-0.027681,-0.001329,0.005379,0.034937,-0.145659,0.988703,0.158237,-0.014631,0.006839,-0.000749,0.153236,-0.443114,
1624924253.000000,2495050.000000,0.089294,-0.027977,-0.001343,0.005386,0.035349,-0.146768,0.988524,0.160669,-0.013464,0.005505,0.003213,0.134996,-0.451760,
1624924253.000000,7498264.000000,0.090051,-0.028275,-0.001364,0.005390,0.035581,-0.147881,0.988350,0.163323,-0.012287,0.004259,-0.008138,0.060179,-0.448506,
1624924253.000000,12501240.000000,0.090748,-0.028570,-0.001348,0.005321,0.035713,-0.148985,0.988180,0.155591,-0.013750,0.008990,-0.019125,0.045391,-0.447423,
1624924253.000000,17503977.000000,0.091469,-0.028865,-0.001357,0.005262,0.035816,-0.150092,0.988009,0.154118,-0.013647,0.009524,-0.009369,0.019172,-0.450629,
1624924253.000000,22508144.000000,0.092182,-0.029159,-0.001365,0.005187,0.035831,-0.151193,0.987841,0.152778,-0.013552,0.010193,-0.025286,-0.008604,-0.435799,
1624924253.000000,27412176.000000,0.092332,-0.029565,-0.002287,0.005106,0.035405,-0.152241,0.987696,0.139441,-0.018129,-0.005275,0.004201,0.002193,-0.436738,
1624924253.000000,117468357.000000,0.104531,-0.034277,-0.002611,0.005791,0.035787,-0.171584,0.984502,0.159124,0.001177,-0.003740,-0.035045,0.038884,-0.463454,
1624924253.000000,122471333.000000,0.105238,-0.034551,-0.002634,0.005709,0.035913,-0.172714,0.984300,0.154712,-0.001593,0.002715,-0.014588,0.037146,-0.449739,
1624924253.000000,127475262.000000,0.104031,-0.035694,-0.002716,0.005653,0.035356,-0.173734,0.984142,0.135850,-0.018836,0.011976,0.000330,0.011546,-0.437880,
1624924253.000000,132478476.000000,0.104637,-0.036018,-0.002695,0.005654,0.035396,-0.174814,0.983949,0.134757,-0.019439,0.015656,0.032182,0.029495,-0.440045,
1624924253.000000,137481451.000000,0.105203,-0.036401,-0.002491,0.005778,0.035516,-0.175923,0.983746,0.130801,-0.027641,0.038144,0.081248,0.087805,-0.462363,
1624924253.000000,142484426.000000,0.105767,-0.036766,-0.002328,0.006024,0.035775,-0.177082,0.983527,0.128213,-0.030759,0.047569,0.100549,0.148289,-0.464696,
1624924253.000000,147487402.000000,0.106325,-0.037146,-0.002110,0.006267,0.036058,-0.178196,0.983314,0.126177,-0.033887,0.057679,0.078133,0.074616,-0.433705,
1624924253.000000,152490377.000000,0.106871,-0.037541,-0.001840,0.006395,0.036044,-0.179232,0.983126,0.124215,-0.037043,0.067734,0.060941,-0.056328,-0.406997,
1624924253.000000,157493353.000000,0.107296,-0.037793,-0.001862,0.006435,0.035748,-0.180225,0.982955,0.107282,-0.027708,0.036692,0.036606,-0.177895,-0.398476,
1624924253.000000,162497520.000000,0.107877,-0.038561,-0.002286,0.006397,0.035259,-0.181218,0.982790,0.100561,-0.027287,0.014156,0.014140,-0.301911,-0.403843,
1624924253.000000,212528229.000000,0.114487,-0.042123,-0.001707,0.006529,0.035407,-0.191803,0.980773,0.155542,-0.012584,0.011169,-0.011100,0.091115,-0.463515,
1624924253.000000,217531204.000000,0.115150,-0.042477,-0.001687,0.006444,0.035566,-0.192931,0.980546,0.152122,-0.013581,0.012677,-0.032843,0.011518,-0.451892,
1624924253.000000,222534418.000000,0.115831,-0.042828,-0.001679,0.006340,0.035588,-0.194024,0.980331,0.152148,-0.013149,0.012560,-0.020919,0.023627,-0.449534,
1624924253.000000,227537394.000000,0.116068,-0.043258,-0.002690,0.006254,0.035242,-0.195114,0.980127,0.140149,-0.017044,-0.005215,-0.001715,0.022464,-0.448671,
1624924253.000000,232541323.000000,0.116650,-0.043663,-0.002512,0.006250,0.035307,-0.196205,0.979907,0.137075,-0.024326,0.022982,0.020635,0.067064,-0.444293,
1624924253.000000,237544298.000000,0.117237,-0.044045,-0.002426,0.006344,0.035482,-0.197295,0.979681,0.135473,-0.026479,0.031550,0.062112,0.039661,-0.441167,
1624924253.000000,242547274.000000,0.117813,-0.044437,-0.002296,0.006524,0.035517,-0.198384,0.979459,0.133769,-0.028632,0.040115,0.100586,0.072114,-0.446412,
1624924253.000000,247550488.000000,0.118327,-0.044799,-0.002220,0.006768,0.035718,-0.199497,0.979224,0.124193,-0.028656,0.035353,0.078347,0.075688,-0.453952,
1624924253.000000,252553463.000000,0.118842,-0.045178,-0.002083,0.006911,0.035756,-0.200597,0.978997,0.119341,-0.029991,0.039049,0.076862,-0.010962,-0.432714,
1624924253.000000,257556438.000000,0.119332,-0.045554,-0.001922,0.007007,0.035566,-0.201626,0.978791,0.114488,-0.031365,0.043148,0.035891,-0.143942,-0.405938,
1624924253.000000,297581196.000000,0.123749,-0.048601,-0.002039,0.006938,0.034314,-0.209886,0.977099,0.150153,-0.016277,0.012913,0.007709,0.107298,-0.438938,
1624924253.000000,302585125.000000,0.124410,-0.048983,-0.002034,0.006998,0.034644,-0.210967,0.976854,0.153268,-0.014211,0.010308,0.007939,0.138760,-0.441200,
1624924253.000000,307588339.000000,0.125089,-0.049364,-0.002046,0.007021,0.034899,-0.212036,0.976613,0.156461,-0.012134,0.007764,0.000352,0.046580,-0.436824,
1624924253.000000,312591314.000000,0.125734,-0.049745,-0.002033,0.006986,0.034947,-0.213110,0.976378,0.152720,-0.013418,0.010189,-0.005973,0.019364,-0.445351,
1624924253.000000,317594290.000000,0.126404,-0.050124,-0.002038,0.006937,0.035066,-0.214220,0.976131,0.153249,-0.012673,0.009648,-0.020895,0.061214,-0.467716,
1624924253.000000,322597265.000000,0.127078,-0.050504,-0.002047,0.006885,0.035259,-0.215360,0.975874,0.154079,-0.011910,0.008922,-0.012495,0.078129,-0.457257,
1624924253.000000,327600241.000000,0.127285,-0.050896,-0.003210,0.006777,0.035006,-0.216402,0.975653,0.144079,-0.014812,-0.006319,-0.014385,-0.021976,-0.443173,
1624924253.000000,332604408.000000,0.127905,-0.051264,-0.003298,0.006690,0.034935,-0.217489,0.975415,0.144294,-0.014094,-0.007016,0.004462,0.024226,-0.448558,
1624924253.000000,337607384.000000,0.128527,-0.051632,-0.003390,0.006752,0.035078,-0.218599,0.975161,0.144513,-0.013372,-0.007615,0.048354,0.041926,-0.461345,
1624924253.000000,342610359.000000,0.128956,-0.052157,-0.002793,0.006896,0.035102,-0.219733,0.974904,0.133571,-0.029129,0.040754,0.097257,0.045787,-0.458240,
1624924253.000000,397644281.000000,0.136203,-0.056590,-0.002393,0.007481,0.034039,-0.231297,0.972259,0.164823,-0.013824,0.015310,0.003958,0.137507,-0.427222,
1624924253.000000,402647257.000000,0.136924,-0.057027,-0.002395,0.007479,0.034366,-0.232335,0.972000,0.171029,-0.012141,0.012112,-0.009534,0.116108,-0.432528,
1624924253.000000,407651186.000000,0.137537,-0.057381,-0.002399,0.007509,0.034653,-0.233394,0.971736,0.160187,-0.008426,0.009091,-0.003656,0.122326,-0.438981,
1624924253.000000,412654161.000000,0.138237,-0.057780,-0.002413,0.007514,0.034892,-0.234462,0.971470,0.161288,-0.006124,0.007001,0.005577,0.030786,-0.441091,
1624924253.000000,417657137.000000,0.138945,-0.058172,-0.002436,0.007493,0.034872,-0.235548,0.971208,0.162227,-0.003812,0.004991,0.001650,-0.009464,-0.455950,
1624924253.000000,422660351.000000,0.139635,-0.058581,-0.002426,0.007429,0.034929,-0.236686,0.970930,0.161087,-0.006245,0.009240,-0.026245,0.036741,-0.482624,
1624924253.000000,427663326.000000,0.140132,-0.058764,-0.003726,0.007311,0.034670,-0.237801,0.970667,0.154556,-0.008245,-0.004752,-0.023155,0.061185,-0.464741,
1624924253.000000,432666302.000000,0.140795,-0.059156,-0.003804,0.007277,0.034810,-0.238894,0.970394,0.155058,-0.007860,-0.005225,-0.001626,0.035691,-0.446322,
1624924253.000000,437670231.000000,0.141374,-0.059601,-0.003623,0.007300,0.034897,-0.239983,0.970122,0.147745,-0.016968,0.022643,0.043982,0.054434,-0.449658,
1624924253.000000,442673206.000000,0.141989,-0.060029,-0.003545,0.007474,0.035067,-0.241089,0.969841,0.145983,-0.019618,0.030734,0.081522,0.109783,-0.461325,
1624924253.000000,482698441.000000,0.145104,-0.063094,-0.003208,0.007807,0.033040,-0.249333,0.967823,0.124544,-0.019075,0.018113,0.033382,-0.094484,-0.419884,
1624924253.000000,487701416.000000,0.145620,-0.063487,-0.003160,0.007819,0.032862,-0.250350,0.967566,0.130344,-0.018379,0.018376,0.037773,-0.029178,-0.421887,
1624924253.000000,492704630.000000,0.146163,-0.063891,-0.003112,0.007887,0.032967,-0.251395,0.967291,0.136035,-0.017653,0.018874,0.017565,0.148586,-0.441113,
1624924253.000000,497707367.000000,0.146729,-0.064474,-0.002773,0.008013,0.033538,-0.252491,0.966985,0.149485,-0.017120,0.021634,0.008957,0.164584,-0.432699,
1624924253.000000,502710342.000000,0.147341,-0.064861,-0.002826,0.008081,0.033830,-0.253514,0.966706,0.150885,-0.011850,0.010720,0.013299,0.106076,-0.421804,
1624924253.000000,507714272.000000,0.147983,-0.065285,-0.002834,0.008131,0.034069,-0.254545,0.966426,0.155145,-0.009747,0.007220,0.002702,0.078047,-0.432543,
1624924253.000000,512717247.000000,0.148645,-0.065711,-0.002863,0.008122,0.034236,-0.255613,0.966139,0.159275,-0.007617,0.003701,-0.010169,0.063914,-0.455948,
1624924253.000000,517720222.000000,0.149252,-0.066122,-0.002847,0.008094,0.034379,-0.256727,0.965838,0.151973,-0.008880,0.008469,-0.004855,0.026213,-0.460355,
1624924253.000000,522723436.000000,0.149891,-0.066538,-0.002861,0.008038,0.034377,-0.257827,0.965546,0.151710,-0.008107,0.008038,-0.012181,-0.031322,-0.452764,
1624924253.000000,527726173.000000,0.149838,-0.067224,-0.003914,0.007918,0.034170,-0.258929,0.965259,0.139132,-0.016002,-0.001024,-0.032521,0.050878,-0.463408,
1624924253.000000,617783070.000000,0.160354,-0.075836,-0.003603,0.008720,0.034370,-0.277819,0.959979,0.158745,-0.010733,0.005929,-0.023822,0.048568,-0.449621,
1624924253.000000,622786283.000000,0.160997,-0.076301,-0.003622,0.008622,0.034438,-0.278912,0.959660,0.159696,-0.008773,0.005245,-0.018832,-0.013222,-0.455136,
1624924253.000000,627789259.000000,0.160850,-0.076192,-0.004356,0.008434,0.034069,-0.279962,0.959369,0.136920,-0.013354,0.000331,-0.033398,-0.057676,-0.442290,
1624924253.000000,632792234.000000,0.161388,-0.076615,-0.004398,0.008271,0.033982,-0.281019,0.959065,0.135780,-0.013289,0.001113,-0.024215,-0.023989,-0.447495,
1624924253.000000,637795448.000000,0.161921,-0.077037,-0.004438,0.008263,0.034061,-0.282108,0.958742,0.134584,-0.013225,0.001535,0.033490,0.093702,-0.457223,
1624924253.000000,642798185.000000,0.162447,-0.077553,-0.004255,0.008406,0.034267,-0.283196,0.958413,0.137264,-0.021735,0.025397,0.047562,0.040609,-0.445505,
1624924253.000000,647802114.000000,0.162970,-0.078030,-0.004148,0.008514,0.034295,-0.284262,0.958095,0.137528,-0.024272,0.033714,0.073787,0.070668,-0.446433,
1624924253.000000,652805328.000000,0.163488,-0.078521,-0.003999,0.008754,0.034499,-0.285351,0.957762,0.137669,-0.026792,0.042353,0.078486,0.087183,-0.456139,
1624924253.000000,657808304.000000,0.163945,-0.078944,-0.003874,0.008935,0.034582,-0.286428,0.957436,0.126058,-0.024139,0.040720,0.086568,0.040561,-0.429595,
1624924253.000000,662811279.000000,0.164174,-0.079576,-0.003783,0.009264,0.034787,-0.287434,0.957124,0.116838,-0.026434,0.037301,0.066711,-0.054256,-0.413375,
1624924253.000000,707839251.000000,0.168947,-0.083337,-0.003946,0.009074,0.033367,-0.296548,0.954392,0.149941,-0.009449,0.005086,0.007094,0.170216,-0.439131,
1624924253.000000,712843418.000000,0.169551,-0.083806,-0.003989,0.009132,0.033758,-0.297585,0.954055,0.154479,-0.007759,0.001986,-0.009282,0.118449,-0.427476,
1624924253.000000,717846394.000000,0.170127,-0.084240,-0.004042,0.009113,0.033908,-0.298597,0.953733,0.149701,-0.005406,-0.000743,-0.021675,-0.011045,-0.430470,
1624924253.000000,722849369.000000,0.170728,-0.084685,-0.004108,0.008995,0.033898,-0.299652,0.953404,0.150291,-0.003440,-0.003017,-0.023063,0.029467,-0.456161,
1624924253.000000,727852345.000000,0.171037,-0.085049,-0.004493,0.008980,0.033943,-0.300751,0.953056,0.140462,-0.002524,-0.001711,-0.025991,0.010803,-0.456265,
1624924253.000000,732855082.000000,0.171605,-0.085457,-0.004561,0.008847,0.033871,-0.301819,0.952722,0.140480,-0.000591,-0.003509,-0.015596,-0.074949,-0.442295,
1624924253.000000,737858057.000000,0.172138,-0.085967,-0.004487,0.008739,0.033758,-0.302872,0.952393,0.142443,-0.009704,0.009506,-0.019550,-0.008339,-0.445458,
1624924253.000000,742861271.000000,0.172693,-0.086425,-0.004469,0.008742,0.033874,-0.303962,0.952042,0.143267,-0.010970,0.013823,0.058637,0.084405,-0.475270,
1624924253.000000,747864246.000000,0.173253,-0.086896,-0.004423,0.008985,0.034053,-0.305108,0.951666,0.144537,-0.012205,0.018940,0.075665,0.103422,-0.469143,
1624924253.000000,752868414.000000,0.173788,-0.087380,-0.004240,0.009158,0.034280,-0.306203,0.951305,0.141772,-0.016083,0.040170,0.053485,0.120116,-0.458163,
1624924253.000000,797896385.000000,0.177229,-0.092101,-0.004169,0.009361,0.032662,-0.315416,0.948345,0.137426,-0.016269,0.012739,0.016457,0.046100,-0.435971,
1624924253.000000,802899361.000000,0.177743,-0.092583,-0.004153,0.009415,0.032752,-0.316451,0.947997,0.141849,-0.014708,0.011706,0.034556,0.013587,-0.433894,
1624924253.000000,807902336.000000,0.178276,-0.093072,-0.004132,0.009475,0.032842,-0.317488,0.947646,0.146073,-0.013133,0.011388,0.001816,0.128925,-0.445507,
1624924253.000000,812905550.000000,0.178796,-0.093542,-0.004118,0.009537,0.033267,-0.318557,0.947272,0.144355,-0.011367,0.010137,-0.013580,0.130871,-0.456294,
1624924253.000000,817909241.000000,0.179344,-0.094026,-0.004120,0.009561,0.033489,-0.319634,0.946901,0.146378,-0.009688,0.008755,0.001646,0.090972,-0.454113,
1624924253.000000,822912455.000000,0.179904,-0.094509,-0.004130,0.009581,0.033722,-0.320706,0.946530,0.148365,-0.008002,0.007637,-0.021743,0.058225,-0.455151,
1624924253.000000,827915430.000000,0.179958,-0.095503,-0.004491,0.009668,0.033866,-0.321773,0.946162,0.141171,-0.017392,0.002358,-0.024135,-0.004892,-0.458384,
1624924253.000000,832918406.000000,0.180462,-0.095999,-0.004539,0.009576,0.033873,-0.322861,0.945792,0.139887,-0.017046,0.002071,-0.022810,0.001425,-0.462637,
1624924253.000000,837921143.000000,0.180967,-0.096496,-0.004583,0.009448,0.033851,-0.323944,0.945423,0.138917,-0.016703,0.002115,-0.034654,-0.081577,-0.449933,
1624924253.000000,842924356.000000,0.181479,-0.097064,-0.004432,0.009292,0.033656,-0.325003,0.945068,0.143468,-0.023904,0.027360,0.015207,-0.037419,-0.455061,
1624924253.000000,887953281.000000,0.184976,-0.101705,-0.003758,0.009989,0.032797,-0.334340,0.941829,0.108228,-0.024794,0.019270,-0.015705,-0.088372,-0.431922,
1624924253.000000,892956257.000000,0.185639,-0.102292,-0.004288,0.009860,0.032543,-0.335355,0.941478,0.135161,-0.022591,0.022828,0.047242,-0.101007,-0.428405,
1624924253.000000,897959471.000000,0.186104,-0.102815,-0.004220,0.009921,0.032325,-0.336395,0.941114,0.138524,-0.021694,0.023908,0.073094,-0.016726,-0.448786,
1624924253.000000,902962446.000000,0.186585,-0.103347,-0.004141,0.010046,0.032400,-0.337467,0.940726,0.141919,-0.020772,0.025397,0.019797,0.092983,-0.456283,
1624924253.000000,907965183.000000,0.187108,-0.103860,-0.004188,0.010083,0.032687,-0.338524,0.940336,0.146775,-0.015420,0.012407,-0.029494,0.123657,-0.441378,
1624924253.000000,912968397.000000,0.187638,-0.104392,-0.004183,0.010064,0.033001,-0.339536,0.939960,0.150759,-0.013064,0.009408,-0.035812,0.103451,-0.427430,
1624924253.000000,917972326.000000,0.188185,-0.104925,-0.004201,0.010065,0.033278,-0.340548,0.939584,0.154349,-0.010692,0.005859,-0.000715,0.121160,-0.443367,
1624924253.000000,922975302.000000,0.188670,-0.105445,-0.004181,0.010145,0.033523,-0.341615,0.939187,0.147144,-0.014052,0.009782,0.013423,0.050931,-0.461613,
1624924253.000000,927978516.000000,0.189394,-0.105767,-0.004791,0.010094,0.033735,-0.342686,0.938790,0.144168,-0.013158,0.003887,-0.006995,0.017116,-0.461595,
1624924253.000000,932981491.000000,0.189902,-0.106283,-0.004821,0.010018,0.033823,-0.343768,0.938392,0.144257,-0.013084,0.004301,-0.049488,0.015638,-0.464713,
1624924254.000000,23038149.000000,0.197790,-0.116263,-0.004996,0.010438,0.033306,-0.362553,0.931309,0.154522,-0.008204,-0.002517,0.008965,0.096699,-0.478579,
1624924254.000000,28041363.000000,0.198203,-0.116652,-0.005020,0.010565,0.033632,-0.363661,0.930864,0.150699,-0.006350,0.000174,0.002782,0.038370,-0.463802,
1624924254.000000,33044338.000000,0.198669,-0.117187,-0.005035,0.010486,0.033648,-0.364721,0.930450,0.145892,-0.010191,0.003322,-0.033603,-0.014526,-0.458210,
1624924254.000000,38047314.000000,0.199165,-0.117718,-0.005067,0.010328,0.033674,-0.365793,0.930030,0.144979,-0.010336,0.003803,-0.054954,-0.020295,-0.461609,
1624924254.000000,43050528.000000,0.199659,-0.118249,-0.005104,0.010151,0.033643,-0.366849,0.929616,0.144306,-0.010484,0.003560,-0.023120,-0.051162,-0.447714,
1624924254.000000,48053503.000000,0.200121,-0.118839,-0.004910,0.010176,0.033572,-0.367891,0.929207,0.144034,-0.019626,0.034653,0.113095,0.043666,-0.451867,
1624924254.000000,53057671.000000,0.200581,-0.119419,-0.004754,0.010563,0.033666,-0.368973,0.928770,0.143417,-0.023339,0.045771,0.128983,0.106115,-0.469013,
1624924254.000000,58060169.000000,0.201027,-0.120014,-0.004547,0.010842,0.033886,-0.370065,0.928324,0.142990,-0.027046,0.057201,0.058874,0.169814,-0.461631,
1624924254.000000,63063145.000000,0.200744,-0.121024,-0.004077,0.011258,0.034348,-0.371068,0.927902,0.124077,-0.028267,0.049633,0.044051,0.092836,-0.432803,
1624924254.000000,68066120.000000,0.201103,-0.121556,-0.003869,0.011321,0.034243,-0.372043,0.927514,0.119254,-0.026962,0.048628,0.071692,-0.143375,-0.406078,
1624924254.000000,118098259.000000,0.205161,-0.127174,-0.004759,0.011019,0.033042,-0.382219,0.923415,0.151517,-0.011082,-0.006311,-0.029374,-0.003439,-0.439052,
1624924254.000000,123101234.000000,0.205662,-0.127743,-0.004855,0.010933,0.033046,-0.383255,0.922986,0.152887,-0.008067,-0.010278,0.002521,0.026707,-0.462506,
1624924254.000000,128104448.000000,0.205892,-0.128649,-0.004771,0.011067,0.033411,-0.384335,0.922523,0.147857,-0.015125,-0.003999,-0.000360,0.055519,-0.477555,
1624924254.000000,133107424.000000,0.206356,-0.129223,-0.004843,0.011017,0.033542,-0.385420,0.922066,0.147353,-0.014949,-0.004162,-0.042142,0.053521,-0.461543,
1624924254.000000,138110399.000000,0.206816,-0.129796,-0.004927,0.010924,0.033691,-0.386457,0.921627,0.146872,-0.014790,-0.005100,-0.025310,-0.000759,-0.444404,
1624924254.000000,143113375.000000,0.207244,-0.130387,-0.004883,0.010887,0.033686,-0.387485,0.921196,0.143856,-0.019810,0.011906,0.029256,0.042516,-0.452889,
1624924254.000000,148116350.000000,0.207673,-0.130974,-0.004858,0.011019,0.033797,-0.388543,0.920745,0.142250,-0.021728,0.018347,0.060192,0.028177,-0.458361,
1624924254.000000,153119326.000000,0.208089,-0.131564,-0.004802,0.011160,0.033737,-0.389601,0.920298,0.140672,-0.023648,0.024611,0.102611,0.019331,-0.457199,
1624924254.000000,158123493.000000,0.208479,-0.132124,-0.004744,0.011435,0.033792,-0.390668,0.919840,0.134431,-0.023662,0.026176,0.096600,0.101628,-0.464665,
1624924254.000000,163126469.000000,0.208910,-0.133023,-0.004385,0.011775,0.033977,-0.391696,0.919392,0.131754,-0.029762,0.046708,0.069562,0.088222,-0.443507,
1624924254.000000,208154202.000000,0.212258,-0.138527,-0.004597,0.011530,0.032697,-0.400760,0.915527,0.156529,-0.016476,0.001227,0.032797,0.127766,-0.439027,
1624924254.000000,213157177.000000,0.212734,-0.139159,-0.004652,0.011629,0.033005,-0.401781,0.915067,0.159321,-0.014845,-0.002182,-0.024081,0.114570,-0.454107,
1624924254.000000,218161345.000000,0.213225,-0.139799,-0.004733,0.011585,0.033214,-0.402809,0.914608,0.162437,-0.013195,-0.006216,-0.033758,0.015989,-0.442446,
1624924254.000000,223164320.000000,0.213685,-0.140414,-0.004788,0.011459,0.033184,-0.403825,0.914163,0.157377,-0.013240,-0.004536,-0.018685,-0.060646,-0.459219,
1624924254.000000,228167534.000000,0.213738,-0.140530,-0.004397,0.011476,0.033172,-0.404911,0.913682,0.136339,-0.012613,0.009852,-0.025021,0.029286,-0.476542,
1624924254.000000,233170271.000000,0.214149,-0.141076,-0.004397,0.011446,0.033322,-0.405987,0.913200,0.135006,-0.011739,0.009781,-0.001792,0.021954,-0.466848,
1624924254.000000,238173246.000000,0.214558,-0.141694,-0.004333,0.011445,0.033368,-0.407034,0.912731,0.139572,-0.016443,0.016944,0.005994,0.066058,-0.448746,
1624924254.000000,243176460.000000,0.214967,-0.142277,-0.004289,0.011491,0.033581,-0.408050,0.912269,0.140385,-0.017312,0.019494,-0.007014,0.050638,-0.450755,
1624924254.000000,248179436.000000,0.215373,-0.142866,-0.004242,0.011528,0.033686,-0.409092,0.911798,0.141121,-0.018166,0.021133,0.049239,0.101932,-0.459423,
1624924254.000000,253182411.000000,0.215718,-0.143433,-0.004051,0.011815,0.033905,-0.410143,0.911314,0.131842,-0.022832,0.041525,0.108238,0.088896,-0.459370,
1624924254.000000,303214312.000000,0.218876,-0.149554,-0.003728,0.011912,0.032412,-0.420050,0.906844,0.148943,-0.016372,0.010510,0.018685,0.135142,-0.433784,
1624924254.000000,308217287.000000,0.219306,-0.150182,-0.003733,0.012006,0.032661,-0.421036,0.906376,0.153617,-0.014447,0.008016,-0.003723,0.085888,-0.438050,
1624924254.000000,313220263.000000,0.219759,-0.150824,-0.003748,0.012043,0.032889,-0.422036,0.905903,0.158399,-0.012493,0.005746,-0.011241,0.111161,-0.448694,
1624924254.000000,318223238.000000,0.220165,-0.151405,-0.003762,0.012096,0.033184,-0.423050,0.905418,0.151287,-0.011185,0.004467,-0.022831,0.102181,-0.446646,
1624924254.000000,323227167.000000,0.220615,-0.152025,-0.003779,0.012073,0.033334,-0.424053,0.904943,0.152278,-0.009449,0.003275,0.000347,-0.012339,-0.445465,
1624924254.000000,328230381.000000,0.221161,-0.152755,-0.003950,0.012074,0.033240,-0.425073,0.904468,0.151680,-0.007564,0.004663,0.004998,0.005007,-0.462460,
1624924254.000000,333233356.000000,0.221546,-0.153374,-0.003896,0.012066,0.033377,-0.426134,0.903964,0.148320,-0.012475,0.011663,-0.022903,0.076797,-0.474263,
1624924254.000000,338236332.000000,0.221970,-0.153989,-0.003888,0.012036,0.033588,-0.427179,0.903463,0.147668,-0.012734,0.012940,-0.033596,0.055585,-0.445581,
1624924254.000000,343239546.000000,0.222389,-0.154602,-0.003875,0.012020,0.033724,-0.428158,0.902995,0.146775,-0.013022,0.013525,0.022680,0.059368,-0.435695,
1624924254.000000,348242283.000000,0.222758,-0.155212,-0.003708,0.012208,0.033857,-0.429159,0.902512,0.140390,-0.018240,0.035371,0.090139,0.102023,-0.445502,
1624924254.000000,393271208.000000,0.224545,-0.161179,-0.003615,0.012266,0.032075,-0.437895,0.898370,0.138462,-0.024658,0.016911,0.026092,0.009069,-0.434698,
1624924254.000000,398274183.000000,0.224889,-0.161815,-0.003580,0.012305,0.032112,-0.438873,0.897891,0.144109,-0.023411,0.015921,0.018622,0.043595,-0.436780,
1624924254.000000,403277397.000000,0.225253,-0.162469,-0.003555,0.012397,0.032287,-0.439856,0.897402,0.149744,-0.022134,0.014845,0.017530,0.122042,-0.437890,
1624924254.000000,408280134.000000,0.225615,-0.163091,-0.003565,0.012573,0.032636,-0.440839,0.896904,0.147956,-0.019004,0.009574,0.015448,0.185777,-0.444219,
1624924254.000000,413283110.000000,0.226002,-0.163742,-0.003574,0.012753,0.033033,-0.441822,0.896403,0.150398,-0.016971,0.006939,0.001612,0.139420,-0.427341,
1624924254.000000,418286324.000000,0.226403,-0.164396,-0.003599,0.012819,0.033300,-0.442772,0.895924,0.152556,-0.014942,0.004264,-0.018652,0.099571,-0.437662,
1624924254.000000,423290253.000000,0.226749,-0.165004,-0.003584,0.012825,0.033521,-0.443772,0.895421,0.143163,-0.016517,0.008764,-0.017674,0.042972,-0.447608,
1624924254.000000,428293467.000000,0.227212,-0.165563,-0.003624,0.012746,0.033435,-0.444718,0.894955,0.143617,-0.014459,0.010468,-0.009037,-0.048350,-0.444126,
1624924254.000000,433296204.000000,0.227590,-0.166178,-0.003625,0.012626,0.033350,-0.445723,0.894461,0.142351,-0.013878,0.010623,-0.018596,-0.015960,-0.454794,
1624924254.000000,438299179.000000,0.227964,-0.166788,-0.003623,0.012563,0.033449,-0.446737,0.893952,0.141197,-0.013308,0.010853,-0.027211,0.054611,-0.448515,
1624924254.000000,498337030.000000,0.233462,-0.175154,-0.005113,0.012743,0.032248,-0.458389,0.888075,0.168287,-0.000357,-0.005676,0.038710,0.058385,-0.434432,
1624924254.000000,503340244.000000,0.233942,-0.175825,-0.005230,0.012890,0.032387,-0.459362,0.887565,0.170175,0.001479,-0.010429,0.028402,0.082077,-0.445026,
1624924254.000000,508343220.000000,0.234442,-0.176515,-0.005344,0.012991,0.032627,-0.460361,0.887037,0.173499,0.003228,-0.012812,-0.009170,0.152491,-0.454704,
1624924254.000000,513346195.000000,0.234958,-0.177215,-0.005478,0.013112,0.033019,-0.461361,0.886501,0.177008,0.005003,-0.015638,-0.010268,0.125952,-0.451488,
1624924254.000000,518349409.000000,0.235445,-0.177884,-0.005603,0.013179,0.033236,-0.462359,0.885972,0.171931,0.005074,-0.015831,0.010054,0.087777,-0.453556,
1624924254.000000,523353100.000000,0.235954,-0.178568,-0.005747,0.013244,0.033428,-0.463372,0.885434,0.171953,0.006167,-0.017881,-0.016362,0.051490,-0.463185,
1624924254.000000,528356075.000000,0.236762,-0.179745,-0.007457,0.013240,0.033437,-0.464395,0.884898,0.170392,0.009024,-0.026416,-0.019891,0.046561,-0.461065,
1624924254.000000,533341169.000000,0.237235,-0.180397,-0.007611,0.013203,0.033545,-0.465399,0.884367,0.166121,0.007044,-0.023299,-0.025940,-0.015216,-0.447190,
1624924254.000000,538344383.000000,0.237723,-0.181052,-0.007767,0.013071,0.033521,-0.466370,0.883857,0.164589,0.007064,-0.021705,-0.015626,-0.007795,-0.433316,
1624924254.000000,543347359.000000,0.238204,-0.181697,-0.007927,0.013086,0.033621,-0.467331,0.883346,0.162678,0.007066,-0.020556,0.016557,0.075590,-0.443889,
1624924254.000000,583372593.000000,0.241019,-0.187949,-0.008656,0.013364,0.032142,-0.474791,0.879410,0.140631,-0.005886,-0.002519,0.041029,-0.136253,-0.414093,
1624924254.000000,588375330.000000,0.241382,-0.188555,-0.008722,0.013283,0.031860,-0.475711,0.878924,0.142451,-0.005381,-0.004598,0.032546,-0.094049,-0.416205,
1624924254.000000,593379498.000000,0.242202,-0.190346,-0.009553,0.013149,0.031613,-0.476601,0.878453,0.165932,-0.005238,-0.017471,0.017526,-0.030805,-0.416139,
1624924254.000000,598382473.000000,0.242713,-0.191121,-0.009734,0.013165,0.031608,-0.477527,0.877950,0.179444,-0.001066,-0.021291,0.027137,0.029786,-0.429891,
1624924254.000000,603385448.000000,0.243200,-0.191877,-0.009908,0.013258,0.031696,-0.478482,0.877425,0.184973,0.000706,-0.023201,0.030438,0.069940,-0.432192,
1624924254.000000,608388662.000000,0.243707,-0.192653,-0.010089,0.013365,0.031871,-0.479426,0.876902,0.190501,0.002499,-0.024632,0.000646,0.093298,-0.435209,
1624924254.000000,613391399.000000,0.244217,-0.193401,-0.010272,0.013456,0.032168,-0.480386,0.876364,0.189041,0.005913,-0.025634,-0.009175,0.172399,-0.441721,
1624924254.000000,618394136.000000,0.244752,-0.194176,-0.010471,0.013654,0.032612,-0.481349,0.875815,0.191972,0.008383,-0.027057,0.006955,0.185856,-0.444856,
1624924254.000000,623398304.000000,0.245303,-0.194959,-0.010678,0.013795,0.032921,-0.482320,0.875268,0.194942,0.010867,-0.028312,-0.002539,0.079592,-0.442779,
1624924254.000000,628401279.000000,0.245275,-0.195688,-0.010688,0.013821,0.032922,-0.483290,0.874732,0.179402,0.004399,-0.029301,-0.013230,0.028205,-0.450122,
1624924254.000000,718457460.000000,0.250478,-0.208661,-0.010969,0.014007,0.031861,-0.500080,0.865280,0.180294,-0.004726,-0.014332,-0.008057,0.140902,-0.445765,
1624924254.000000,723461390.000000,0.250883,-0.209409,-0.011093,0.014141,0.032183,-0.501040,0.864710,0.176757,-0.003111,-0.014899,-0.001425,0.150984,-0.445744,
1624924254.000000,728464365.000000,0.250524,-0.209575,-0.010772,0.014227,0.032255,-0.501950,0.864178,0.161035,-0.005481,-0.004993,0.001649,0.060429,-0.445678,
1624924254.000000,733467102.000000,0.250901,-0.210286,-0.010856,0.014190,0.032291,-0.502914,0.863617,0.161827,-0.003751,-0.005544,-0.018466,-0.015690,-0.447795,
1624924254.000000,738470316.000000,0.251219,-0.210975,-0.010877,0.014080,0.032341,-0.503887,0.863049,0.156310,-0.007503,0.000733,-0.041005,0.018509,-0.457369,
1624924254.000000,743473291.000000,0.251566,-0.211668,-0.010915,0.014004,0.032432,-0.504865,0.862475,0.154641,-0.007578,0.003131,-0.002790,-0.006457,-0.443657,
1624924254.000000,748476267.000000,0.251906,-0.212354,-0.010943,0.014012,0.032401,-0.505811,0.861922,0.152850,-0.007677,0.005367,0.043315,0.025562,-0.440222,
1624924254.000000,753479481.000000,0.252203,-0.213061,-0.010806,0.014195,0.032510,-0.506779,0.861346,0.150112,-0.014620,0.029455,0.070887,0.119368,-0.454222,
1624924254.000000,758483410.000000,0.252032,-0.213557,-0.010672,0.014493,0.032694,-0.507753,0.860760,0.147157,-0.023647,0.038545,0.099634,0.163644,-0.459562,
1624924254.000000,763486147.000000,0.252283,-0.214270,-0.010506,0.014842,0.032876,-0.508722,0.860175,0.145937,-0.026467,0.048223,0.086999,0.062580,-0.427716,
1624924254.000000,813517570.000000,0.254299,-0.220133,-0.009920,0.013947,0.030761,-0.517688,0.854903,0.153138,-0.009025,0.009489,0.004836,0.141301,-0.440407,
1624924254.000000,818520546.000000,0.254613,-0.220806,-0.009921,0.014098,0.031094,-0.518625,0.854320,0.152992,-0.006125,0.008339,-0.007993,0.130029,-0.442474,
1624924254.000000,823524475.000000,0.254140,-0.221444,-0.009580,0.014360,0.031359,-0.519559,0.853738,0.149433,-0.011435,0.007152,0.018499,0.100883,-0.444570,
1624924254.000000,828527451.000000,0.254440,-0.222138,-0.009590,0.014486,0.031573,-0.520520,0.853143,0.152392,-0.009200,0.005576,-0.010880,0.102076,-0.461563,
1624924254.000000,833530188.000000,0.254671,-0.222752,-0.009530,0.014523,0.031824,-0.521505,0.852531,0.142168,-0.010912,0.011711,-0.010483,0.082057,-0.457480,
1624924254.000000,838533401.000000,0.254948,-0.223409,-0.009527,0.014535,0.031953,-0.522459,0.851942,0.141191,-0.009953,0.011087,-0.025774,0.003749,-0.443456,
1624924254.000000,843536377.000000,0.255225,-0.224058,-0.009529,0.014389,0.031986,-0.523398,0.851366,0.140067,-0.009009,0.010356,-0.038082,-0.010567,-0.441370,
1624924254.000000,848539352.000000,0.255454,-0.224730,-0.009399,0.014338,0.032040,-0.524344,0.850783,0.138027,-0.016110,0.027855,0.016433,0.023803,-0.451985,
1624924254.000000,853543282.000000,0.255690,-0.225390,-0.009290,0.014445,0.032063,-0.525316,0.850180,0.136404,-0.018381,0.034721,0.077224,0.041711,-0.454230,
1624924254.000000,858546257.000000,0.255164,-0.226163,-0.009492,0.014625,0.031947,-0.526245,0.849607,0.132774,-0.033720,0.048167,0.107986,0.095614,-0.459441,
1624924254.000000,898571491.000000,0.256150,-0.230576,-0.008944,0.014000,0.029947,-0.533391,0.845222,0.117895,-0.020871,0.020823,0.035379,-0.036983,-0.435095,
1624924254.000000,903574467.000000,0.256318,-0.231167,-0.008876,0.014057,0.029933,-0.534322,0.844634,0.122089,-0.019962,0.021105,0.024003,0.011607,-0.439365,
1624924254.000000,908577442.000000,0.256498,-0.231775,-0.008810,0.014079,0.029981,-0.535244,0.844048,0.126368,-0.019036,0.021402,0.006656,0.064577,-0.433984,
1624924254.000000,913580418.000000,0.256714,-0.232402,-0.008818,0.014208,0.030227,-0.536160,0.843455,0.132713,-0.015012,0.011293,0.000425,0.144715,-0.440331,
1624924254.000000,918583393.000000,0.256938,-0.233045,-0.008814,0.014392,0.030582,-0.537087,0.842850,0.137639,-0.012808,0.007856,0.006694,0.176265,-0.439376,
1624924254.000000,923587561.000000,0.257513,-0.234086,-0.008561,0.014871,0.031259,-0.538062,0.842194,0.153792,-0.007069,0.006826,0.011040,0.113903,-0.436071,
1624924254.000000,928590536.000000,0.257738,-0.234700,-0.008492,0.014928,0.031400,-0.538986,0.841597,0.144282,-0.007411,0.012691,-0.008078,0.009903,-0.444614,
1624924254.000000,933593512.000000,0.258012,-0.235374,-0.008482,0.014862,0.031464,-0.539939,0.840984,0.144809,-0.005941,0.012222,-0.028443,0.052725,-0.465902,
1624924254.000000,938596725.000000,0.258292,-0.236050,-0.008480,0.014873,0.031661,-0.540925,0.840343,0.145555,-0.004458,0.011320,-0.009339,0.044447,-0.469234,
1624924254.000000,943599463.000000,0.258545,-0.236725,-0.008458,0.014857,0.031724,-0.541894,0.839717,0.144074,-0.007456,0.013672,-0.007991,0.029549,-0.453158,
1624924254.000000,993631363.000000,0.259108,-0.243169,-0.007856,0.014520,0.030084,-0.550898,0.833904,0.113321,-0.024877,0.027869,0.046211,-0.172351,-0.410551,
1624924254.000000,998634338.000000,0.259223,-0.243748,-0.007754,0.014376,0.029767,-0.551767,0.833343,0.113939,-0.023868,0.027942,0.022644,-0.101160,-0.419021,
1624924255.000000,3637314.000000,0.259408,-0.244450,-0.007701,0.014305,0.029646,-0.552663,0.832755,0.130973,-0.021389,0.023609,0.020366,0.007714,-0.437192,
1624924255.000000,8640289.000000,0.259575,-0.245111,-0.007633,0.014419,0.029773,-0.553583,0.832137,0.136766,-0.019833,0.022136,0.023737,0.124509,-0.444682,
1624924255.000000,13643503.000000,0.259760,-0.245801,-0.007570,0.014609,0.030033,-0.554495,0.831516,0.142905,-0.018249,0.020939,0.017276,0.100533,-0.431913,
1624924255.000000,18647432.000000,0.259965,-0.246519,-0.007518,0.014734,0.030238,-0.555387,0.830912,0.149230,-0.016642,0.019584,0.000292,0.136497,-0.434951,
1624924255.000000,23650646.000000,0.260471,-0.247528,-0.007667,0.015120,0.030785,-0.556350,0.830240,0.148173,-0.010176,0.009149,-0.002003,0.120602,-0.444680,
1624924255.000000,28653383.000000,0.260713,-0.248236,-0.007677,0.015199,0.030970,-0.557270,0.829614,0.150368,-0.007914,0.006641,0.001271,0.053196,-0.442565,
1624924255.000000,33656359.000000,0.260966,-0.248949,-0.007699,0.015196,0.031054,-0.558190,0.828993,0.152485,-0.005645,0.004268,-0.014665,0.000475,-0.449927,
1624924255.000000,38659573.000000,0.261159,-0.249616,-0.007647,0.015151,0.031139,-0.559138,0.828351,0.146144,-0.008446,0.009936,-0.014832,0.080323,-0.465977,
1624924255.000000,123713493.000000,0.262745,-0.261045,-0.008105,0.015334,0.029866,-0.574296,0.817959,0.145316,-0.015500,0.001070,0.006764,0.081770,-0.442589,
1624924255.000000,128716469.000000,0.262929,-0.261768,-0.008175,0.015457,0.030163,-0.575214,0.817301,0.149201,-0.013485,-0.001997,-0.022408,0.168974,-0.456570,
1624924255.000000,133719444.000000,0.263104,-0.262441,-0.008198,0.015621,0.030525,-0.576132,0.816637,0.147058,-0.011217,-0.001589,0.000034,0.103796,-0.445891,
1624924255.000000,138722420.000000,0.263300,-0.263152,-0.008251,0.015653,0.030638,-0.577032,0.815997,0.149111,-0.009145,-0.003739,-0.015637,0.008666,-0.440465,
1624924255.000000,143725634.000000,0.263509,-0.263870,-0.008324,0.015570,0.030694,-0.577942,0.815351,0.150978,-0.007046,-0.006201,-0.017143,0.004594,-0.457514,
1624924255.000000,148729324.000000,0.263677,-0.264559,-0.008348,0.015552,0.030769,-0.578881,0.814683,0.144977,-0.010431,0.000026,-0.006147,0.045961,-0.457666,
1624924255.000000,153732538.000000,0.263864,-0.265258,-0.008390,0.015598,0.030917,-0.579795,0.814026,0.143849,-0.010539,0.001565,0.005349,0.066309,-0.443696,
1624924255.000000,158735275.000000,0.263606,-0.265897,-0.008569,0.015548,0.030742,-0.580685,0.813399,0.139324,-0.018437,0.012660,0.051078,0.073709,-0.440542,
1624924255.000000,163738251.000000,0.263642,-0.266556,-0.008311,0.015797,0.030815,-0.581591,0.812744,0.130278,-0.028116,0.039385,0.102392,0.103213,-0.450120,
1624924255.000000,168741465.000000,0.263715,-0.267225,-0.008136,0.016106,0.030860,-0.582517,0.812073,0.127012,-0.031189,0.048730,0.096106,0.044458,-0.453401,
1624924255.000000,213770390.000000,0.264931,-0.272092,-0.008349,0.015057,0.028939,-0.590065,0.806696,0.127312,-0.006062,0.000487,0.012970,0.087861,-0.420306,
1624924255.000000,218773365.000000,0.265105,-0.272720,-0.008395,0.015220,0.029159,-0.590929,0.806053,0.133959,-0.003500,-0.002766,0.026525,0.085001,-0.435355,
1624924255.000000,223776340.000000,0.265316,-0.274065,-0.007930,0.015703,0.029600,-0.591875,0.805333,0.143139,-0.003377,0.009595,0.024712,0.079459,-0.441709,
1624924255.000000,228779554.000000,0.265522,-0.274758,-0.007947,0.015806,0.029816,-0.592765,0.804668,0.145822,-0.001262,0.006728,-0.036125,0.095069,-0.444930,
1624924255.000000,233782291.000000,0.265736,-0.275456,-0.008004,0.015807,0.030051,-0.593658,0.804000,0.148448,0.000854,0.002336,-0.014231,0.062983,-0.451277,
1624924255.000000,238785267.000000,0.265922,-0.276131,-0.008042,0.015890,0.030169,-0.594570,0.803320,0.144791,-0.001102,0.001640,0.027914,0.065006,-0.455590,
1624924255.000000,243788481.000000,0.266127,-0.276824,-0.008079,0.015980,0.030299,-0.595490,0.802632,0.145068,-0.000616,-0.000217,-0.014725,0.056784,-0.464050,
1624924255.000000,248792410.000000,0.266333,-0.277516,-0.008129,0.015957,0.030486,-0.596414,0.801939,0.145475,-0.000124,-0.002323,-0.044910,0.070233,-0.455660,
1624924255.000000,253795624.000000,0.266540,-0.278211,-0.008194,0.015951,0.030689,-0.597307,0.801266,0.145905,0.000361,-0.004151,-0.019248,0.037916,-0.444849,
1624924255.000000,258798599.000000,0.266702,-0.279686,-0.009192,0.015845,0.030276,-0.598136,0.800666,0.149752,-0.006234,0.003092,0.058317,0.026645,-0.436450,
1624924255.000000,303826332.000000,0.267587,-0.285384,-0.009302,0.015570,0.028651,-0.605834,0.794923,0.127093,-0.007904,0.002808,0.031740,-0.046988,-0.416162,
1624924255.000000,308829308.000000,0.267721,-0.286012,-0.009333,0.015572,0.028586,-0.606673,0.794285,0.130597,-0.006716,0.002556,0.012969,0.009984,-0.417409,
1624924255.000000,313832521.000000,0.267863,-0.286655,-0.009372,0.015583,0.028609,-0.607502,0.793650,0.134026,-0.005518,0.001850,0.032664,-0.006684,-0.424636,
1624924255.000000,318836451.000000,0.268038,-0.287319,-0.009477,0.015620,0.028528,-0.608365,0.792991,0.139667,-0.001218,-0.007413,0.037546,0.001181,-0.436534,
1624924255.000000,323839188.000000,0.268921,-0.288806,-0.010216,0.015894,0.028857,-0.609267,0.792281,0.164254,0.007872,-0.009259,-0.024409,0.168288,-0.455610,
1624924255.000000,328842402.000000,0.269182,-0.289597,-0.010334,0.016091,0.029308,-0.610156,0.791575,0.169207,0.010453,-0.010584,-0.018503,0.153911,-0.441993,
1624924255.000000,333845377.000000,0.269403,-0.290328,-0.010455,0.016208,0.029500,-0.611006,0.790910,0.163863,0.009468,-0.013141,0.013980,0.069703,-0.431022,
1624924255.000000,338848352.000000,0.269659,-0.291108,-0.010588,0.016288,0.029651,-0.611878,0.790228,0.165689,0.010889,-0.015574,-0.015884,0.065012,-0.456694,
1624924255.000000,343852520.000000,0.269922,-0.291898,-0.010741,0.016295,0.029806,-0.612791,0.789515,0.167792,0.012348,-0.018568,-0.004555,0.039539,-0.462169,
1624924255.000000,348855495.000000,0.270151,-0.292662,-0.010868,0.016290,0.029879,-0.613690,0.788813,0.163817,0.009247,-0.015966,-0.026322,0.008801,-0.451385,
1624924255.000000,393883228.000000,0.271750,-0.298772,-0.012293,0.016265,0.028790,-0.621545,0.782680,0.108499,0.009328,-0.004181,0.028993,-0.185907,-0.432423,
1624924255.000000,398886442.000000,0.271968,-0.299515,-0.012328,0.016023,0.028451,-0.622400,0.782018,0.127785,0.010102,-0.002037,0.037963,-0.134398,-0.430275,
1624924255.000000,403889418.000000,0.272162,-0.300127,-0.012389,0.015912,0.028186,-0.623241,0.781360,0.128886,0.011215,-0.003758,0.029021,-0.093845,-0.422766,
1624924255.000000,408892155.000000,0.272361,-0.300740,-0.012460,0.015821,0.028048,-0.624076,0.780700,0.129768,0.012330,-0.005577,0.029490,-0.014837,-0.432302,
1624924255.000000,413896322.000000,0.272591,-0.301410,-0.012576,0.015906,0.028070,-0.624933,0.780012,0.139136,0.015613,-0.011745,0.022552,0.059802,-0.439878,
1624924255.000000,418899298.000000,0.272824,-0.302077,-0.012688,0.015997,0.028205,-0.625781,0.779325,0.143459,0.017634,-0.014415,0.004073,0.067094,-0.430258,
1624924255.000000,423902273.000000,0.272887,-0.303738,-0.012998,0.016363,0.028565,-0.626681,0.778581,0.173831,0.020765,-0.022310,0.011574,0.064720,-0.439825,
1624924255.000000,428905487.000000,0.273148,-0.304489,-0.013176,0.016483,0.028737,-0.627549,0.777872,0.169517,0.021576,-0.025469,-0.005185,0.120696,-0.451686,
1624924255.000000,433908463.000000,0.273434,-0.305290,-0.013355,0.016635,0.029040,-0.628423,0.777152,0.171580,0.023293,-0.027017,-0.008742,0.120219,-0.453759,
1624924255.000000,438911200.000000,0.273728,-0.306100,-0.013550,0.016725,0.029217,-0.629302,0.776432,0.173655,0.025020,-0.028850,0.000056,0.037269,-0.453771,
1624924255.000000,483940601.000000,0.275160,-0.312528,-0.014253,0.017297,0.029336,-0.637224,0.769926,0.136567,0.011720,0.013638,0.032632,-0.065796,-0.430463,
1624924255.000000,488943577.000000,0.274461,-0.313023,-0.014404,0.017079,0.028965,-0.638067,0.769246,0.123503,0.003639,0.005431,0.043776,-0.228546,-0.403827,
1624924255.000000,493946314.000000,0.274647,-0.313632,-0.014598,0.016697,0.028386,-0.638855,0.768622,0.122030,0.008653,-0.010940,0.044760,-0.269581,-0.410128,
1624924255.000000,498949289.000000,0.274799,-0.314207,-0.014705,0.016396,0.027935,-0.639679,0.767959,0.117560,0.009656,-0.014564,0.020391,-0.144195,-0.434752,
1624924255.000000,503952265.000000,0.274952,-0.314765,-0.014834,0.016238,0.027735,-0.640523,0.767266,0.113527,0.010660,-0.018572,0.029644,-0.088476,-0.430587,
1624924255.000000,508956194.000000,0.275139,-0.315452,-0.014963,0.016144,0.027530,-0.641340,0.766593,0.131351,0.012710,-0.018322,0.031129,-0.070027,-0.416601,
1624924255.000000,513959408.000000,0.275320,-0.316090,-0.015103,0.016087,0.027420,-0.642149,0.765920,0.135920,0.014151,-0.019857,0.026542,-0.024277,-0.430391,
1624924255.000000,518962383.000000,0.275511,-0.316751,-0.015250,0.016127,0.027433,-0.642994,0.765210,0.140521,0.015625,-0.021164,0.008714,0.072911,-0.447577,
1624924255.000000,523965359.000000,0.275277,-0.318312,-0.015095,0.016645,0.028011,-0.643903,0.764413,0.163760,0.018878,-0.022947,0.011671,0.102925,-0.437005,
1624924255.000000,528968334.000000,0.275515,-0.319106,-0.015274,0.016791,0.028204,-0.644729,0.763706,0.168115,0.021560,-0.026063,-0.005080,0.104564,-0.438930,
1624924255.000000,624028206.000000,0.276704,-0.333047,-0.016665,0.016984,0.027286,-0.660943,0.749748,0.164377,0.010870,-0.019782,0.003414,0.132771,-0.439426,
1624924255.000000,629031420.000000,0.276864,-0.333855,-0.016825,0.017177,0.027558,-0.661761,0.749011,0.168562,0.012796,-0.021726,-0.000865,0.116237,-0.442520,
1624924255.000000,634034395.000000,0.277021,-0.334584,-0.016983,0.017290,0.027751,-0.662589,0.748269,0.162069,0.014619,-0.022922,-0.008247,0.075526,-0.442608,
1624924255.000000,639037371.000000,0.277193,-0.335374,-0.017153,0.017389,0.027936,-0.663426,0.747519,0.163382,0.016517,-0.024227,0.006507,0.103041,-0.463751,
1624924255.000000,644041538.000000,0.277373,-0.336173,-0.017325,0.017503,0.028128,-0.664302,0.746729,0.164913,0.018436,-0.024873,-0.032474,0.042258,-0.467225,
1624924255.000000,649044275.000000,0.277531,-0.336954,-0.017458,0.017410,0.028256,-0.665164,0.745959,0.162085,0.016322,-0.020065,-0.035287,0.028509,-0.468017,
1624924255.000000,654047251.000000,0.277701,-0.337740,-0.017611,0.017410,0.028369,-0.666033,0.745179,0.161317,0.016623,-0.019501,-0.004939,0.013606,-0.456548,
1624924255.000000,659050465.000000,0.276697,-0.338002,-0.018323,0.017131,0.027858,-0.666883,0.744445,0.144694,0.001702,-0.035860,-0.009206,-0.010525,-0.450046,
1624924255.000000,664053440.000000,0.276727,-0.338744,-0.018240,0.017108,0.027855,-0.667729,0.743686,0.144686,-0.004982,-0.002191,0.046882,-0.000705,-0.457601,
1624924255.000000,669056416.000000,0.276774,-0.339465,-0.018284,0.017297,0.027856,-0.668596,0.742903,0.143851,-0.007006,0.006727,0.072009,0.149049,-0.475649,
1624924255.000000,714085340.000000,0.276494,-0.345315,-0.018377,0.017019,0.026287,-0.676018,0.736219,0.133422,-0.001753,-0.009784,0.029357,0.026951,-0.440737,
1624924255.000000,719088316.000000,0.276545,-0.345992,-0.018471,0.017038,0.026349,-0.676826,0.735474,0.138431,-0.000110,-0.010943,-0.024088,0.042190,-0.440652,
1624924255.000000,724091291.000000,0.276583,-0.347501,-0.018371,0.017289,0.026556,-0.677741,0.734618,0.163048,0.002632,-0.006517,0.010823,0.106721,-0.444133,
1624924255.000000,729094505.000000,0.276673,-0.348246,-0.018568,0.017529,0.026762,-0.678556,0.733852,0.161115,0.005844,-0.017858,0.023288,0.136681,-0.448342,
1624924255.000000,734097242.000000,0.276769,-0.349046,-0.018716,0.017724,0.027002,-0.679375,0.733080,0.163847,0.008030,-0.021284,-0.000644,0.109008,-0.447342,
1624924255.000000,739101171.000000,0.276875,-0.349856,-0.018882,0.017839,0.027220,-0.680200,0.732304,0.166346,0.010232,-0.024644,-0.030209,0.093998,-0.465304,
1624924255.000000,744104385.000000,0.276968,-0.350620,-0.019003,0.017901,0.027465,-0.681061,0.731492,0.160224,0.009792,-0.020009,-0.016751,0.083576,-0.474047,
1624924255.000000,749107361.000000,0.277074,-0.351406,-0.019160,0.017949,0.027595,-0.681914,0.730691,0.159487,0.010931,-0.021031,-0.011990,0.010636,-0.462211,
1624924255.000000,754110336.000000,0.277183,-0.352188,-0.019320,0.017833,0.027637,-0.682746,0.729915,0.158749,0.012059,-0.021849,-0.048449,-0.021665,-0.449439,
1624924255.000000,759113550.000000,0.277322,-0.352955,-0.019396,0.017409,0.027251,-0.683636,0.729106,0.151965,0.004755,0.005526,0.028906,0.040899,-0.456993,
1624924255.000000,809145451.000000,0.276947,-0.360270,-0.019719,0.016837,0.025302,-0.691810,0.721440,0.142934,0.001464,0.004853,0.022065,0.043014,-0.458380,
1624924255.000000,814148664.000000,0.276988,-0.360997,-0.019736,0.016994,0.025455,-0.692626,0.720647,0.148088,0.002499,0.004945,0.019757,0.098572,-0.448728,
1624924255.000000,819151402.000000,0.277056,-0.361716,-0.019825,0.017172,0.025613,-0.693421,0.719873,0.149124,0.007283,-0.005238,0.015703,0.111611,-0.436983,
1624924255.000000,824154139.000000,0.276904,-0.362904,-0.020506,0.017753,0.025919,-0.694303,0.718997,0.161014,0.009214,-0.012630,-0.002441,0.102334,-0.443531,
1624924255.000000,829157114.000000,0.276986,-0.363708,-0.020620,0.017907,0.026142,-0.695103,0.718211,0.164129,0.011795,-0.015634,-0.000367,0.142874,-0.451056,
1624924255.000000,834160328.000000,0.277081,-0.364528,-0.020750,0.018142,0.026427,-0.695905,0.717419,0.167367,0.014407,-0.018612,0.000823,0.106872,-0.446796,
1624924255.000000,839164257.000000,0.277130,-0.365253,-0.020794,0.018215,0.026559,-0.696706,0.716634,0.158719,0.011702,-0.011842,-0.003510,0.037053,-0.454156,
1624924255.000000,844167471.000000,0.277212,-0.366038,-0.020907,0.018224,0.026663,-0.697531,0.715827,0.158318,0.012735,-0.012475,-0.025771,0.033149,-0.467039,
1624924255.000000,849170446.000000,0.277296,-0.366823,-0.021026,0.018213,0.026810,-0.698364,0.715009,0.158087,0.013770,-0.013427,-0.021769,0.057410,-0.465977,
1624924255.000000,854173183.000000,0.277364,-0.367587,-0.021123,0.018207,0.026920,-0.699185,0.714202,0.155064,0.011769,-0.010765,-0.024633,-0.031969,-0.454242,
1624924255.000000,899202585.000000,0.275755,-0.373393,-0.022573,0.017392,0.025001,-0.706331,0.707226,0.123555,-0.001021,-0.006244,0.040113,-0.152459,-0.433188,
1624924255.000000,904205561.000000,0.275751,-0.374007,-0.022650,0.017223,0.024736,-0.707103,0.706468,0.124752,-0.000476,-0.007512,0.029677,-0.097391,-0.424753,
1624924255.000000,909208536.000000,0.275748,-0.374624,-0.022733,0.017114,0.024585,-0.707856,0.705721,0.125746,0.000068,-0.008840,0.028329,-0.037250,-0.431994,
1624924255.000000,914211512.000000,0.275769,-0.375303,-0.022862,0.017161,0.024581,-0.708633,0.704940,0.135092,0.003967,-0.014911,0.015844,0.076061,-0.439680,
1624924255.000000,919214487.000000,0.275788,-0.375984,-0.022987,0.017340,0.024762,-0.709400,0.704158,0.139767,0.005890,-0.017357,0.020830,0.101010,-0.437413,
1624924255.000000,924217463.000000,0.275815,-0.376689,-0.023123,0.017526,0.024911,-0.710169,0.703372,0.144424,0.007835,-0.019564,0.010571,0.115077,-0.439589,
1624924255.000000,929220438.000000,0.275849,-0.377366,-0.023248,0.017724,0.025177,-0.710942,0.702576,0.141761,0.009497,-0.018952,-0.017405,0.137819,-0.449126,
1624924255.000000,934224367.000000,0.276444,-0.377814,-0.023264,0.018135,0.025612,-0.711863,0.701617,0.146108,0.015642,-0.022161,-0.002484,0.144676,-0.455765,
1624924255.000000,939227343.000000,0.276510,-0.378544,-0.023431,0.018321,0.025835,-0.712657,0.700798,0.147892,0.017488,-0.025123,-0.001167,0.064665,-0.454685,
1624924255.000000,944230318.000000,0.276584,-0.379281,-0.023613,0.018298,0.025904,-0.713455,0.699983,0.149608,0.019350,-0.028039,-0.020499,-0.009161,-0.461027,
1624924255.000000,994262457.000000,0.274297,-0.385259,-0.023841,0.017964,0.024621,-0.721156,0.692102,0.098421,-0.006504,0.014294,0.040478,-0.333616,-0.403522,
1624924255.000000,999265671.000000,0.273994,-0.385179,-0.024405,0.017455,0.023967,-0.721958,0.691302,0.088214,-0.003037,0.001457,0.031917,-0.200544,-0.426127,
1624924256.000000,4268408.000000,0.273962,-0.385612,-0.024430,0.017256,0.023721,-0.722713,0.690525,0.085299,-0.001852,-0.001029,0.035917,-0.090158,-0.434745,
1624924256.000000,9271383.000000,0.273929,-0.386284,-0.024431,0.017164,0.023534,-0.723460,0.689752,0.110545,-0.000215,0.002222,0.038300,-0.050685,-0.420866,
1624924256.000000,14274359.000000,0.273903,-0.386856,-0.024456,0.017161,0.023495,-0.724188,0.688989,0.117109,0.001172,0.001430,0.000986,0.036274,-0.430286,
1624924256.000000,19277573.000000,0.273882,-0.387459,-0.024494,0.017278,0.023666,-0.724940,0.688188,0.123621,0.002598,0.000158,0.004948,0.128510,-0.442214,
1624924256.000000,24280548.000000,0.273873,-0.388042,-0.024575,0.017577,0.023915,-0.725692,0.687379,0.123104,0.004899,-0.006905,0.037174,0.176307,-0.437866,
1624924256.000000,29284716.000000,0.273867,-0.388664,-0.024654,0.017902,0.024157,-0.726436,0.686576,0.126682,0.006693,-0.010419,0.012816,0.131914,-0.433608,
1624924256.000000,34287453.000000,0.274068,-0.389341,-0.024908,0.018345,0.024730,-0.727300,0.685628,0.128628,0.010182,-0.003962,-0.039491,0.136153,-0.449706,
1624924256.000000,39290190.000000,0.274070,-0.389866,-0.024927,0.018515,0.025066,-0.728076,0.684787,0.116821,0.009641,-0.001104,-0.014237,0.123283,-0.461564,
1624924256.000000,79315424.000000,0.272805,-0.395615,-0.026089,0.019061,0.024793,-0.734278,0.678128,0.111162,-0.010817,0.043652,0.115968,-0.000373,-0.434045,
1624924256.000000,84319353.000000,0.272701,-0.396167,-0.025869,0.019019,0.024483,-0.735003,0.677354,0.107489,-0.013901,0.055384,0.054455,-0.136426,-0.417823,
1624924256.000000,89322329.000000,0.272691,-0.396631,-0.025918,0.018736,0.024252,-0.735719,0.676593,0.095129,-0.001850,0.020724,-0.045889,-0.158913,-0.417966,
1624924256.000000,94325304.000000,0.272650,-0.397092,-0.025860,0.018278,0.024011,-0.736423,0.675848,0.088080,0.001051,0.014807,0.007842,-0.253047,-0.403076,
1624924256.000000,99328279.000000,0.272588,-0.398335,-0.027681,0.017898,0.023519,-0.737162,0.675069,0.085145,0.012280,-0.039922,0.078070,-0.267782,-0.401982,
1624924256.000000,104331493.000000,0.272512,-0.398983,-0.027631,0.017608,0.023058,-0.737872,0.674317,0.104080,0.005793,-0.015078,0.055399,-0.144363,-0.424451,
1624924256.000000,109334469.000000,0.272492,-0.399501,-0.027731,0.017482,0.022863,-0.738598,0.673531,0.105184,0.005794,-0.013191,0.015912,-0.040351,-0.423495,
1624924256.000000,114337444.000000,0.272471,-0.400024,-0.027824,0.017421,0.022845,-0.739304,0.672758,0.106344,0.005802,-0.011413,-0.010771,-0.016964,-0.418011,
1624924256.000000,119340420.000000,0.272468,-0.400630,-0.027981,0.017378,0.022859,-0.740015,0.671977,0.118447,0.009646,-0.020038,0.015729,0.021772,-0.427643,
1624924256.000000,124343395.000000,0.272461,-0.401232,-0.028123,0.017538,0.022944,-0.740750,0.671159,0.124156,0.011238,-0.022742,0.032061,0.130986,-0.454226,
1624924256.000000,219404459.000000,0.271109,-0.414015,-0.028765,0.017436,0.021752,-0.754634,0.655553,0.120915,0.009653,0.018707,0.012837,0.079373,-0.425831,
1624924256.000000,224407434.000000,0.271073,-0.414636,-0.028706,0.017565,0.021871,-0.755329,0.654746,0.126666,0.011044,0.018348,0.005408,0.084784,-0.427903,
1624924256.000000,229410648.000000,0.271037,-0.415261,-0.028675,0.017795,0.022083,-0.756042,0.653908,0.128214,0.011669,0.013482,0.017016,0.182330,-0.454511,
1624924256.000000,234413624.000000,0.271121,-0.416916,-0.030006,0.018560,0.022449,-0.756878,0.652906,0.148141,0.017251,-0.015287,0.022570,0.236726,-0.464411,
1624924256.000000,239416361.000000,0.271098,-0.417668,-0.030132,0.018940,0.022778,-0.757616,0.652028,0.152680,0.018431,-0.017134,-0.003998,0.158038,-0.450448,
1624924256.000000,244419336.000000,0.271115,-0.418248,-0.030222,0.019072,0.023004,-0.758336,0.651178,0.134893,0.020674,-0.015211,-0.033975,0.042435,-0.442953,
1624924256.000000,249423265.000000,0.271119,-0.418920,-0.030336,0.019001,0.023094,-0.759060,0.650334,0.132326,0.022168,-0.015541,-0.023385,-0.017137,-0.450409,
1624924256.000000,254426241.000000,0.271131,-0.419582,-0.030452,0.018895,0.023089,-0.759797,0.649476,0.129829,0.023653,-0.016010,-0.006162,-0.049657,-0.451560,
1624924256.000000,259429455.000000,0.271110,-0.420258,-0.030521,0.018748,0.023071,-0.760523,0.648630,0.131636,0.019982,-0.008593,-0.045446,-0.023544,-0.441928,
1624924256.000000,264432192.000000,0.269967,-0.421115,-0.031708,0.018224,0.022918,-0.761224,0.647828,0.125011,0.009155,-0.017488,-0.010910,0.057033,-0.437627,
1624924256.000000,314464569.000000,0.269070,-0.426826,-0.031782,0.018000,0.021102,-0.768194,0.639616,0.101392,0.009007,-0.015843,0.027820,-0.060273,-0.411089,
1624924256.000000,319467545.000000,0.269023,-0.427336,-0.031901,0.017935,0.020994,-0.768858,0.638823,0.104497,0.009944,-0.019747,0.033184,-0.032935,-0.414273,
1624924256.000000,324470282.000000,0.268978,-0.427909,-0.032023,0.017958,0.020968,-0.769532,0.638012,0.114006,0.012490,-0.020408,0.002579,0.056783,-0.432316,
1624924256.000000,329473257.000000,0.269175,-0.429701,-0.031447,0.018186,0.021396,-0.770307,0.637055,0.134535,0.014800,0.003696,0.001182,0.107062,-0.440055,
1624924256.000000,334476471.000000,0.269122,-0.430389,-0.031465,0.018405,0.021581,-0.771004,0.636198,0.139903,0.016516,0.003012,0.006974,0.150728,-0.447338,
1624924256.000000,339479446.000000,0.269068,-0.431009,-0.031475,0.018758,0.021895,-0.771721,0.635307,0.135150,0.015966,0.003335,0.015166,0.222162,-0.464468,
1624924256.000000,344482422.000000,0.269019,-0.431691,-0.031501,0.019146,0.022192,-0.772451,0.634398,0.137166,0.017015,0.002311,0.014393,0.134650,-0.459209,
1624924256.000000,349486589.000000,0.268971,-0.432384,-0.031529,0.019261,0.022350,-0.773167,0.633516,0.139197,0.018059,0.001777,-0.032538,0.050022,-0.452681,
1624924256.000000,354489326.000000,0.268952,-0.432998,-0.031553,0.019218,0.022493,-0.773877,0.632645,0.127846,0.020526,0.001197,-0.034981,-0.017100,-0.444259,
1624924256.000000,359492540.000000,0.268931,-0.433637,-0.031588,0.019090,0.022538,-0.774575,0.631792,0.124785,0.022110,-0.000086,-0.047302,0.003295,-0.444148,
1624924256.000000,409523487.000000,0.267744,-0.440093,-0.033059,0.018365,0.020190,-0.781425,0.623402,0.078991,0.012235,-0.003809,0.051418,-0.114147,-0.409012,
1624924256.000000,414527178.000000,0.267725,-0.440478,-0.033072,0.018343,0.020131,-0.782073,0.622591,0.076104,0.013999,-0.005661,0.026850,-0.006856,-0.412406,
1624924256.000000,419530392.000000,0.267649,-0.441045,-0.033054,0.018290,0.020018,-0.782713,0.621792,0.096158,0.013277,-0.000193,0.024292,-0.069548,-0.408004,
1624924256.000000,424533367.000000,0.267602,-0.441546,-0.033068,0.018179,0.019915,-0.783360,0.620983,0.101430,0.014252,0.000111,0.018583,-0.024173,-0.423972,
1624924256.000000,429536343.000000,0.267946,-0.443580,-0.033034,0.018305,0.020209,-0.784082,0.620057,0.123743,0.016893,0.005141,-0.007585,0.094741,-0.452875,
1624924256.000000,434539557.000000,0.267901,-0.444205,-0.033068,0.018526,0.020431,-0.784783,0.619156,0.128060,0.019136,0.000748,0.026116,0.148684,-0.448746,
1624924256.000000,439542532.000000,0.267845,-0.444861,-0.033105,0.018852,0.020597,-0.785468,0.618273,0.133029,0.020609,-0.002004,0.033142,0.128651,-0.449560,
1624924256.000000,444546461.000000,0.267788,-0.445543,-0.033161,0.019096,0.020810,-0.786178,0.617355,0.137743,0.022096,-0.004236,-0.020452,0.161962,-0.478417,
1624924256.000000,449549437.000000,0.267758,-0.446161,-0.033208,0.019346,0.021175,-0.786910,0.616401,0.129100,0.024712,-0.004056,-0.053534,0.147983,-0.474324,
1624924256.000000,454552412.000000,0.267727,-0.446816,-0.033263,0.019490,0.021424,-0.787613,0.615489,0.128619,0.026649,-0.004495,0.021775,0.080635,-0.448592,
1624924256.000000,494577408.000000,0.265222,-0.452774,-0.035510,0.019898,0.020305,-0.793045,0.608499,0.094839,0.004431,0.006570,0.048767,-0.292184,-0.412244,
1624924256.000000,499580145.000000,0.264052,-0.454254,-0.036037,0.019660,0.019761,-0.793710,0.607657,0.081455,-0.000069,-0.020807,-0.024407,-0.227447,-0.415659,
1624924256.000000,504584312.000000,0.263958,-0.454622,-0.036181,0.019210,0.019568,-0.794341,0.606852,0.073708,0.002592,-0.027839,-0.015428,-0.222317,-0.400790,
1624924256.000000,509587288.000000,0.263742,-0.455221,-0.036195,0.018727,0.019165,-0.794951,0.606082,0.098876,-0.002944,-0.014417,0.051169,-0.235624,-0.390019,
1624924256.000000,514590263.000000,0.263593,-0.455701,-0.036298,0.018457,0.018785,-0.795570,0.605290,0.102586,-0.002981,-0.015285,0.073513,-0.115294,-0.420843,
1624924256.000000,519593477.000000,0.263438,-0.456201,-0.036394,0.018445,0.018628,-0.796235,0.604419,0.106377,-0.002982,-0.015133,0.029952,0.044531,-0.444527,
1624924256.000000,524596453.000000,0.263306,-0.456743,-0.036526,0.018594,0.018756,-0.796890,0.603547,0.113516,0.001971,-0.019902,-0.003454,0.069681,-0.418945,
1624924256.000000,529599190.000000,0.263162,-0.458597,-0.036444,0.018775,0.019127,-0.797559,0.602645,0.123365,0.004699,-0.016093,0.007362,0.060294,-0.420855,
1624924256.000000,534602404.000000,0.263018,-0.459202,-0.036567,0.018934,0.019236,-0.798208,0.601777,0.126999,0.006758,-0.019329,0.017106,0.110001,-0.440250,
1624924256.000000,539655685.000000,0.262878,-0.459825,-0.036708,0.019186,0.019414,-0.798878,0.600874,0.130640,0.008835,-0.022446,0.014902,0.122088,-0.459330,
1624924256.000000,584683418.000000,0.260493,-0.466088,-0.038762,0.020185,0.019718,-0.804954,0.592666,0.113724,-0.015088,0.016317,0.121581,0.077322,-0.468948,
1624924256.000000,589686394.000000,0.260328,-0.466521,-0.038794,0.020418,0.019585,-0.805651,0.591714,0.097803,-0.010665,0.009504,0.108526,-0.000877,-0.462614,
1624924256.000000,594690323.000000,0.260028,-0.467844,-0.038421,0.020551,0.019337,-0.806304,0.590828,0.086456,-0.012015,0.015391,0.064035,-0.162963,-0.431658,
1624924256.000000,599693537.000000,0.259845,-0.468223,-0.038362,0.020102,0.018970,-0.806931,0.589998,0.079001,-0.012501,0.016669,-0.016031,-0.273675,-0.401784,
1624924256.000000,604696512.000000,0.259694,-0.468701,-0.038484,0.019504,0.018656,-0.807532,0.589206,0.086219,-0.005386,-0.002378,-0.018477,-0.234463,-0.404890,
1624924256.000000,609699488.000000,0.259543,-0.469094,-0.038530,0.019085,0.018337,-0.808147,0.588386,0.083247,-0.003407,-0.007505,0.053135,-0.203127,-0.411466,
1624924256.000000,614702463.000000,0.259406,-0.469477,-0.038590,0.018790,0.017936,-0.808761,0.587564,0.080427,-0.001441,-0.011863,0.069439,-0.151811,-0.407123,
1624924256.000000,619705439.000000,0.259215,-0.469987,-0.038587,0.018652,0.017713,-0.809369,0.586737,0.098357,-0.002506,-0.002215,0.028733,-0.040319,-0.413498,
1624924256.000000,624708414.000000,0.259048,-0.470463,-0.038623,0.018655,0.017712,-0.809985,0.585887,0.103794,-0.001704,-0.001232,-0.000129,0.032949,-0.426301,
1624924256.000000,629712582.000000,0.259100,-0.472711,-0.039203,0.018582,0.017933,-0.810594,0.585038,0.131450,0.002199,-0.015347,0.010495,0.071917,-0.432704,
1624924256.000000,689749718.000000,0.257425,-0.480382,-0.040871,0.020768,0.018895,-0.818418,0.573937,0.100375,-0.004858,0.025098,0.065127,0.031078,-0.443342,
1624924256.000000,694753408.000000,0.256510,-0.481434,-0.040475,0.020782,0.018667,-0.819034,0.573065,0.089870,-0.018893,0.043080,0.064754,-0.128147,-0.426314,
1624924256.000000,699756622.000000,0.256426,-0.481775,-0.040701,0.020417,0.018238,-0.819646,0.572216,0.076204,-0.006647,0.004017,0.059836,-0.300030,-0.409239,
1624924256.000000,704759359.000000,0.256272,-0.482105,-0.040712,0.019766,0.017664,-0.820247,0.571395,0.068254,-0.005096,-0.001516,0.048896,-0.358568,-0.408135,
1624924256.000000,709762335.000000,0.256142,-0.482396,-0.040734,0.019209,0.017251,-0.820858,0.570548,0.059942,-0.003571,-0.006032,-0.036873,-0.134496,-0.431564,
1624924256.000000,714765549.000000,0.255955,-0.482827,-0.040666,0.018955,0.017203,-0.821471,0.569676,0.078964,-0.003618,0.004874,0.044847,-0.181679,-0.405251,
1624924256.000000,719768524.000000,0.255801,-0.483198,-0.040657,0.018605,0.016753,-0.822049,0.568866,0.082397,-0.002693,0.003199,0.034141,-0.132184,-0.409995,
1624924256.000000,724772453.000000,0.255642,-0.483588,-0.040668,0.018508,0.016715,-0.822658,0.567989,0.085866,-0.001745,0.000886,0.031093,-0.021375,-0.431799,
1624924256.000000,729775667.000000,0.255815,-0.486082,-0.040755,0.018703,0.016854,-0.823278,0.567080,0.119618,0.007969,-0.004145,0.054858,0.102673,-0.438992,
1624924256.000000,734778404.000000,0.255649,-0.486659,-0.040802,0.019059,0.017044,-0.823893,0.566169,0.125167,0.009545,-0.007274,0.011644,0.148932,-0.427467,
1624924256.000000,819832563.000000,0.251700,-0.496585,-0.042671,0.019107,0.016029,-0.834339,0.550688,0.067099,0.003740,-0.009935,0.049843,-0.126333,-0.410461,
1624924256.000000,824835300.000000,0.251506,-0.497030,-0.042688,0.018912,0.015720,-0.834905,0.549844,0.086149,0.001707,-0.004026,0.055959,-0.072239,-0.410138,
1624924256.000000,829838514.000000,0.251436,-0.498846,-0.042802,0.018927,0.015805,-0.835501,0.548936,0.108405,0.004402,0.007942,0.030807,0.031733,-0.427328,
1624924256.000000,834841490.000000,0.251235,-0.499365,-0.042785,0.019098,0.015858,-0.836091,0.548028,0.113139,0.004723,0.009647,0.021566,0.125400,-0.434798,
1624924256.000000,839844465.000000,0.251092,-0.499909,-0.042912,0.019436,0.016112,-0.836674,0.547118,0.115920,0.012229,-0.005696,-0.026402,0.196865,-0.425230,
1624924256.000000,844847679.000000,0.250916,-0.500477,-0.042970,0.019743,0.016426,-0.837246,0.546223,0.120357,0.014927,-0.008353,-0.004441,0.119679,-0.432535,
1624924256.000000,849850416.000000,0.250744,-0.501068,-0.043042,0.019933,0.016539,-0.837846,0.545292,0.124653,0.017657,-0.011084,0.016389,0.095459,-0.448661,
1624924256.000000,854854584.000000,0.250578,-0.501580,-0.043060,0.020135,0.016682,-0.838464,0.544329,0.114772,0.014843,-0.004318,0.003294,0.080446,-0.468801,
1624924256.000000,859857559.000000,0.250415,-0.502130,-0.043110,0.020223,0.016780,-0.839103,0.543338,0.113056,0.015350,-0.003800,-0.008330,0.034401,-0.463676,
1624924256.000000,864860535.000000,0.249824,-0.503895,-0.044727,0.020239,0.016805,-0.839702,0.542410,0.113674,0.014526,-0.028044,-0.058190,-0.013080,-0.443208,
1624924256.000000,909888268.000000,0.247569,-0.508901,-0.044456,0.020443,0.015832,-0.845068,0.534033,0.066323,0.002150,0.008423,0.017370,-0.344902,-0.418816,
1624924256.000000,914892435.000000,0.247448,-0.509187,-0.044444,0.019810,0.015449,-0.845643,0.533158,0.057279,0.003873,0.003019,-0.005083,-0.208566,-0.421895,
1624924256.000000,919895411.000000,0.247238,-0.509618,-0.044382,0.019459,0.015217,-0.846211,0.532275,0.078443,0.001673,0.009726,0.053228,-0.187100,-0.412442,
1624924256.000000,924898386.000000,0.247070,-0.509985,-0.044362,0.019207,0.014904,-0.846769,0.531405,0.081852,0.001856,0.007925,0.032770,-0.028148,-0.422847,
1624924256.000000,929901600.000000,0.245626,-0.512077,-0.045360,0.019084,0.014855,-0.847322,0.530529,0.113983,-0.002756,-0.001697,0.035046,0.040876,-0.439027,
1624924256.000000,934904575.000000,0.245368,-0.512658,-0.045527,0.019181,0.014819,-0.847901,0.529600,0.124112,0.001666,-0.014896,0.019963,0.064455,-0.431556,
1624924256.000000,939907312.000000,0.245101,-0.513232,-0.045637,0.019391,0.014981,-0.848468,0.528679,0.129882,0.003312,-0.018257,0.000073,0.122714,-0.438867,
1624924256.000000,944911480.000000,0.244827,-0.513834,-0.045768,0.019691,0.015187,-0.849047,0.527731,0.135704,0.004989,-0.021788,-0.002666,0.195075,-0.442248,
1624924256.000000,949914455.000000,0.244577,-0.514386,-0.045856,0.020105,0.015486,-0.849617,0.526789,0.129290,0.005618,-0.017074,0.007658,0.169597,-0.441039,
1624924256.000000,954917431.000000,0.244317,-0.514976,-0.045976,0.020329,0.015619,-0.850200,0.525836,0.130082,0.006881,-0.018016,0.006934,0.049140,-0.451739,
1624924256.000000,999945641.000000,0.242032,-0.520678,-0.046848,0.021819,0.015697,-0.855545,0.517031,0.077015,-0.009077,0.019290,0.081290,-0.078624,-0.426194,
1624924257.000000,4949570.000000,0.241818,-0.520984,-0.046770,0.021465,0.015316,-0.856093,0.516149,0.068845,-0.009528,0.020140,0.040065,-0.309023,-0.407953,
1624924257.000000,9952545.000000,0.241624,-0.521250,-0.046682,0.020785,0.014918,-0.856645,0.515272,0.060395,-0.010007,0.021158,-0.023019,-0.249572,-0.427130,
1624924257.000000,14955521.000000,0.241425,-0.521654,-0.046800,0.020285,0.014688,-0.857212,0.514355,0.069856,-0.003941,0.001511,0.027739,-0.270705,-0.426295,
1624924257.000000,19958496.000000,0.241250,-0.521949,-0.046837,0.019740,0.014233,-0.857765,0.513466,0.067007,-0.002491,-0.005038,0.053073,-0.208392,-0.413304,
1624924257.000000,24961472.000000,0.241090,-0.522230,-0.046898,0.019515,0.014010,-0.858306,0.512576,0.063867,-0.001065,-0.010974,0.038651,-0.082651,-0.420787,
1624924257.000000,29964447.000000,0.240064,-0.524647,-0.047881,0.019305,0.013873,-0.858841,0.511690,0.117655,-0.002435,-0.015516,0.027191,0.056310,-0.433603,
1624924257.000000,34967422.000000,0.239772,-0.525168,-0.047989,0.019507,0.013965,-0.859391,0.510756,0.123610,-0.001472,-0.016509,0.012286,0.080318,-0.427256,
1624924257.000000,39971352.000000,0.239468,-0.525716,-0.048104,0.019649,0.014056,-0.859932,0.509836,0.129520,-0.000492,-0.017568,0.006907,0.077340,-0.431368,
1624924257.000000,44974566.000000,0.239211,-0.526214,-0.048277,0.019872,0.014202,-0.860488,0.508885,0.125268,0.002092,-0.024524,0.002719,0.140100,-0.447449,
1624924257.000000,90002537.000000,0.236945,-0.532000,-0.049816,0.021210,0.014922,-0.865669,0.499945,0.104139,-0.006257,0.008082,0.129521,0.151479,-0.456992,
1624924257.000000,95005512.000000,0.236879,-0.533315,-0.049239,0.021725,0.014722,-0.866214,0.498983,0.095376,-0.013448,0.029854,0.113787,0.062237,-0.452762,
1624924257.000000,100009680.000000,0.236577,-0.533689,-0.049084,0.021810,0.014521,-0.866783,0.497997,0.090652,-0.016679,0.040101,0.090045,-0.066717,-0.453788,
1624924257.000000,105012655.000000,0.236432,-0.534029,-0.049325,0.021640,0.014284,-0.867347,0.497028,0.078408,-0.003961,-0.002322,0.004226,-0.143805,-0.431562,
1624924257.000000,110015631.000000,0.236229,-0.534348,-0.049340,0.021185,0.014110,-0.867874,0.496132,0.071384,-0.001965,-0.007482,-0.006246,-0.248515,-0.405809,
1624924257.000000,115018845.000000,0.236054,-0.534633,-0.049399,0.020591,0.013736,-0.868388,0.495267,0.063943,-0.000020,-0.013808,0.033932,-0.281861,-0.401589,
1624924257.000000,120021582.000000,0.235904,-0.534896,-0.049493,0.020094,0.013360,-0.868910,0.494382,0.056878,0.001909,-0.020474,0.057049,-0.199040,-0.423907,
1624924257.000000,125024557.000000,0.235604,-0.535326,-0.049442,0.019834,0.013076,-0.869453,0.493444,0.078409,-0.002292,-0.005513,0.042463,-0.100288,-0.431574,
1624924257.000000,130027533.000000,0.234619,-0.537378,-0.050495,0.019589,0.012934,-0.869987,0.492516,0.106668,-0.004486,-0.016560,0.016771,-0.018816,-0.436690,
1624924257.000000,135031462.000000,0.234322,-0.537830,-0.050602,0.019629,0.012966,-0.870526,0.491560,0.110241,-0.004453,-0.016465,-0.004462,0.062662,-0.435754,
1624924257.000000,180059433.000000,0.232178,-0.543400,-0.052786,0.020814,0.013825,-0.875436,0.482687,0.101552,0.005580,-0.035806,-0.001331,-0.022156,-0.452703,
1624924257.000000,185062647.000000,0.231875,-0.543837,-0.052812,0.020918,0.013843,-0.875990,0.481676,0.102647,-0.001907,-0.010397,0.054144,0.150920,-0.474988,
1624924257.000000,190065622.000000,0.231587,-0.544256,-0.052864,0.021457,0.013920,-0.876560,0.480613,0.100876,-0.005152,0.000026,0.126555,0.183358,-0.471004,
1624924257.000000,195068598.000000,0.230274,-0.546057,-0.052189,0.021955,0.013683,-0.877088,0.479633,0.112634,-0.018095,0.037136,0.115284,0.097218,-0.452619,
1624924257.000000,200072765.000000,0.230067,-0.546365,-0.052305,0.022096,0.013505,-0.877623,0.478652,0.090262,-0.010753,0.014077,0.102925,-0.111450,-0.432493,
1624924257.000000,205075502.000000,0.229778,-0.546709,-0.052294,0.021772,0.013131,-0.878152,0.477706,0.083032,-0.010584,0.011945,0.019565,-0.169479,-0.442932,
1624924257.000000,210078478.000000,0.229508,-0.547027,-0.052291,0.021373,0.013018,-0.878688,0.476740,0.076122,-0.010438,0.009709,-0.038923,-0.205651,-0.427344,
1624924257.000000,215081692.000000,0.229185,-0.547424,-0.052292,0.020767,0.012726,-0.879194,0.475841,0.087865,-0.010452,0.004622,0.051838,-0.308458,-0.410976,
1624924257.000000,220084667.000000,0.228901,-0.547763,-0.052284,0.020226,0.012251,-0.879710,0.474923,0.087757,-0.010361,0.001245,0.061119,-0.214405,-0.429229,
1624924257.000000,225087643.000000,0.228617,-0.548101,-0.052303,0.019970,0.012025,-0.880241,0.473953,0.087605,-0.010266,-0.002268,0.042218,-0.064330,-0.454795,
1624924257.000000,320148706.000000,0.221300,-0.560551,-0.055051,0.020488,0.011365,-0.890133,0.455099,0.078345,-0.007782,-0.025005,0.052227,-0.168912,-0.433418,
1624924257.000000,325151443.000000,0.220936,-0.560962,-0.055138,0.020341,0.011182,-0.890640,0.454116,0.097141,-0.009100,-0.018448,0.033296,-0.029322,-0.446302,
1624924257.000000,330154657.000000,0.220262,-0.562755,-0.054889,0.020160,0.011100,-0.891111,0.453201,0.111687,-0.012702,-0.000635,0.017168,-0.005180,-0.436649,
1624924257.000000,335157633.000000,0.219873,-0.563177,-0.054920,0.020157,0.011080,-0.891606,0.452227,0.116577,-0.012280,-0.001205,0.013063,-0.003188,-0.443964,
1624924257.000000,340160370.000000,0.219511,-0.563604,-0.055008,0.020192,0.011098,-0.892115,0.451220,0.117606,-0.009402,-0.008250,0.009795,0.048516,-0.453717,
1624924257.000000,345163584.000000,0.219121,-0.564057,-0.055084,0.020432,0.011214,-0.892625,0.450197,0.121319,-0.008126,-0.010835,0.016205,0.176714,-0.463189,
1624924257.000000,350166321.000000,0.218720,-0.564530,-0.055174,0.020882,0.011424,-0.893137,0.449155,0.125255,-0.006837,-0.013243,0.014133,0.178567,-0.456948,
1624924257.000000,355170250.000000,0.218313,-0.565022,-0.055283,0.021219,0.011624,-0.893638,0.448135,0.129249,-0.005524,-0.016117,-0.022017,0.163750,-0.459928,
1624924257.000000,360173464.000000,0.217976,-0.565421,-0.055365,0.021537,0.011902,-0.894149,0.447092,0.117416,-0.004856,-0.014505,-0.025528,0.140154,-0.464382,
1624924257.000000,365176439.000000,0.218491,-0.567769,-0.055998,0.022075,0.012003,-0.894673,0.446015,0.117989,0.003106,-0.027949,0.002538,0.004470,-0.452647,
1624924257.000000,410204411.000000,0.215422,-0.572709,-0.055630,0.021822,0.011134,-0.899167,0.436918,0.072215,-0.005629,0.015593,0.003116,-0.313908,-0.407865,
1624924257.000000,415208578.000000,0.215192,-0.572963,-0.055568,0.021156,0.010729,-0.899637,0.435994,0.063852,-0.003510,0.011678,0.048780,-0.294654,-0.426933,
1624924257.000000,420211554.000000,0.214840,-0.573307,-0.055421,0.020650,0.010366,-0.900125,0.435019,0.081756,-0.008661,0.023985,0.068465,-0.180370,-0.433561,
1624924257.000000,425214529.000000,0.214544,-0.573608,-0.055316,0.020442,0.010091,-0.900602,0.434046,0.084249,-0.009414,0.025420,0.059302,-0.084506,-0.436528,
1624924257.000000,430217743.000000,0.213927,-0.575689,-0.056921,0.020415,0.009989,-0.901060,0.433100,0.106080,-0.009115,-0.012008,-0.016293,0.037854,-0.445169,
1624924257.000000,435220718.000000,0.213577,-0.576164,-0.057056,0.020554,0.010171,-0.901538,0.432091,0.115891,-0.001782,-0.018342,-0.014727,0.089425,-0.448339,
1624924257.000000,440223455.000000,0.213207,-0.576618,-0.057183,0.020778,0.010262,-0.902017,0.431078,0.121025,0.000220,-0.020870,0.040116,0.123604,-0.445166,
1624924257.000000,445227385.000000,0.212828,-0.577097,-0.057310,0.021129,0.010346,-0.902489,0.430070,0.126122,0.002243,-0.022363,0.026364,0.135860,-0.445111,
1624924257.000000,450230360.000000,0.212481,-0.577520,-0.057427,0.021471,0.010514,-0.902967,0.429045,0.118399,0.001328,-0.021414,-0.002678,0.199710,-0.462134,
1624924257.000000,455233335.000000,0.212120,-0.577982,-0.057561,0.021890,0.010766,-0.903449,0.428000,0.118116,0.002195,-0.022298,-0.012188,0.123744,-0.446380,
1624924257.000000,500261545.000000,0.208377,-0.585371,-0.057925,0.023469,0.010543,-0.907784,0.418648,0.090231,-0.008886,0.024171,0.076448,-0.113610,-0.430291,
1624924257.000000,505265474.000000,0.208059,-0.585674,-0.057834,0.022999,0.010254,-0.908237,0.417698,0.081836,-0.008662,0.022527,-0.015048,-0.259331,-0.408951,
1624924257.000000,510268450.000000,0.207773,-0.585942,-0.057759,0.022313,0.010058,-0.908676,0.416784,0.073171,-0.008481,0.019783,-0.018879,-0.329066,-0.408866,
1624924257.000000,515271664.000000,0.207428,-0.586273,-0.057734,0.021560,0.009678,-0.909127,0.415848,0.082913,-0.008675,0.011875,0.062549,-0.299377,-0.419633,
1624924257.000000,520274639.000000,0.207125,-0.586557,-0.057705,0.021105,0.009292,-0.909583,0.414882,0.081754,-0.008635,0.007188,0.066039,-0.166219,-0.433416,
1624924257.000000,525277615.000000,0.206825,-0.586836,-0.057699,0.020917,0.009116,-0.910044,0.413882,0.080656,-0.008599,0.002798,0.023087,-0.020266,-0.440959,
1624924257.000000,530280590.000000,0.206560,-0.588929,-0.058510,0.020863,0.009155,-0.910518,0.412840,0.115253,-0.000211,-0.003293,0.009375,0.060593,-0.438820,
1624924257.000000,535283566.000000,0.206171,-0.589374,-0.058554,0.021070,0.009238,-0.910966,0.411840,0.121479,0.001073,-0.004398,0.024253,0.122818,-0.437726,
1624924257.000000,540287495.000000,0.205765,-0.589847,-0.058600,0.021381,0.009344,-0.911410,0.410837,0.127673,0.002381,-0.005059,0.008542,0.115811,-0.438809,
1624924257.000000,545290709.000000,0.205392,-0.590281,-0.058659,0.021609,0.009470,-0.911856,0.409833,0.122600,0.002881,-0.007656,0.011337,0.110977,-0.439865,
1624924257.000000,590318441.000000,0.202888,-0.597160,-0.058675,0.023433,0.010121,-0.915966,0.400443,0.107436,0.004824,0.027453,0.135615,0.124108,-0.453741,
1624924257.000000,595321417.000000,0.201847,-0.598746,-0.058682,0.023940,0.009917,-0.916409,0.399404,0.095911,-0.005646,0.037763,0.116136,0.010040,-0.450638,
1624924257.000000,600325584.000000,0.201498,-0.599068,-0.058499,0.023875,0.009638,-0.916857,0.398385,0.089311,-0.008619,0.045068,0.088471,-0.136659,-0.432498,
1624924257.000000,605328560.000000,0.201158,-0.599356,-0.058275,0.023457,0.009347,-0.917293,0.397412,0.082731,-0.011635,0.052751,-0.002918,-0.265683,-0.419659,
1624924257.000000,610331535.000000,0.200933,-0.599734,-0.058487,0.022783,0.009172,-0.917722,0.396464,0.080604,0.001953,0.010845,-0.032335,-0.240953,-0.414366,
1624924257.000000,615334749.000000,0.200677,-0.600028,-0.058464,0.022246,0.008949,-0.918140,0.395531,0.075193,0.003931,0.003738,0.057403,-0.276644,-0.399496,
1624924257.000000,620337486.000000,0.200450,-0.600305,-0.058458,0.021730,0.008555,-0.918549,0.394616,0.069469,0.005877,-0.002143,0.052731,-0.139878,-0.406792,
1624924257.000000,625341415.000000,0.200100,-0.600672,-0.058310,0.021646,0.008449,-0.918965,0.393654,0.087561,0.002912,0.018022,0.043365,-0.035864,-0.426139,
1624924257.000000,630344629.000000,0.199306,-0.603047,-0.058893,0.021622,0.008398,-0.919399,0.392643,0.123232,0.007687,-0.001353,0.028099,-0.026455,-0.419820,
1624924257.000000,635347605.000000,0.198901,-0.603523,-0.058933,0.021640,0.008406,-0.919814,0.391667,0.128084,0.007826,-0.001941,-0.000989,0.055040,-0.439808,
1624924257.000000,680375338.000000,0.195568,-0.610707,-0.059783,0.023242,0.009301,-0.923720,0.382249,0.126010,0.018868,-0.006205,0.010980,0.096984,-0.447474,
1624924257.000000,685378313.000000,0.195158,-0.611168,-0.059635,0.023493,0.009329,-0.924141,0.381214,0.121436,0.010198,0.023183,0.080973,0.092438,-0.442206,
1624924257.000000,690381527.000000,0.194757,-0.611623,-0.059517,0.023813,0.009188,-0.924562,0.380177,0.118487,0.006224,0.034980,0.127192,0.110231,-0.453799,
1624924257.000000,695385456.000000,0.194410,-0.613248,-0.059709,0.024158,0.009056,-0.925010,0.379065,0.118912,0.001602,0.044945,0.131167,0.047340,-0.450897,
1624924257.000000,700388670.000000,0.193980,-0.613666,-0.059484,0.024194,0.008778,-0.925431,0.378042,0.115789,-0.002379,0.057058,0.098321,-0.107727,-0.428397,
1624924257.000000,705391645.000000,0.193796,-0.614066,-0.059714,0.023887,0.008511,-0.925838,0.377068,0.097823,0.011263,0.017163,0.023654,-0.173801,-0.414531,
1624924257.000000,710394382.000000,0.193496,-0.614441,-0.059655,0.023483,0.008399,-0.926238,0.376113,0.090546,0.012298,0.014409,-0.035058,-0.156524,-0.416648,
1624924257.000000,715397596.000000,0.193224,-0.614795,-0.059631,0.023014,0.008286,-0.926634,0.375168,0.083609,0.013310,0.009993,0.029576,-0.266076,-0.392330,
1624924257.000000,720401525.000000,0.192871,-0.615210,-0.059638,0.022398,0.007900,-0.927017,0.374267,0.095439,0.011584,0.004990,0.058165,-0.244278,-0.404727,
1624924257.000000,725404501.000000,0.192566,-0.615584,-0.059646,0.022037,0.007650,-0.927422,0.373289,0.095300,0.011502,0.001768,0.055332,-0.121210,-0.428550,
1624924257.000000,825467348.000000,0.181506,-0.626387,-0.061257,0.022467,0.006985,-0.935420,0.352754,0.095972,0.008305,-0.030413,0.065920,-0.161288,-0.410517,
1624924257.000000,830470562.000000,0.180953,-0.626871,-0.061163,0.022257,0.006815,-0.935793,0.351781,0.118964,0.005518,-0.009161,-0.003837,-0.009558,-0.427371,
1624924257.000000,835473537.000000,0.180522,-0.627278,-0.061205,0.022334,0.006927,-0.936168,0.350775,0.122576,0.005900,-0.006791,0.008983,0.033185,-0.419132,
1624924257.000000,840476513.000000,0.180078,-0.627702,-0.061245,0.022395,0.006888,-0.936530,0.349804,0.126091,0.006305,-0.004452,0.024988,0.032894,-0.419846,
1624924257.000000,845480680.000000,0.179620,-0.628143,-0.061322,0.022543,0.006934,-0.936905,0.348789,0.129816,0.007159,-0.008052,0.023176,0.075934,-0.441369,
1624924257.000000,850483656.000000,0.179148,-0.628598,-0.061394,0.022814,0.006986,-0.937292,0.347728,0.133750,0.007799,-0.009270,0.019422,0.163329,-0.462593,
1624924257.000000,855486393.000000,0.178661,-0.629070,-0.061474,0.023267,0.007169,-0.937685,0.346632,0.137912,0.008478,-0.010374,-0.001138,0.190623,-0.460616,
1624924257.000000,860489607.000000,0.177519,-0.629348,-0.061223,0.023756,0.007302,-0.938070,0.345553,0.131214,0.006820,-0.013420,-0.019286,0.114165,-0.450871,
1624924257.000000,865492582.000000,0.177048,-0.629797,-0.061330,0.023898,0.007441,-0.938451,0.344504,0.130288,0.007824,-0.015908,-0.022432,0.045897,-0.442381,
1624924257.000000,870495558.000000,0.176584,-0.630246,-0.061449,0.023932,0.007533,-0.938832,0.343461,0.129296,0.008824,-0.018466,-0.011814,-0.002517,-0.452939,
1624924257.000000,915524483.000000,0.172326,-0.633863,-0.060958,0.023742,0.006715,-0.942185,0.334184,0.075278,-0.005681,0.012567,-0.008440,-0.246271,-0.391220,
1624924257.000000,920527458.000000,0.171888,-0.634150,-0.060929,0.023188,0.006426,-0.942528,0.333260,0.089545,-0.008475,0.009952,0.065318,-0.250375,-0.397617,
1624924257.000000,925530434.000000,0.170112,-0.634472,-0.060876,0.022698,0.006347,-0.942861,0.332352,0.103824,-0.011708,0.014142,0.065981,-0.127748,-0.417815,
1624924257.000000,930533648.000000,0.169661,-0.634755,-0.060837,0.022583,0.006191,-0.943217,0.331351,0.104727,-0.012226,0.015390,0.037206,-0.025278,-0.425363,
1624924257.000000,935536623.000000,0.169209,-0.635038,-0.060780,0.022553,0.006168,-0.943566,0.330360,0.105820,-0.012713,0.016964,-0.010745,-0.009712,-0.411482,
1624924257.000000,940540552.000000,0.168700,-0.635462,-0.060828,0.022552,0.006217,-0.943904,0.329390,0.119816,-0.005935,0.007614,0.013400,0.031385,-0.416673,
1624924257.000000,945543528.000000,0.168209,-0.635823,-0.060830,0.022673,0.006208,-0.944254,0.328379,0.124479,-0.004267,0.004948,0.023599,0.037085,-0.435967,
1624924257.000000,950546503.000000,0.167701,-0.636202,-0.060844,0.022799,0.006239,-0.944613,0.327333,0.129241,-0.002583,0.002493,0.017816,0.091514,-0.446620,
1624924257.000000,955549479.000000,0.167191,-0.636568,-0.060868,0.023101,0.006318,-0.944976,0.326262,0.129763,-0.003585,0.000244,0.014892,0.130396,-0.459357,
1624924257.000000,960552692.000000,0.167291,-0.636847,-0.061322,0.023725,0.006386,-0.945344,0.325149,0.125222,-0.000116,-0.011915,-0.012892,0.169157,-0.461550,
1624924258.000000,5581379.000000,0.163569,-0.639778,-0.062057,0.025034,0.006280,-0.948576,0.315496,0.079754,-0.018483,0.038061,0.105187,-0.125055,-0.419983,
1624924258.000000,10584354.000000,0.163198,-0.639929,-0.061859,0.024660,0.006004,-0.948912,0.314519,0.072212,-0.021079,0.045345,0.008576,-0.193361,-0.409209,
1624924258.000000,15587568.000000,0.162870,-0.640123,-0.061823,0.024156,0.005943,-0.949247,0.313548,0.069669,-0.013465,0.023858,-0.034807,-0.226453,-0.411450,
1624924258.000000,20590544.000000,0.162558,-0.640273,-0.061733,0.023470,0.005735,-0.949579,0.312595,0.064083,-0.012020,0.019213,0.052816,-0.364186,-0.388085,
1624924258.000000,25593519.000000,0.160893,-0.641916,-0.062339,0.022775,0.005545,-0.949899,0.311678,0.075951,-0.004088,-0.019282,0.071486,-0.200327,-0.412252,
1624924258.000000,30597687.000000,0.160352,-0.642253,-0.062309,0.022595,0.005377,-0.950240,0.310652,0.099059,-0.006262,-0.002869,0.040007,-0.047596,-0.437199,
1624924258.000000,35600424.000000,0.159925,-0.642529,-0.062360,0.022550,0.005308,-0.950575,0.309629,0.103476,-0.005920,-0.002136,0.015727,0.030334,-0.421048,
1624924258.000000,40603399.000000,0.159486,-0.642818,-0.062410,0.022686,0.005363,-0.950895,0.308636,0.107669,-0.005566,-0.001475,0.001707,0.043091,-0.417765,
1624924258.000000,45606613.000000,0.159047,-0.643115,-0.062494,0.022771,0.005389,-0.951219,0.307629,0.109460,-0.003835,-0.008145,0.024095,0.064195,-0.427417,
1624924258.000000,50609589.000000,0.158588,-0.643425,-0.062561,0.023039,0.005421,-0.951546,0.306593,0.112857,-0.002911,-0.010317,0.029623,0.132689,-0.442313,
1624924258.000000,95638275.000000,0.153837,-0.646905,-0.063103,0.024696,0.006012,-0.954574,0.296887,0.099068,-0.014756,0.017561,0.088795,0.139078,-0.451734,
1624924258.000000,100641489.000000,0.153383,-0.647114,-0.063017,0.025078,0.005871,-0.954907,0.295786,0.095589,-0.018518,0.027989,0.124194,0.084486,-0.452043,
1624924258.000000,105644464.000000,0.152931,-0.647299,-0.062873,0.025190,0.005621,-0.955234,0.294725,0.092341,-0.022277,0.038987,0.108203,-0.058998,-0.432661,
1624924258.000000,110647440.000000,0.152593,-0.647476,-0.062932,0.024958,0.005397,-0.955555,0.293704,0.078996,-0.014944,0.012815,0.014584,-0.163994,-0.418864,
1624924258.000000,115650654.000000,0.152236,-0.647627,-0.062891,0.024468,0.005284,-0.955871,0.292717,0.071851,-0.014347,0.010069,0.018075,-0.237999,-0.411371,
1624924258.000000,120653391.000000,0.151912,-0.647760,-0.062859,0.023893,0.005042,-0.956188,0.291734,0.064636,-0.013776,0.007571,0.024367,-0.240386,-0.412454,
1624924258.000000,125657320.000000,0.151488,-0.647946,-0.062788,0.023385,0.004866,-0.956502,0.290745,0.078204,-0.015262,0.013213,0.035343,-0.194543,-0.415672,
1624924258.000000,130660534.000000,0.150373,-0.648419,-0.063551,0.023039,0.004836,-0.956822,0.289719,0.090205,-0.013340,-0.015915,0.060177,-0.091995,-0.426279,
1624924258.000000,135663509.000000,0.149963,-0.648614,-0.063656,0.023009,0.004728,-0.957136,0.288686,0.091527,-0.013507,-0.017864,0.022983,0.033389,-0.429584,
1624924258.000000,140666485.000000,0.149504,-0.648887,-0.063756,0.023131,0.004752,-0.957439,0.287668,0.101396,-0.009092,-0.017192,0.026763,0.035793,-0.418878,
1624924258.000000,185695648.000000,0.144912,-0.651182,-0.063169,0.024474,0.005360,-0.960264,0.277965,0.100873,-0.008964,-0.008545,-0.003974,0.021529,-0.454987,
1624924258.000000,190698624.000000,0.144442,-0.651373,-0.063101,0.024628,0.005386,-0.960577,0.276868,0.098794,-0.015566,0.010181,0.052365,0.104293,-0.452999,
1624924258.000000,195701599.000000,0.143173,-0.651600,-0.063150,0.024852,0.005285,-0.960879,0.275799,0.101783,-0.024599,0.024369,0.093077,0.070003,-0.453988,
1624924258.000000,200704575.000000,0.142670,-0.651759,-0.063036,0.025023,0.005104,-0.961194,0.274690,0.100302,-0.027506,0.031932,0.110931,0.048971,-0.464639,
1624924258.000000,205707550.000000,0.142309,-0.651857,-0.063007,0.025225,0.004918,-0.961510,0.273565,0.083921,-0.026454,0.025899,0.084576,0.045393,-0.459412,
1624924258.000000,210711479.000000,0.141887,-0.651956,-0.062887,0.025269,0.004800,-0.961816,0.272485,0.077794,-0.028201,0.029725,0.046968,-0.053152,-0.432733,
1624924258.000000,215714455.000000,0.141486,-0.652031,-0.062749,0.024969,0.004638,-0.962108,0.271482,0.071778,-0.029987,0.033183,0.034293,-0.225846,-0.399687,
1624924258.000000,220717430.000000,0.141099,-0.652138,-0.062741,0.024366,0.004415,-0.962396,0.270521,0.070937,-0.025548,0.015743,0.027889,-0.235242,-0.413341,
1624924258.000000,225720406.000000,0.140107,-0.653307,-0.062837,0.024033,0.004455,-0.962690,0.269501,0.073433,-0.016631,-0.008431,0.022499,-0.163128,-0.425383,
1624924258.000000,230723619.000000,0.139763,-0.653423,-0.062912,0.023672,0.004302,-0.962982,0.268488,0.069428,-0.015933,-0.012859,0.043726,-0.154790,-0.417752,
1624924258.000000,325783491.000000,0.129060,-0.659892,-0.060023,0.024318,0.003817,-0.968382,0.248255,0.067663,-0.018450,0.034432,0.031733,-0.225845,-0.415507,
1624924258.000000,330786467.000000,0.127573,-0.660858,-0.061288,0.023967,0.003837,-0.968640,0.247279,0.089324,-0.011580,0.005212,0.046748,-0.124887,-0.418863,
1624924258.000000,335790396.000000,0.127152,-0.661021,-0.061285,0.023747,0.003697,-0.968905,0.246263,0.090258,-0.011402,0.003900,0.033962,-0.107360,-0.420909,
1624924258.000000,340793371.000000,0.126729,-0.661186,-0.061290,0.023537,0.003597,-0.969173,0.245228,0.091049,-0.011215,0.002505,0.027439,-0.040546,-0.433707,
1624924258.000000,345796585.000000,0.126251,-0.661397,-0.061326,0.023603,0.003565,-0.969442,0.244157,0.101146,-0.008883,-0.001672,0.029658,0.067200,-0.447586,
1624924258.000000,350799561.000000,0.125776,-0.661604,-0.061365,0.023845,0.003588,-0.969709,0.243071,0.105542,-0.007803,-0.004076,0.017968,0.119961,-0.440192,
1624924258.000000,355802536.000000,0.125286,-0.661825,-0.061417,0.024160,0.003668,-0.969964,0.242018,0.109911,-0.006710,-0.006458,0.004057,0.126430,-0.430481,
1624924258.000000,360805511.000000,0.125013,-0.662192,-0.060250,0.024770,0.003889,-0.970228,0.240890,0.121811,0.000139,0.000971,-0.005621,0.108533,-0.440067,
1624924258.000000,365809441.000000,0.124466,-0.662485,-0.060280,0.025007,0.003990,-0.970490,0.239809,0.126593,0.001322,-0.000871,0.000686,0.105060,-0.446547,
1624924258.000000,370812654.000000,0.123899,-0.662794,-0.060324,0.025191,0.004054,-0.970754,0.238715,0.131383,0.002532,-0.002745,0.002959,0.016716,-0.457103,
1624924258.000000,410837650.000000,0.120024,-0.664108,-0.059924,0.025738,0.003808,-0.972864,0.229911,0.077584,-0.017235,0.040336,0.055743,-0.032347,-0.431611,
1624924258.000000,415840864.000000,0.119634,-0.664202,-0.059734,0.025629,0.003662,-0.973112,0.228871,0.072391,-0.018515,0.044997,0.055018,-0.075782,-0.428243,
1624924258.000000,420843363.000000,0.119259,-0.664280,-0.059513,0.025396,0.003526,-0.973361,0.227842,0.067483,-0.019818,0.050061,0.025196,-0.143342,-0.404035,
1624924258.000000,425847292.000000,0.118895,-0.664380,-0.059416,0.024933,0.003388,-0.973597,0.226884,0.066980,-0.016573,0.033238,0.032375,-0.247262,-0.397268,
1624924258.000000,430850506.000000,0.118129,-0.664208,-0.059798,0.024563,0.003367,-0.973826,0.225937,0.056506,-0.011755,-0.005029,0.036857,-0.230648,-0.413413,
1624924258.000000,435853481.000000,0.117862,-0.664275,-0.059851,0.024144,0.003225,-0.974075,0.224912,0.051863,-0.011309,-0.009988,0.022793,-0.124220,-0.428313,
1624924258.000000,440856457.000000,0.117375,-0.664438,-0.059781,0.023959,0.003134,-0.974321,0.223864,0.074773,-0.011959,0.001679,0.042983,-0.046809,-0.425200,
1624924258.000000,445859671.000000,0.117003,-0.664553,-0.059796,0.023927,0.003044,-0.974558,0.222832,0.078919,-0.011803,0.001212,0.025199,0.001843,-0.425048,
1624924258.000000,450862408.000000,0.116613,-0.664676,-0.059816,0.024033,0.003058,-0.974795,0.221783,0.082970,-0.011628,0.000609,0.019430,0.095862,-0.432601,
1624924258.000000,455866575.000000,0.116223,-0.664821,-0.059905,0.024345,0.003093,-0.975029,0.220717,0.085967,-0.008637,-0.009387,0.018725,0.120872,-0.441076,
