1629325427.911234,0.000000,0.500762,-0.525984,0.198656,
1629325427.916931,0.000000,0.500769,-0.525996,0.198651,
1629325427.922342,0.000000,0.500888,-0.526124,0.198597,
1629325427.927896,0.000000,0.500749,-0.526013,0.198671,
1629325427.933448,0.000000,0.500761,-0.525992,0.198654,
1629325427.939000,0.000000,0.500760,-0.526008,0.198666,
1629325427.944555,0.000000,0.500765,-0.525985,0.198657,
1629325427.950115,0.000000,0.500870,-0.526145,0.198616,
1629325427.955673,0.000000,0.500880,-0.526126,0.198598,
1629325427.961225,0.000000,0.500776,-0.525994,0.198647,
1629325438.655705,0.000000,0.500769,-0.525995,0.198654,
1629325438.661246,0.000000,0.500764,-0.525997,0.198655,
1629325438.666802,0.000000,0.500878,-0.526115,0.198588,
1629325438.672366,0.000000,0.500890,-0.526138,0.198592,
1629325438.677907,0.000000,0.500882,-0.526122,0.198595,
1629325438.683474,0.000000,0.500881,-0.526130,0.198588,
1629325438.689030,0.000000,0.500767,-0.526005,0.198643,
1629325438.694571,0.000000,0.500753,-0.525998,0.198651,
1629325438.700134,0.000000,0.500881,-0.526123,0.198591,
1629325438.705662,0.000000,0.500879,-0.526130,0.198598,
1629325438.755656,0.000000,0.501615,-0.526343,0.198670,
1629325438.761203,0.000000,0.501961,-0.526366,0.198800,
1629325438.766763,0.000000,0.502436,-0.526532,0.198884,
1629325438.772320,0.000000,0.502976,-0.526680,0.198944,
1629325438.777872,0.000000,0.503566,-0.526804,0.198901,
1629325438.783553,0.000000,0.504078,-0.526989,0.198953,
1629325438.788989,0.000000,0.504714,-0.526996,0.198936,
1629325438.794562,0.000000,0.505422,-0.527151,0.198962,
1629325438.800099,0.000000,0.506215,-0.527290,0.198879,
1629325438.805692,0.000000,0.506933,-0.527402,0.198852,
1629325438.855700,0.000000,0.513525,-0.528216,0.198494,
1629325438.861250,0.000000,0.514345,-0.528377,0.198492,
1629325438.866797,0.000000,0.514962,-0.528466,0.198591,
1629325438.872361,0.000000,0.515635,-0.528707,0.198681,
1629325438.877913,0.000000,0.516374,-0.528911,0.198782,
1629325438.883468,0.000000,0.517079,-0.529089,0.198827,
1629325438.889045,0.000000,0.517641,-0.529105,0.198960,
1629325438.894587,0.000000,0.518654,-0.529441,0.198462,
1629325438.900150,0.000000,0.519016,-0.529380,0.198882,
1629325438.905697,0.000000,0.519843,-0.529661,0.198811,
1629325438.955685,0.000000,0.526607,-0.530875,0.198479,
1629325438.961241,0.000000,0.527397,-0.531082,0.198492,
1629325438.966806,0.000000,0.528140,-0.531255,0.198541,
1629325438.972383,0.000000,0.528874,-0.531472,0.198490,
1629325438.977931,0.000000,0.529443,-0.531662,0.198574,
1629325438.983500,0.000000,0.530004,-0.531734,0.198724,
1629325438.989022,0.000000,0.530653,-0.531892,0.198790,
1629325438.994588,0.000000,0.531356,-0.532137,0.198748,
1629325439.000138,0.000000,0.532125,-0.532401,0.198629,
1629325439.005682,0.000000,0.532772,-0.532548,0.198784,
1629325439.055683,0.000000,0.539506,-0.533999,0.198138,
1629325439.061245,0.000000,0.540176,-0.534200,0.198143,
1629325439.066797,0.000000,0.540941,-0.534413,0.198313,
1629325439.072432,0.000000,0.541252,-0.534511,0.198688,
1629325439.077910,0.000000,0.541895,-0.534835,0.198779,
1629325439.083462,0.000000,0.542565,-0.535061,0.198917,
1629325439.089019,0.000000,0.543680,-0.535607,0.198679,
1629325439.094573,0.000000,0.544311,-0.535798,0.198695,
1629325439.100134,0.000000,0.545146,-0.536058,0.198602,
1629325439.105726,0.000000,0.545760,-0.536273,0.198657,
1629325439.155626,0.000000,0.551894,-0.538413,0.198290,
1629325439.161191,0.000000,0.552402,-0.538514,0.198427,
1629325439.166780,0.000000,0.552904,-0.538607,0.198623,
1629325439.172308,0.000000,0.553487,-0.538856,0.198614,
1629325439.177858,0.000000,0.554043,-0.539067,0.198671,
1629325439.183452,0.000000,0.554669,-0.539333,0.198630,
1629325439.188968,0.000000,0.555503,-0.539848,0.198536,
1629325439.194529,0.000000,0.556061,-0.540085,0.198600,
1629325439.200080,0.000000,0.556712,-0.540335,0.198519,
1629325439.205665,0.000000,0.557365,-0.540591,0.198510,
1629325439.255683,0.000000,0.564219,-0.542719,0.198013,
1629325439.261245,0.000000,0.564995,-0.542981,0.197966,
1629325439.266792,0.000000,0.565889,-0.543358,0.197992,
1629325439.272343,0.000000,0.566547,-0.543545,0.197993,
1629325439.277900,0.000000,0.567384,-0.543836,0.197847,
1629325439.283460,0.000000,0.567975,-0.544113,0.198001,
1629325439.289016,0.000000,0.568667,-0.544407,0.198022,
1629325439.294578,0.000000,0.569246,-0.544587,0.198015,
1629325439.300136,0.000000,0.569834,-0.544718,0.198061,
1629325439.305695,0.000000,0.570586,-0.545035,0.197925,
1629325439.355623,0.000000,0.576751,-0.547352,0.197518,
1629325439.361188,0.000000,0.577603,-0.547438,0.197427,
1629325439.366834,0.000000,0.578200,-0.547724,0.197515,
1629325439.372303,0.000000,0.578935,-0.548040,0.197505,
1629325439.377862,0.000000,0.579923,-0.548641,0.197399,
1629325439.383513,0.000000,0.580493,-0.548942,0.197628,
1629325439.389009,0.000000,0.580982,-0.549144,0.197657,
1629325439.394550,0.000000,0.581650,-0.549540,0.197680,
1629325439.400076,0.000000,0.582022,-0.549750,0.197830,
1629325439.405630,0.000000,0.582577,-0.550062,0.197853,
1629325439.455669,0.000000,0.588986,-0.553040,0.197671,
1629325439.461214,0.000000,0.589653,-0.553287,0.197608,
1629325439.466769,0.000000,0.590321,-0.553478,0.197652,
1629325439.472345,0.000000,0.590966,-0.553785,0.197709,
1629325439.477891,0.000000,0.591600,-0.554179,0.197755,
1629325439.483456,0.000000,0.592293,-0.554602,0.197892,
1629325439.489007,0.000000,0.592828,-0.554868,0.197967,
1629325439.494555,0.000000,0.593310,-0.555133,0.198016,
1629325439.500106,0.000000,0.593796,-0.555400,0.198073,
1629325439.505659,0.000000,0.594600,-0.555950,0.198150,
1629325439.555666,0.000000,0.600633,-0.558708,0.197552,
1629325439.561225,0.000000,0.601259,-0.558941,0.197478,
1629325439.566780,0.000000,0.601943,-0.559207,0.197412,
1629325439.572343,0.000000,0.602601,-0.559617,0.197418,
1629325439.577897,0.000000,0.603343,-0.560089,0.197518,
1629325439.583454,0.000000,0.604008,-0.560412,0.197610,
1629325439.589001,0.000000,0.604554,-0.560689,0.197661,
1629325439.594559,0.000000,0.604987,-0.560993,0.197847,
1629325439.600116,0.000000,0.605604,-0.561428,0.197884,
1629325439.605669,0.000000,0.606340,-0.561897,0.197744,
1629325439.661966,0.000000,0.612134,-0.565050,0.197606,
1629325439.661181,0.000000,0.612805,-0.565360,0.197563,
1629325439.666765,0.000000,0.613513,-0.565688,0.197432,
1629325439.672342,0.000000,0.614304,-0.566165,0.197424,
1629325439.677891,0.000000,0.615001,-0.566648,0.197515,
1629325439.683453,0.000000,0.615448,-0.566996,0.197638,
1629325439.689009,0.000000,0.616043,-0.567391,0.197609,
1629325439.694554,0.000000,0.616574,-0.567750,0.197602,
1629325439.700120,0.000000,0.617039,-0.568111,0.197639,
1629325439.705677,0.000000,0.617689,-0.568610,0.197730,
1629325439.755666,0.000000,0.623261,-0.572053,0.197549,
1629325439.761223,0.000000,0.623955,-0.572441,0.197456,
1629325439.766811,0.000000,0.624668,-0.572773,0.197370,
1629325439.772332,0.000000,0.625297,-0.573242,0.197538,
1629325439.777911,0.000000,0.626009,-0.573706,0.197571,
1629325439.783431,0.000000,0.626716,-0.574087,0.197423,
1629325439.788990,0.000000,0.627139,-0.574485,0.197585,
1629325439.794564,0.000000,0.627662,-0.574988,0.197750,
1629325439.800192,0.000000,0.628142,-0.575321,0.197818,
1629325439.805661,0.000000,0.628674,-0.575764,0.197848,
1629325439.855667,0.000000,0.633955,-0.578806,0.197656,
1629325439.861210,0.000000,0.634926,-0.579913,0.197533,
1629325439.866776,0.000000,0.635443,-0.579696,0.197540,
1629325439.872332,0.000000,0.636086,-0.580088,0.197431,
1629325439.877877,0.000000,0.636723,-0.580635,0.197426,
1629325439.883417,0.000000,0.637533,-0.581882,0.197534,
1629325439.888987,0.000000,0.637937,-0.581548,0.197680,
1629325439.894546,0.000000,0.638426,-0.581958,0.197732,
1629325439.900096,0.000000,0.638978,-0.582540,0.197756,
1629325439.905666,0.000000,0.639584,-0.583457,0.197941,
1629325439.955673,0.000000,0.644315,-0.586652,0.198291,
1629325439.961226,0.000000,0.645558,-0.587252,0.197480,
1629325439.966769,0.000000,0.646145,-0.587647,0.197503,
1629325439.972417,0.000000,0.646775,-0.588164,0.197444,
1629325439.977888,0.000000,0.647421,-0.588534,0.197374,
1629325439.983438,0.000000,0.647819,-0.589288,0.197910,
1629325439.988995,0.000000,0.648596,-0.589717,0.197788,
1629325439.994547,0.000000,0.649097,-0.590198,0.197897,
1629325440.000114,0.000000,0.649781,-0.591395,0.197828,
1629325440.005672,0.000000,0.650378,-0.591940,0.197791,
1629325440.055658,0.000000,0.655356,-0.595875,0.198048,
1629325440.061216,0.000000,0.656067,-0.596334,0.197745,
1629325440.066772,0.000000,0.656732,-0.597232,0.197624,
1629325440.072316,0.000000,0.657441,-0.597743,0.197430,
1629325440.077888,0.000000,0.657938,-0.598121,0.197510,
1629325440.083431,0.000000,0.658561,-0.598909,0.197652,
1629325440.089077,0.000000,0.659089,-0.599458,0.197703,
1629325440.094537,0.000000,0.659620,-0.599945,0.197694,
1629325440.100097,0.000000,0.660180,-0.600309,0.197708,
1629325440.105657,0.000000,0.660589,-0.600657,0.197845,
1629325440.155657,0.000000,0.665542,-0.605208,0.197660,
1629325440.161221,0.000000,0.666430,-0.605921,0.197453,
1629325440.166778,0.000000,0.667019,-0.606259,0.197426,
1629325440.172324,0.000000,0.667685,-0.606940,0.197345,
1629325440.177874,0.000000,0.668263,-0.607418,0.197255,
1629325440.183439,0.000000,0.668764,-0.607998,0.197408,
1629325440.188995,0.000000,0.669239,-0.608506,0.197512,
1629325440.194621,0.000000,0.669746,-0.609128,0.197589,
1629325440.200099,0.000000,0.670199,-0.609695,0.197672,
1629325440.205660,0.000000,0.670669,-0.610247,0.197596,
1629325440.255666,0.000000,0.675707,-0.614855,0.197414,
1629325440.261216,0.000000,0.676107,-0.615473,0.197640,
1629325440.266764,0.000000,0.676968,-0.616170,0.197217,
1629325440.272324,0.000000,0.677278,-0.616781,0.197760,
1629325440.277882,0.000000,0.677866,-0.617054,0.197484,
1629325440.283479,0.000000,0.678729,-0.618130,0.197242,
1629325440.288982,0.000000,0.679112,-0.618562,0.197324,
1629325440.294541,0.000000,0.679411,-0.618873,0.197482,
1629325440.300096,0.000000,0.679897,-0.619580,0.197601,
1629325440.305650,0.000000,0.680293,-0.620032,0.197678,
1629325440.355653,0.000000,0.685047,-0.624908,0.197542,
1629325440.361218,0.000000,0.685483,-0.625307,0.197688,
1629325440.366772,0.000000,0.686346,-0.626224,0.197217,
1629325440.372290,0.000000,0.686805,-0.626613,0.197225,
1629325440.377931,0.000000,0.687323,-0.627351,0.197289,
1629325440.383401,0.000000,0.687802,-0.627947,0.197428,
1629325440.389017,0.000000,0.688240,-0.628524,0.197567,
1629325440.394519,0.000000,0.688725,-0.629128,0.197510,
1629325440.400065,0.000000,0.689140,-0.629711,0.197604,
1629325440.405630,0.000000,0.689570,-0.630204,0.197550,
1629325440.455622,0.000000,0.694004,-0.634907,0.197247,
1629325440.461191,0.000000,0.694483,-0.635215,0.197114,
1629325440.466744,0.000000,0.695068,-0.635968,0.196929,
1629325440.472319,0.000000,0.695488,-0.636363,0.196999,
1629325440.477867,0.000000,0.695989,-0.637009,0.197087,
1629325440.483421,0.000000,0.696227,-0.637436,0.197492,
1629325440.488992,0.000000,0.696703,-0.638114,0.197499,
1629325440.494541,0.000000,0.697256,-0.638943,0.197231,
1629325440.500090,0.000000,0.697604,-0.639541,0.197405,
1629325440.505657,0.000000,0.697883,-0.639801,0.197363,
1629325440.555683,0.000000,0.702067,-0.645448,0.197409,
1629325440.561213,0.000000,0.702781,-0.646052,0.197061,
1629325440.566757,0.000000,0.703302,-0.646630,0.196897,
1629325440.572319,0.000000,0.703732,-0.647187,0.196881,
1629325440.577886,0.000000,0.703941,-0.647198,0.197644,
1629325440.583426,0.000000,0.704509,-0.647790,0.197621,
1629325440.588982,0.000000,0.704565,-0.648306,0.198286,
1629325440.594558,0.000000,0.704786,-0.648667,0.198440,
1629325440.600111,0.000000,0.705382,-0.649672,0.198496,
1629325440.605660,0.000000,0.705933,-0.650901,0.198081,
1629325440.655656,0.000000,0.709429,-0.655600,0.197992,
1629325440.661207,0.000000,0.710121,-0.656583,0.197442,
1629325440.666858,0.000000,0.710385,-0.656390,0.198016,
1629325440.672326,0.000000,0.710831,-0.656783,0.197940,
1629325440.677852,0.000000,0.711334,-0.657723,0.197794,
1629325440.683410,0.000000,0.711553,-0.658066,0.198144,
1629325440.688961,0.000000,0.712319,-0.659685,0.197378,
1629325440.694526,0.000000,0.712405,-0.659634,0.197923,
1629325440.700082,0.000000,0.712715,-0.660284,0.198341,
1629325440.705619,0.000000,0.713008,-0.660693,0.198359,
1629325440.755628,0.000000,0.716741,-0.666242,0.197998,
1629325440.761181,0.000000,0.717287,-0.666870,0.197821,
1629325440.766735,0.000000,0.717755,-0.667549,0.197704,
1629325440.772298,0.000000,0.717935,-0.667943,0.197893,
1629325440.777906,0.000000,0.718546,-0.668625,0.197678,
1629325440.783428,0.000000,0.719105,-0.669525,0.197747,
1629325440.788985,0.000000,0.719577,-0.670307,0.197708,
1629325440.794547,0.000000,0.719783,-0.670729,0.197750,
1629325440.800119,0.000000,0.720005,-0.671311,0.197871,
1629325440.805679,0.000000,0.720420,-0.671911,0.197660,
1629325440.855665,0.000000,0.723521,-0.677368,0.198052,
1629325440.861260,0.000000,0.723784,-0.677971,0.198129,
1629325440.866760,0.000000,0.724500,-0.678712,0.197501,
1629325440.872319,0.000000,0.724864,-0.679285,0.197460,
1629325440.877924,0.000000,0.725216,-0.680063,0.197656,
1629325440.883443,0.000000,0.725592,-0.680699,0.197787,
1629325440.888992,0.000000,0.725729,-0.681199,0.198033,
1629325440.894554,0.000000,0.726397,-0.682036,0.197651,
1629325440.900098,0.000000,0.726737,-0.683178,0.197432,
1629325440.905679,0.000000,0.726943,-0.683515,0.197522,
1629325440.955651,0.000000,0.730214,-0.689779,0.196894,
1629325440.961313,0.000000,0.730582,-0.690437,0.196852,
1629325440.966765,0.000000,0.730805,-0.690944,0.197109,
1629325440.972319,0.000000,0.731329,-0.691676,0.196943,
1629325440.977874,0.000000,0.731607,-0.692002,0.197164,
1629325440.983426,0.000000,0.732109,-0.692740,0.197010,
1629325440.988985,0.000000,0.732537,-0.693657,0.196897,
1629325440.994531,0.000000,0.732695,-0.694214,0.197086,
1629325441.000091,0.000000,0.732930,-0.694842,0.197272,
1629325441.005645,0.000000,0.733097,-0.695442,0.197407,
1629325441.055642,0.000000,0.735906,-0.701716,0.196815,
1629325441.061192,0.000000,0.736363,-0.702620,0.196626,
1629325441.066753,0.000000,0.736717,-0.703307,0.196630,
1629325441.072311,0.000000,0.737270,-0.704200,0.196347,
1629325441.077859,0.000000,0.737524,-0.704610,0.196530,
1629325441.083419,0.000000,0.737869,-0.705426,0.196555,
1629325441.088984,0.000000,0.738243,-0.706151,0.196500,
1629325441.094509,0.000000,0.738496,-0.706431,0.196806,
1629325441.100064,0.000000,0.738867,-0.707355,0.196710,
1629325441.105708,0.000000,0.739188,-0.708248,0.196507,
1629325441.155607,0.000000,0.741048,-0.713531,0.197026,
1629325441.161165,0.000000,0.741499,-0.714493,0.196898,
1629325441.166723,0.000000,0.742057,-0.715601,0.196137,
1629325441.172283,0.000000,0.742414,-0.715968,0.196344,
1629325441.177850,0.000000,0.742758,-0.716699,0.196341,
1629325441.183412,0.000000,0.743000,-0.717396,0.196647,
1629325441.188937,0.000000,0.743344,-0.718126,0.196521,
1629325441.194530,0.000000,0.743627,-0.718965,0.196538,
1629325441.200073,0.000000,0.743777,-0.719447,0.196595,
1629325441.205652,0.000000,0.743965,-0.720036,0.196639,
1629325441.255641,0.000000,0.745917,-0.726249,0.196605,
1629325441.261190,0.000000,0.746310,-0.726996,0.196505,
1629325441.266754,0.000000,0.746734,-0.727747,0.196337,
1629325441.272305,0.000000,0.747073,-0.728334,0.196195,
1629325441.277862,0.000000,0.747388,-0.729054,0.196134,
1629325441.283426,0.000000,0.747574,-0.730026,0.196299,
1629325441.288981,0.000000,0.748017,-0.730943,0.196048,
1629325441.294533,0.000000,0.748378,-0.731800,0.195974,
1629325441.300057,0.000000,0.748446,-0.732290,0.196022,
1629325441.305607,0.000000,0.748689,-0.733012,0.196068,
1629325441.355616,0.000000,0.750654,-0.739561,0.195595,
1629325441.361166,0.000000,0.750971,-0.740329,0.195491,
1629325441.366722,0.000000,0.750888,-0.740726,0.196161,
1629325441.372283,0.000000,0.751371,-0.741623,0.195580,
1629325441.377831,0.000000,0.751711,-0.742355,0.195324,
1629325441.383393,0.000000,0.752114,-0.743514,0.195013,
1629325441.388947,0.000000,0.751886,-0.743621,0.196236,
1629325441.394584,0.000000,0.752044,-0.744341,0.196270,
1629325441.400056,0.000000,0.752186,-0.745044,0.196328,
1629325441.405646,0.000000,0.752347,-0.745651,0.196395,
1629325441.455634,0.000000,0.753979,-0.752070,0.196190,
1629325441.461194,0.000000,0.754128,-0.752756,0.196269,
1629325441.466741,0.000000,0.754346,-0.753512,0.196294,
1629325441.472302,0.000000,0.754983,-0.754521,0.195361,
1629325441.477862,0.000000,0.755355,-0.755219,0.195172,
1629325441.483426,0.000000,0.755603,-0.755993,0.195135,
1629325441.488959,0.000000,0.755891,-0.756807,0.195048,
1629325441.494576,0.000000,0.756056,-0.757594,0.195125,
1629325441.500082,0.000000,0.756075,-0.758177,0.195327,
1629325441.505639,0.000000,0.756164,-0.758937,0.195491,
1629325441.555641,0.000000,0.757486,-0.765309,0.195394,
1629325441.561207,0.000000,0.757686,-0.766052,0.195320,
1629325441.566764,0.000000,0.757900,-0.766848,0.195190,
1629325441.572306,0.000000,0.757750,-0.767275,0.195486,
1629325441.577860,0.000000,0.757980,-0.768068,0.195400,
1629325441.583430,0.000000,0.758218,-0.768823,0.195241,
1629325441.588984,0.000000,0.758267,-0.769237,0.195518,
1629325441.594529,0.000000,0.758424,-0.770026,0.195462,
1629325441.600105,0.000000,0.758582,-0.770810,0.195571,
1629325441.605647,0.000000,0.758560,-0.771595,0.195895,
1629325441.655642,0.000000,0.759759,-0.778196,0.195493,
1629325441.661214,0.000000,0.760255,-0.779144,0.195184,
1629325441.666746,0.000000,0.760113,-0.779703,0.195380,
1629325441.672302,0.000000,0.760442,-0.780692,0.195238,
1629325441.677861,0.000000,0.760571,-0.781349,0.195204,
1629325441.683538,0.000000,0.760636,-0.781971,0.195390,
1629325441.688972,0.000000,0.760951,-0.783002,0.195039,
1629325441.694528,0.000000,0.760957,-0.783533,0.195316,
1629325441.700167,0.000000,0.760957,-0.784252,0.195390,
1629325441.705649,0.000000,0.761446,-0.785474,0.194923,
1629325441.755694,0.000000,0.761656,-0.791411,0.195802,
1629325441.761242,0.000000,0.761786,-0.792184,0.195695,
1629325441.766792,0.000000,0.761972,-0.793124,0.195517,
1629325441.772355,0.000000,0.762230,-0.794180,0.195183,
1629325441.777917,0.000000,0.762284,-0.794779,0.195171,
1629325441.783458,0.000000,0.762336,-0.795381,0.195290,
1629325441.789026,0.000000,0.762384,-0.796074,0.195342,
1629325441.794569,0.000000,0.762560,-0.797005,0.195101,
1629325441.800138,0.000000,0.762579,-0.797718,0.195195,
1629325441.805699,0.000000,0.762782,-0.798625,0.195259,
1629325441.855683,0.000000,0.763086,-0.805156,0.195442,
1629325441.861249,0.000000,0.763556,-0.806168,0.194986,
1629325441.866792,0.000000,0.763265,-0.806726,0.195317,
1629325441.872346,0.000000,0.763372,-0.807498,0.195248,
1629325441.877896,0.000000,0.763726,-0.808467,0.195038,
1629325441.883456,0.000000,0.763813,-0.809096,0.194976,
1629325441.889028,0.000000,0.763802,-0.809700,0.195214,
1629325441.894584,0.000000,0.763920,-0.810696,0.194955,
1629325441.900144,0.000000,0.763782,-0.811526,0.195145,
1629325441.905706,0.000000,0.763766,-0.812010,0.195427,
1629325441.955687,0.000000,0.764062,-0.818721,0.195284,
1629325441.961231,0.000000,0.764142,-0.819465,0.195191,
1629325441.966807,0.000000,0.764102,-0.820104,0.195426,
1629325441.972432,0.000000,0.764214,-0.820922,0.195318,
1629325441.977906,0.000000,0.764284,-0.821772,0.195222,
1629325441.983460,0.000000,0.764372,-0.822429,0.195155,
1629325441.989016,0.000000,0.764391,-0.823314,0.195219,
1629325441.994553,0.000000,0.764361,-0.824165,0.195198,
1629325442.000129,0.000000,0.764342,-0.824858,0.195282,
1629325442.005687,0.000000,0.764319,-0.825647,0.195323,
1629325442.055665,0.000000,0.764385,-0.831943,0.195616,
1629325442.061227,0.000000,0.764300,-0.832985,0.195382,
1629325442.066781,0.000000,0.764224,-0.833818,0.195197,
1629325442.072336,0.000000,0.764246,-0.834591,0.195070,
1629325442.077892,0.000000,0.764300,-0.835417,0.194956,
1629325442.083445,0.000000,0.764279,-0.836271,0.194838,
1629325442.089004,0.000000,0.764365,-0.837035,0.194811,
1629325442.094628,0.000000,0.764339,-0.837823,0.194833,
1629325442.100120,0.000000,0.764309,-0.838569,0.194858,
1629325442.105678,0.000000,0.764279,-0.839265,0.194917,
1629325442.155678,0.000000,0.763892,-0.845574,0.195130,
1629325442.161228,0.000000,0.763745,-0.846350,0.195137,
1629325442.166791,0.000000,0.763761,-0.847082,0.195113,
1629325442.172352,0.000000,0.764031,-0.848089,0.194993,
1629325442.177902,0.000000,0.764027,-0.848844,0.194912,
1629325442.183464,0.000000,0.764051,-0.849612,0.194803,
1629325442.189007,0.000000,0.764058,-0.850396,0.194683,
1629325442.194563,0.000000,0.763976,-0.851079,0.194660,
1629325442.200126,0.000000,0.763886,-0.851865,0.194692,
1629325442.205669,0.000000,0.763812,-0.852602,0.194755,
1629325442.255677,0.000000,0.763111,-0.858943,0.194836,
1629325442.261339,0.000000,0.763039,-0.859727,0.194853,
1629325442.266771,0.000000,0.762754,-0.860644,0.194824,
1629325442.272353,0.000000,0.762840,-0.861285,0.194796,
1629325442.277895,0.000000,0.762824,-0.862062,0.194686,
1629325442.283497,0.000000,0.762833,-0.862775,0.194571,
1629325442.289007,0.000000,0.762918,-0.863507,0.194484,
1629325442.294558,0.000000,0.762825,-0.864373,0.194393,
1629325442.300126,0.000000,0.762722,-0.865108,0.194422,
1629325442.305671,0.000000,0.762551,-0.865835,0.194495,
1629325442.355667,0.000000,0.761679,-0.872292,0.194735,
1629325442.361231,0.000000,0.761579,-0.873072,0.194685,
1629325442.366787,0.000000,0.761506,-0.873776,0.194668,
1629325442.372341,0.000000,0.761442,-0.874490,0.194628,
1629325442.377917,0.000000,0.761403,-0.875367,0.194568,
1629325442.383448,0.000000,0.761258,-0.876031,0.194468,
1629325442.389013,0.000000,0.761214,-0.876826,0.194364,
1629325442.394568,0.000000,0.761312,-0.877797,0.194226,
1629325442.400129,0.000000,0.761207,-0.878528,0.194227,
1629325442.405684,0.000000,0.761089,-0.879212,0.194260,
1629325442.455663,0.000000,0.759459,-0.885337,0.194635,
1629325442.461221,0.000000,0.759361,-0.886045,0.194586,
1629325442.466784,0.000000,0.759331,-0.886830,0.194487,
1629325442.472334,0.000000,0.759358,-0.887641,0.194393,
1629325442.477894,0.000000,0.759342,-0.888366,0.194368,
1629325442.483453,0.000000,0.759252,-0.889311,0.194167,
1629325442.489043,0.000000,0.759159,-0.890130,0.194087,
1629325442.494589,0.000000,0.759065,-0.890923,0.193983,
1629325442.500119,0.000000,0.758843,-0.891822,0.194009,
1629325442.505679,0.000000,0.758720,-0.892444,0.194073,
1629325442.555837,0.000000,0.757024,-0.898480,0.194452,
1629325442.561221,0.000000,0.756939,-0.899316,0.194361,
1629325442.566785,0.000000,0.756737,-0.900063,0.194357,
1629325442.572348,0.000000,0.756638,-0.900887,0.194345,
1629325442.577915,0.000000,0.756486,-0.901599,0.194359,
1629325442.583446,0.000000,0.756351,-0.902333,0.194279,
1629325442.589005,0.000000,0.756287,-0.903101,0.194111,
1629325442.594565,0.000000,0.756156,-0.903910,0.193978,
1629325442.600128,0.000000,0.756109,-0.904533,0.194039,
1629325442.605676,0.000000,0.755941,-0.905570,0.193973,
1629325442.655663,0.000000,0.753868,-0.911274,0.194309,
1629325442.661234,0.000000,0.753676,-0.912094,0.194290,
1629325442.666777,0.000000,0.753482,-0.912842,0.194216,
1629325442.672346,0.000000,0.753271,-0.913652,0.194102,
1629325442.677905,0.000000,0.753195,-0.914440,0.194052,
1629325442.683443,0.000000,0.753023,-0.915198,0.193945,
1629325442.689004,0.000000,0.752866,-0.915931,0.193815,
1629325442.694568,0.000000,0.752694,-0.916738,0.193742,
1629325442.700201,0.000000,0.752537,-0.917455,0.193702,
1629325442.705677,0.000000,0.752346,-0.918166,0.193669,
1629325442.755666,0.000000,0.750268,-0.924054,0.194132,
1629325442.761213,0.000000,0.750174,-0.924860,0.193946,
1629325442.766771,0.000000,0.749929,-0.925534,0.193887,
1629325442.772350,0.000000,0.749655,-0.926360,0.193763,
1629325442.777885,0.000000,0.749501,-0.927169,0.193805,
1629325442.783433,0.000000,0.749258,-0.927829,0.193916,
1629325442.788997,0.000000,0.749119,-0.928584,0.193770,
1629325442.794547,0.000000,0.749006,-0.929166,0.193646,
1629325442.800102,0.000000,0.748850,-0.929867,0.193548,
1629325442.805687,0.000000,0.748665,-0.930649,0.193368,
1629325442.855653,0.000000,0.746144,-0.936638,0.193783,
1629325442.861208,0.000000,0.745852,-0.937281,0.193849,
1629325442.866794,0.000000,0.745682,-0.938005,0.193734,
1629325442.872325,0.000000,0.745448,-0.938685,0.193631,
1629325442.877875,0.000000,0.745261,-0.939452,0.193499,
1629325442.883430,0.000000,0.745095,-0.940274,0.193562,
1629325442.888991,0.000000,0.744920,-0.941117,0.193434,
1629325442.894548,0.000000,0.744788,-0.941637,0.193325,
1629325442.900097,0.000000,0.744532,-0.942435,0.193277,
1629325442.905668,0.000000,0.744193,-0.943129,0.193269,
1629325442.955664,0.000000,0.741712,-0.948752,0.193646,
1629325442.961232,0.000000,0.741232,-0.949667,0.193629,
1629325442.966828,0.000000,0.741072,-0.950112,0.193551,
1629325442.972330,0.000000,0.740703,-0.950946,0.193474,
1629325442.977885,0.000000,0.740348,-0.951714,0.193390,
1629325442.983460,0.000000,0.740098,-0.952476,0.193313,
1629325442.989131,0.000000,0.739826,-0.953307,0.193346,
1629325442.994562,0.000000,0.739691,-0.953842,0.193310,
1629325443.000104,0.000000,0.739439,-0.954519,0.193215,
1629325443.005664,0.000000,0.739382,-0.955360,0.193068,
1629325443.055629,0.000000,0.736226,-0.961006,0.193522,
1629325443.061188,0.000000,0.735963,-0.961845,0.193520,
1629325443.066745,0.000000,0.735691,-0.962418,0.193542,
1629325443.072304,0.000000,0.735421,-0.962954,0.193552,
1629325443.077858,0.000000,0.735171,-0.963623,0.193480,
1629325443.083421,0.000000,0.734945,-0.964185,0.193457,
1629325443.088965,0.000000,0.734820,-0.964896,0.193247,
1629325443.094523,0.000000,0.734472,-0.965816,0.193085,
1629325443.100064,0.000000,0.734220,-0.966751,0.192956,
1629325443.105617,0.000000,0.733816,-0.967717,0.193162,
1629325443.155621,0.000000,0.730602,-0.973132,0.193683,
1629325443.161217,0.000000,0.730189,-0.973920,0.193614,
1629325443.166784,0.000000,0.729954,-0.974606,0.193487,
1629325443.172336,0.000000,0.729659,-0.975260,0.193437,
1629325443.177895,0.000000,0.729125,-0.975953,0.193565,
1629325443.183433,0.000000,0.728792,-0.976652,0.193539,
1629325443.189004,0.000000,0.728491,-0.977386,0.193449,
1629325443.194553,0.000000,0.728158,-0.978005,0.193435,
1629325443.200104,0.000000,0.727847,-0.978771,0.193272,
1629325443.205664,0.000000,0.727499,-0.979651,0.193129,
1629325443.255689,0.000000,0.723896,-0.985050,0.193787,
1629325443.261261,0.000000,0.723558,-0.985647,0.193751,
1629325443.266773,0.000000,0.723217,-0.986331,0.193657,
1629325443.272326,0.000000,0.722786,-0.986994,0.193626,
1629325443.277958,0.000000,0.722444,-0.987670,0.193589,
1629325443.283443,0.000000,0.722366,-0.988270,0.193451,
1629325443.288979,0.000000,0.721774,-0.989152,0.193420,
1629325443.294564,0.000000,0.721588,-0.989787,0.193243,
1629325443.300093,0.000000,0.721217,-0.990468,0.193210,
1629325443.305661,0.000000,0.720779,-0.991385,0.193165,
1629325443.355650,0.000000,0.717212,-0.996469,0.193647,
1629325443.361207,0.000000,0.716782,-0.997073,0.193628,
1629325443.366812,0.000000,0.716462,-0.997764,0.193497,
1629325443.372357,0.000000,0.716072,-0.998397,0.193484,
1629325443.377915,0.000000,0.715605,-0.999100,0.193498,
1629325443.383471,0.000000,0.715162,-1.000043,0.193319,
1629325443.389025,0.000000,0.714845,-1.000658,0.193276,
1629325443.394589,0.000000,0.714512,-1.001372,0.193144,
1629325443.400146,0.000000,0.714234,-1.001933,0.193098,
1629325443.405693,0.000000,0.713672,-1.002685,0.193046,
1629325443.455684,0.000000,0.709851,-1.007838,0.193353,
1629325443.461241,0.000000,0.709275,-1.008706,0.193273,
1629325443.466818,0.000000,0.708803,-1.009256,0.193344,
1629325443.472172,0.000000,0.708470,-1.009856,0.193385,
1629325443.477728,0.000000,0.708091,-1.010528,0.193382,
1629325443.483283,0.000000,0.707767,-1.010970,0.193308,
1629325443.488833,0.000000,0.707324,-1.011837,0.193220,
1629325443.494393,0.000000,0.706832,-1.012573,0.193172,
1629325443.499942,0.000000,0.706578,-1.013049,0.193089,
1629325443.505499,0.000000,0.706111,-1.013412,0.192857,
1629325443.555498,0.000000,0.701866,-1.018875,0.193490,
1629325443.561062,0.000000,0.701450,-1.019462,0.193422,
1629325443.566695,0.000000,0.701025,-1.019968,0.193404,
1629325443.572375,0.000000,0.700495,-1.020457,0.193408,
1629325443.577925,0.000000,0.699823,-1.021208,0.193578,
1629325443.583488,0.000000,0.699482,-1.021954,0.193343,
1629325443.589038,0.000000,0.699100,-1.022584,0.193220,
1629325443.594603,0.000000,0.698689,-1.023526,0.192974,
1629325443.600152,0.000000,0.698345,-1.024174,0.192844,
1629325443.605706,0.000000,0.697871,-1.024782,0.192810,
1629325443.655703,0.000000,0.693530,-1.029439,0.193428,
1629325443.661273,0.000000,0.693072,-1.030093,0.193313,
1629325443.666826,0.000000,0.692667,-1.030662,0.193224,
1629325443.672378,0.000000,0.692188,-1.031079,0.193186,
1629325443.677933,0.000000,0.691658,-1.031805,0.193027,
1629325443.683507,0.000000,0.691224,-1.032266,0.193007,
1629325443.689046,0.000000,0.690618,-1.033280,0.192989,
1629325443.694599,0.000000,0.690210,-1.033789,0.192994,
1629325443.700154,0.000000,0.689805,-1.034453,0.192884,
1629325443.705707,0.000000,0.689346,-1.035119,0.192712,
1629325443.755698,0.000000,0.684857,-1.039696,0.193171,
1629325443.761256,0.000000,0.684327,-1.040172,0.193207,
1629325443.766814,0.000000,0.683745,-1.040668,0.193163,
1629325443.772378,0.000000,0.683331,-1.041545,0.192949,
1629325443.777931,0.000000,0.682954,-1.042042,0.192938,
1629325443.783479,0.000000,0.682476,-1.042420,0.192993,
1629325443.789041,0.000000,0.682015,-1.043064,0.192839,
1629325443.794599,0.000000,0.681568,-1.043674,0.192697,
1629325443.800172,0.000000,0.681076,-1.044299,0.192505,
1629325443.805693,0.000000,0.680447,-1.044908,0.192479,
1629325443.855779,0.000000,0.675665,-1.049368,0.192788,
1629325443.861251,0.000000,0.675117,-1.049858,0.192879,
1629325443.866837,0.000000,0.674602,-1.050317,0.192842,
1629325443.872367,0.000000,0.674126,-1.051055,0.192677,
1629325443.877932,0.000000,0.673655,-1.051454,0.192693,
1629325443.883500,0.000000,0.673063,-1.052220,0.192443,
1629325443.889026,0.000000,0.671937,-1.052470,0.193230,
1629325443.894583,0.000000,0.671930,-1.053202,0.192457,
1629325443.900148,0.000000,0.671437,-1.054016,0.192209,
1629325443.905684,0.000000,0.671012,-1.054565,0.192135,
1629325443.955697,0.000000,0.666204,-1.058749,0.192638,
1629325443.961255,0.000000,0.665735,-1.059192,0.192645,
1629325443.966805,0.000000,0.665254,-1.059637,0.192632,
1629325443.972365,0.000000,0.664691,-1.060121,0.192640,
1629325443.977918,0.000000,0.664123,-1.060657,0.192591,
1629325443.983477,0.000000,0.663363,-1.061339,0.192444,
1629325443.989026,0.000000,0.662874,-1.061842,0.192499,
1629325443.994587,0.000000,0.662341,-1.062399,0.192373,
1629325444.000152,0.000000,0.661818,-1.062934,0.192292,
1629325444.005780,0.000000,0.661324,-1.063511,0.192166,
1629325444.055693,0.000000,0.656452,-1.067407,0.192568,
1629325444.061251,0.000000,0.655883,-1.067827,0.192620,
1629325444.066813,0.000000,0.655329,-1.068486,0.192530,
1629325444.072369,0.000000,0.654506,-1.069252,0.192315,
1629325444.077922,0.000000,0.654102,-1.069471,0.192519,
1629325444.083480,0.000000,0.653539,-1.070004,0.192467,
1629325444.089035,0.000000,0.652964,-1.070549,0.192368,
1629325444.094583,0.000000,0.652379,-1.071092,0.192248,
1629325444.100144,0.000000,0.651701,-1.071476,0.192208,
1629325444.105695,0.000000,0.651157,-1.071947,0.192086,
1629325444.155696,0.000000,0.646292,-1.075795,0.192398,
1629325444.161246,0.000000,0.645564,-1.076277,0.192488,
1629325444.166807,0.000000,0.645037,-1.076757,0.192484,
1629325444.172363,0.000000,0.644294,-1.077297,0.192568,
1629325444.177900,0.000000,0.643825,-1.077649,0.192487,
1629325444.183474,0.000000,0.643470,-1.078067,0.192125,
1629325444.189029,0.000000,0.642688,-1.078784,0.192170,
1629325444.194547,0.000000,0.642037,-1.079267,0.192157,
1629325444.200103,0.000000,0.641449,-1.079800,0.192099,
1629325444.205673,0.000000,0.640912,-1.080153,0.192261,
1629325444.255663,0.000000,0.635709,-1.083785,0.192138,
1629325444.261214,0.000000,0.635024,-1.084161,0.192107,
1629325444.266773,0.000000,0.634376,-1.084493,0.192145,
1629325444.272327,0.000000,0.633856,-1.085012,0.192000,
1629325444.277873,0.000000,0.633278,-1.085516,0.191876,
1629325444.283447,0.000000,0.632713,-1.085968,0.191812,
1629325444.288979,0.000000,0.632036,-1.086492,0.191694,
1629325444.294688,0.000000,0.631381,-1.086994,0.191686,
1629325444.300138,0.000000,0.630749,-1.087382,0.191770,
1629325444.305689,0.000000,0.630162,-1.087861,0.191609,
1629325444.355682,0.000000,0.624860,-1.091355,0.191784,
1629325444.361243,0.000000,0.624124,-1.091762,0.192129,
1629325444.366794,0.000000,0.623489,-1.092077,0.191833,
1629325444.372355,0.000000,0.622916,-1.092459,0.191776,
1629325444.377912,0.000000,0.622422,-1.092880,0.191615,
1629325444.383467,0.000000,0.621747,-1.093162,0.191739,
1629325444.389016,0.000000,0.621052,-1.093681,0.191698,
1629325444.394629,0.000000,0.620494,-1.094062,0.191565,
1629325444.400097,0.000000,0.619380,-1.094329,0.192131,
1629325444.405639,0.000000,0.618794,-1.094927,0.191924,
1629325444.455638,0.000000,0.613272,-1.098462,0.192133,
1629325444.461189,0.000000,0.612665,-1.098496,0.192307,
1629325444.466746,0.000000,0.611953,-1.099002,0.192484,
1629325444.472310,0.000000,0.611230,-1.099344,0.192512,
1629325444.477864,0.000000,0.610624,-1.099769,0.192436,
1629325444.483421,0.000000,0.609980,-1.100190,0.192346,
1629325444.488984,0.000000,0.609187,-1.100440,0.192348,
1629325444.494542,0.000000,0.608740,-1.100922,0.192173,
1629325444.500079,0.000000,0.608159,-1.101363,0.192055,
1629325444.505673,0.000000,0.607590,-1.101808,0.192167,
1629325444.527900,0.000000,0.604933,-1.103254,0.192133,
1629325444.533463,0.000000,0.604147,-1.103503,0.192289,
1629325444.539017,0.000000,0.603561,-1.104080,0.192120,
1629325444.544571,0.000000,0.603052,-1.104096,0.192111,
1629325444.550128,0.000000,0.602339,-1.104373,0.192261,
1629325444.555680,0.000000,0.601878,-1.104682,0.192169,
1629325444.561236,0.000000,0.601154,-1.105004,0.192257,
1629325444.566793,0.000000,0.600491,-1.105284,0.192267,
1629325444.572350,0.000000,0.599955,-1.105569,0.192312,
1629325444.577903,0.000000,0.599279,-1.105998,0.192470,
1629325444.655639,0.000000,0.589865,-1.110560,0.192306,
1629325444.661223,0.000000,0.589331,-1.110842,0.192299,
1629325444.666783,0.000000,0.588771,-1.111063,0.192319,
1629325444.672344,0.000000,0.587792,-1.111415,0.192471,
1629325444.677896,0.000000,0.587242,-1.111702,0.192460,
1629325444.683457,0.000000,0.586722,-1.112074,0.192446,
1629325444.689018,0.000000,0.585982,-1.112285,0.192559,
1629325444.694580,0.000000,0.585308,-1.112668,0.192473,
1629325444.700138,0.000000,0.584686,-1.113055,0.192575,
1629325444.705690,0.000000,0.584051,-1.113450,0.192504,
1629325444.755683,0.000000,0.578042,-1.116009,0.192607,
1629325444.761242,0.000000,0.577379,-1.116284,0.192513,
1629325444.766787,0.000000,0.576707,-1.116532,0.192791,
1629325444.772343,0.000000,0.576076,-1.116718,0.192655,
1629325444.777907,0.000000,0.575378,-1.116995,0.192605,
1629325444.783463,0.000000,0.574666,-1.117243,0.192573,
1629325444.789024,0.000000,0.574027,-1.117503,0.192528,
1629325444.794574,0.000000,0.573462,-1.117944,0.192309,
1629325444.800140,0.000000,0.572723,-1.118259,0.192316,
1629325444.805717,0.000000,0.571935,-1.118627,0.192565,
1629325444.855633,0.000000,0.565474,-1.121008,0.192847,
1629325444.861207,0.000000,0.564967,-1.121316,0.192796,
1629325444.866749,0.000000,0.564311,-1.121534,0.192757,
1629325444.872385,0.000000,0.563709,-1.121704,0.192774,
1629325444.877864,0.000000,0.562997,-1.121855,0.192763,
1629325444.883417,0.000000,0.562387,-1.122119,0.192648,
1629325444.888961,0.000000,0.561608,-1.122395,0.192554,
1629325444.894521,0.000000,0.560865,-1.122705,0.192608,
1629325444.900082,0.000000,0.560118,-1.122855,0.192639,
1629325444.905630,0.000000,0.559535,-1.123510,0.192413,
1629325444.955685,0.000000,0.552956,-1.125797,0.192525,
1629325444.961239,0.000000,0.552379,-1.125909,0.192409,
1629325444.966794,0.000000,0.551702,-1.126181,0.192302,
1629325444.972349,0.000000,0.550918,-1.126331,0.192352,
1629325444.977904,0.000000,0.550240,-1.126525,0.192351,
1629325444.983450,0.000000,0.549551,-1.126811,0.192535,
1629325444.989011,0.000000,0.548944,-1.126964,0.192370,
1629325444.994578,0.000000,0.548258,-1.127285,0.192503,
1629325445.000154,0.000000,0.547497,-1.127580,0.192376,
1629325445.005685,0.000000,0.546687,-1.127793,0.192219,
1629325445.055692,0.000000,0.539805,-1.129605,0.192684,
1629325445.061248,0.000000,0.539169,-1.129812,0.192674,
1629325445.066787,0.000000,0.538605,-1.130046,0.192849,
1629325445.072345,0.000000,0.537916,-1.130140,0.192734,
1629325445.077901,0.000000,0.537250,-1.130225,0.192746,
1629325445.083471,0.000000,0.536528,-1.130386,0.192748,
1629325445.089017,0.000000,0.535768,-1.130643,0.192583,
1629325445.094581,0.000000,0.534753,-1.130669,0.192575,
1629325445.100136,0.000000,0.534074,-1.130962,0.192448,
1629325445.105700,0.000000,0.533197,-1.131188,0.192430,
1629325445.155674,0.000000,0.526563,-1.132832,0.192899,
1629325445.161312,0.000000,0.525949,-1.133135,0.192841,
1629325445.166793,0.000000,0.525172,-1.133256,0.192895,
1629325445.172348,0.000000,0.524214,-1.133333,0.193062,
1629325445.177902,0.000000,0.523588,-1.133448,0.192884,
1629325445.183451,0.000000,0.522990,-1.133710,0.192737,
1629325445.189021,0.000000,0.522182,-1.133900,0.192515,
1629325445.194582,0.000000,0.521533,-1.133980,0.192789,
1629325445.200132,0.000000,0.520539,-1.134146,0.193077,
1629325445.205722,0.000000,0.519763,-1.134320,0.192840,
1629325445.255676,0.000000,0.512866,-1.135647,0.192762,
1629325445.261277,0.000000,0.512229,-1.135829,0.192736,
1629325445.266773,0.000000,0.511683,-1.135784,0.192583,
1629325445.272335,0.000000,0.510944,-1.136232,0.192483,
1629325445.277905,0.000000,0.510301,-1.136397,0.192413,
1629325445.283464,0.000000,0.509579,-1.136481,0.192479,
1629325445.289019,0.000000,0.508862,-1.136450,0.192597,
1629325445.294575,0.000000,0.508009,-1.136607,0.192722,
1629325445.300130,0.000000,0.507408,-1.136784,0.192767,
1629325445.305746,0.000000,0.506861,-1.137063,0.192448,
1629325445.355667,0.000000,0.499852,-1.137874,0.193176,
1629325445.361226,0.000000,0.499307,-1.138047,0.192940,
1629325445.366771,0.000000,0.498414,-1.137966,0.193169,
1629325445.372327,0.000000,0.497691,-1.137892,0.193407,
1629325445.377897,0.000000,0.497076,-1.137977,0.192698,
1629325445.383444,0.000000,0.496567,-1.138154,0.193318,
1629325445.388999,0.000000,0.495695,-1.138310,0.192892,
1629325445.394554,0.000000,0.495018,-1.138573,0.192682,
1629325445.400131,0.000000,0.494334,-1.138704,0.192616,
1629325445.405666,0.000000,0.493534,-1.138822,0.192531,
1629325445.455673,0.000000,0.486605,-1.139807,0.192409,
1629325445.461226,0.000000,0.486017,-1.139856,0.192460,
1629325445.466788,0.000000,0.485402,-1.139901,0.192529,
1629325445.472329,0.000000,0.484813,-1.139939,0.192550,
1629325445.477885,0.000000,0.484096,-1.139917,0.192600,
1629325445.483435,0.000000,0.483518,-1.140341,0.192319,
1629325445.489000,0.000000,0.482686,-1.140450,0.192203,
1629325445.494555,0.000000,0.481885,-1.140450,0.192081,
1629325445.500109,0.000000,0.481260,-1.140617,0.191921,
1629325445.505656,0.000000,0.480514,-1.140681,0.191867,
1629325445.555623,0.000000,0.473640,-1.140675,0.192959,
1629325445.561179,0.000000,0.472565,-1.140580,0.192411,
1629325445.566727,0.000000,0.472037,-1.140645,0.192977,
1629325445.572285,0.000000,0.471326,-1.140731,0.193175,
1629325445.577843,0.000000,0.470688,-1.140724,0.193149,
1629325445.583410,0.000000,0.470059,-1.140814,0.192995,
1629325445.588965,0.000000,0.469361,-1.140908,0.192766,
1629325445.594523,0.000000,0.468758,-1.140972,0.192688,
1629325445.600157,0.000000,0.467716,-1.140891,0.192794,
1629325445.605634,0.000000,0.466973,-1.140978,0.192715,
1629325445.655677,0.000000,0.460264,-1.141256,0.192442,
1629325445.661214,0.000000,0.459522,-1.141177,0.192525,
1629325445.666783,0.000000,0.458941,-1.141147,0.192417,
1629325445.672344,0.000000,0.458231,-1.141130,0.192674,
1629325445.677882,0.000000,0.457656,-1.141173,0.192402,
1629325445.683466,0.000000,0.457052,-1.141199,0.192366,
1629325445.689010,0.000000,0.456354,-1.141186,0.192549,
1629325445.694556,0.000000,0.455521,-1.141172,0.192517,
1629325445.700122,0.000000,0.454807,-1.141186,0.192661,
1629325445.705674,0.000000,0.454115,-1.141255,0.192655,
1629325445.755628,0.000000,0.447028,-1.141154,0.192291,
1629325445.761166,0.000000,0.446463,-1.141099,0.192391,
1629325445.766731,0.000000,0.445906,-1.141060,0.192449,
1629325445.772299,0.000000,0.445379,-1.141050,0.192505,
1629325445.777844,0.000000,0.444553,-1.141108,0.192430,
1629325445.783422,0.000000,0.443830,-1.140990,0.192534,
1629325445.788961,0.000000,0.443097,-1.140849,0.192499,
1629325445.794513,0.000000,0.442452,-1.140853,0.192535,
1629325445.800083,0.000000,0.441741,-1.140846,0.192534,
1629325445.805629,0.000000,0.441015,-1.140846,0.192484,
1629325445.855667,0.000000,0.434752,-1.140978,0.191451,
1629325445.861218,0.000000,0.434086,-1.140855,0.191596,
1629325445.866760,0.000000,0.432167,-1.140043,0.191682,
1629325445.872330,0.000000,0.432864,-1.140806,0.191556,
1629325445.877870,0.000000,0.431032,-1.140312,0.192425,
1629325445.883442,0.000000,0.430384,-1.140291,0.192549,
1629325445.889075,0.000000,0.429641,-1.140249,0.192522,
1629325445.894550,0.000000,0.428861,-1.140088,0.192647,
1629325445.900112,0.000000,0.428121,-1.139973,0.192775,
1629325445.905660,0.000000,0.427471,-1.140040,0.192624,
1629325445.955619,0.000000,0.420840,-1.139308,0.192724,
1629325445.961163,0.000000,0.420305,-1.139263,0.192788,
1629325445.966733,0.000000,0.419637,-1.139266,0.192861,
1629325445.972293,0.000000,0.419087,-1.139334,0.192781,
1629325445.977845,0.000000,0.418250,-1.139056,0.192860,
1629325445.983405,0.000000,0.417593,-1.138959,0.192967,
1629325445.988956,0.000000,0.416952,-1.138776,0.193202,
1629325445.994508,0.000000,0.416261,-1.138717,0.193372,
1629325446.000067,0.000000,0.415267,-1.138782,0.192891,
1629325446.005625,0.000000,0.414467,-1.138663,0.193011,
1629325446.055607,0.000000,0.407526,-1.137642,0.192600,
1629325446.061167,0.000000,0.406678,-1.137058,0.192798,
1629325446.066748,0.000000,0.406129,-1.136884,0.192694,
1629325446.072287,0.000000,0.405562,-1.136798,0.192602,
1629325446.077835,0.000000,0.405098,-1.136759,0.192741,
1629325446.083432,0.000000,0.404539,-1.137300,0.192506,
1629325446.088947,0.000000,0.403615,-1.136945,0.192710,
1629325446.094512,0.000000,0.402960,-1.136855,0.192530,
1629325446.100069,0.000000,0.402401,-1.136824,0.192451,
1629325446.105623,0.000000,0.401466,-1.136568,0.192599,
1629325446.155665,0.000000,0.394580,-1.135601,0.192494,
1629325446.161222,0.000000,0.394057,-1.135003,0.192739,
1629325446.166759,0.000000,0.393340,-1.134740,0.192923,
1629325446.172332,0.000000,0.392704,-1.134540,0.193048,
1629325446.177963,0.000000,0.392189,-1.134477,0.193014,
1629325446.183489,0.000000,0.391684,-1.134324,0.192926,
1629325446.189001,0.000000,0.391050,-1.134122,0.193013,
1629325446.194555,0.000000,0.390750,-1.134140,0.192903,
1629325446.200103,0.000000,0.389650,-1.134055,0.192842,
1629325446.205659,0.000000,0.388660,-1.133799,0.192957,
