1629325438.000000,676293850.000000,-0.000223,0.000359,0.000312,-0.007824,0.035594,-0.000534,0.999336,0.001270,-0.000416,0.006740,0.001010,0.007438,0.006177,
1629325438.000000,681297779.000000,-0.000211,0.000358,0.000346,-0.007833,0.035625,-0.000529,0.999334,0.001751,-0.000378,0.006847,-0.005484,0.000446,-0.006568,
1629325438.000000,686300993.000000,-0.000194,0.000357,0.000379,-0.007844,0.035611,-0.000549,0.999335,0.002456,-0.000339,0.006790,-0.001216,0.004226,-0.002474,
1629325438.000000,691303968.000000,-0.000175,0.000356,0.000410,-0.007843,0.035638,-0.000545,0.999334,0.003129,-0.000299,0.006691,-0.001162,0.003576,-0.000141,
1629325438.000000,696306944.000000,-0.000354,0.000365,0.000301,-0.007862,0.035689,-0.000531,0.999332,-0.003272,-0.000253,0.007742,0.004056,-0.007281,-0.001363,
1629325438.000000,701310158.000000,-0.000368,0.000364,0.000342,-0.007852,0.035683,-0.000525,0.999332,-0.003391,-0.000315,0.008230,-0.003248,0.007530,0.006145,
1629325438.000000,706312895.000000,-0.000383,0.000363,0.000383,-0.007866,0.035690,-0.000511,0.999332,-0.003603,-0.000378,0.008659,-0.001316,-0.015507,0.000866,
1629325438.000000,711315870.000000,-0.000399,0.000364,0.000410,-0.007858,0.035648,-0.000516,0.999333,-0.003744,-0.000116,0.007338,0.002057,0.006208,-0.000302,
1629325438.000000,716319799.000000,-0.000414,0.000364,0.000448,-0.007862,0.035690,-0.000515,0.999332,-0.003723,-0.000082,0.007413,-0.004421,0.003706,-0.002334,
1629325438.000000,721322775.000000,-0.000427,0.000364,0.000484,-0.007869,0.035666,-0.000521,0.999333,-0.003624,-0.000045,0.007321,0.001944,-0.005350,0.001824,
1629325438.000000,771353722.000000,0.000683,0.000065,0.000408,-0.008222,0.029353,-0.001845,0.999534,0.081316,-0.019333,0.015956,0.001832,-0.183076,-0.269102,
1629325438.000000,776356936.000000,0.001164,-0.000041,0.000464,-0.008190,0.029308,-0.002518,0.999534,0.104848,-0.022819,0.017233,0.035048,0.217426,-0.293874,
1629325438.000000,781359911.000000,0.001754,-0.000165,0.000517,-0.008076,0.030446,-0.003355,0.999498,0.127759,-0.026213,0.018660,0.079612,0.656405,-0.355102,
1629325438.000000,786362886.000000,0.002219,-0.000267,0.000621,-0.007818,0.032234,-0.004260,0.999441,0.117549,-0.023799,0.025460,0.143608,0.699360,-0.335999,
1629325438.000000,791365862.000000,0.002838,-0.000393,0.000723,-0.007491,0.033767,-0.005074,0.999389,0.127358,-0.024824,0.028563,0.102503,0.537146,-0.303731,
1629325438.000000,796368837.000000,0.002383,-0.000128,0.001095,-0.007377,0.035817,-0.005955,0.999313,0.111927,-0.021096,0.040806,0.017690,0.130083,-0.318910,
1629325438.000000,801373005.000000,0.002750,-0.000144,0.001090,-0.007412,0.035562,-0.006795,0.999317,0.095143,-0.010454,0.023610,-0.014171,-0.247206,-0.361490,
1629325438.000000,806375980.000000,0.003226,-0.000194,0.001180,-0.007470,0.034777,-0.007739,0.999337,0.094717,-0.007581,0.021504,0.009185,-0.358657,-0.391504,
1629325438.000000,811378956.000000,0.003715,-0.000232,0.001248,-0.007429,0.033906,-0.008692,0.999360,0.095285,-0.004690,0.018922,0.051985,-0.292197,-0.362787,
1629325438.000000,816382170.000000,0.004210,-0.000254,0.001291,-0.007338,0.033468,-0.009582,0.999367,0.096129,-0.001786,0.015605,0.034053,-0.024122,-0.364521,
1629325438.000000,866412878.000000,0.008794,-0.003117,-0.001930,-0.007694,0.033867,-0.019871,0.999199,0.103299,-0.035791,-0.017613,0.009379,0.053482,-0.429161,
1629325438.000000,871415854.000000,0.009303,-0.003323,-0.002040,-0.007660,0.033915,-0.020941,0.999176,0.104498,-0.037391,-0.012401,0.039331,0.020665,-0.435349,
1629325438.000000,876419067.000000,0.009817,-0.003537,-0.002120,-0.007580,0.034078,-0.022065,0.999147,0.105479,-0.038972,-0.006925,0.052017,0.141467,-0.456852,
1629325438.000000,881421804.000000,0.010295,-0.003760,-0.002143,-0.007455,0.034478,-0.023206,0.999108,0.100847,-0.040803,0.002327,0.074346,0.130926,-0.440934,
1629325438.000000,886424780.000000,0.010786,-0.003991,-0.002145,-0.007278,0.034720,-0.024299,0.999075,0.099826,-0.042492,0.009183,0.088290,0.111581,-0.435371,
1629325438.000000,891428947.000000,0.011276,-0.004232,-0.002113,-0.007071,0.034943,-0.025381,0.999042,0.099044,-0.044178,0.015969,0.107330,0.030199,-0.410108,
1629325438.000000,896431923.000000,0.012608,-0.004758,-0.000331,-0.006695,0.035711,-0.026364,0.998992,0.099850,-0.043484,0.023233,0.089554,0.026566,-0.404433,
1629325438.000000,901434898.000000,0.013083,-0.004996,-0.000254,-0.006593,0.035812,-0.027401,0.998961,0.097001,-0.042916,0.019781,0.012757,0.001825,-0.411183,
1629325438.000000,906438112.000000,0.013546,-0.005234,-0.000213,-0.006652,0.035641,-0.028425,0.998938,0.094291,-0.042380,0.015323,-0.006797,-0.119933,-0.416293,
1629325438.000000,911440849.000000,0.014026,-0.005494,-0.000167,-0.006697,0.035243,-0.029484,0.998921,0.095521,-0.044991,0.013930,0.001071,-0.189672,-0.431325,
1629325438.000000,956469059.000000,0.021696,-0.006972,-0.000371,-0.006959,0.035681,-0.039214,0.998569,0.141508,-0.021653,-0.006181,-0.038319,-0.028873,-0.433464,
1629325438.000000,961471796.000000,0.022390,-0.007159,-0.000414,-0.007114,0.035511,-0.040312,0.998531,0.141758,-0.023470,-0.003251,-0.042688,-0.066113,-0.445276,
1629325438.000000,966474771.000000,0.024831,-0.006639,-0.000843,-0.007205,0.035323,-0.041446,0.998490,0.150994,-0.015934,-0.001345,-0.047739,-0.032696,-0.453883,
1629325438.000000,971477747.000000,0.025577,-0.006781,-0.000910,-0.007333,0.035328,-0.042582,0.998441,0.151653,-0.015313,-0.002293,-0.005435,0.044711,-0.453959,
1629325438.000000,976480722.000000,0.026313,-0.007036,-0.000722,-0.007291,0.035466,-0.043698,0.998388,0.150183,-0.027607,0.024345,0.058793,0.051460,-0.433711,
1629325438.000000,981484890.000000,0.027061,-0.007248,-0.000632,-0.007131,0.035582,-0.044791,0.998337,0.150715,-0.031043,0.032162,0.091770,0.078338,-0.447348,
1629325438.000000,986487865.000000,0.027815,-0.007478,-0.000500,-0.006920,0.035908,-0.045938,0.998275,0.151367,-0.034448,0.040471,0.090745,0.209831,-0.450880,
1629325438.000000,991490841.000000,0.028514,-0.007690,-0.000392,-0.006714,0.036472,-0.047049,0.998204,0.144309,-0.033171,0.038896,0.089508,0.207500,-0.432560,
1629325438.000000,996493816.000000,0.029062,-0.007342,0.000346,-0.006461,0.037190,-0.048206,0.998124,0.130103,-0.030318,0.048303,0.099223,0.087119,-0.416764,
1629325439.000000,1496792.000000,0.029702,-0.007557,0.000554,-0.006280,0.037212,-0.049245,0.998074,0.126288,-0.031935,0.051618,0.061071,-0.070439,-0.411420,
1629325439.000000,46525002.000000,0.036469,-0.008751,-0.000386,-0.006462,0.036019,-0.058775,0.997600,0.160767,-0.007674,-0.002639,-0.007188,0.071462,-0.421223,
1629325439.000000,51527977.000000,0.037275,-0.008881,-0.000463,-0.006498,0.036086,-0.059834,0.997535,0.164725,-0.005371,-0.005715,0.007737,0.004412,-0.433876,
1629325439.000000,56531906.000000,0.037996,-0.009027,-0.000485,-0.006536,0.036090,-0.060936,0.997468,0.156518,-0.007401,-0.001963,-0.020791,0.014051,-0.442575,
1629325439.000000,61534882.000000,0.038632,-0.009362,-0.000656,-0.006545,0.036229,-0.062083,0.997392,0.153759,-0.010844,0.000985,-0.038109,0.057653,-0.443654,
1629325439.000000,66538095.000000,0.039392,-0.009511,-0.000703,-0.006676,0.036325,-0.063180,0.997319,0.154279,-0.010012,0.000890,-0.045301,-0.011697,-0.435197,
1629325439.000000,71541071.000000,0.040167,-0.009700,-0.000680,-0.006830,0.036255,-0.064261,0.997251,0.155869,-0.013471,0.007915,-0.031692,0.011436,-0.442505,
1629325439.000000,76543808.000000,0.040934,-0.009869,-0.000692,-0.006886,0.036346,-0.065379,0.997175,0.156331,-0.013918,0.009799,0.016354,0.027586,-0.448013,
1629325439.000000,81546783.000000,0.041703,-0.010042,-0.000696,-0.006802,0.036391,-0.066496,0.997100,0.156854,-0.014358,0.011455,0.084481,0.057221,-0.446830,
1629325439.000000,86549759.000000,0.042433,-0.010277,-0.000537,-0.006565,0.036564,-0.067624,0.997019,0.151030,-0.024098,0.034755,0.113512,0.071924,-0.447945,
1629325439.000000,91552734.000000,0.043172,-0.010508,-0.000390,-0.006312,0.036810,-0.068753,0.996934,0.149106,-0.028251,0.045356,0.109010,0.204133,-0.447924,
1629325439.000000,141583920.000000,0.049479,-0.012507,-0.000920,-0.005859,0.036086,-0.079327,0.996178,0.150801,-0.017168,0.008937,0.015576,0.211604,-0.426831,
1629325439.000000,146587849.000000,0.050122,-0.012701,-0.000925,-0.005833,0.036579,-0.080406,0.996074,0.141495,-0.016927,0.007974,0.011087,0.193315,-0.432250,
1629325439.000000,151590824.000000,0.050807,-0.012897,-0.000935,-0.005801,0.036935,-0.081476,0.995974,0.140652,-0.016203,0.007494,0.020795,0.066739,-0.421565,
1629325439.000000,156594038.000000,0.051487,-0.013089,-0.000948,-0.005789,0.036915,-0.082515,0.995889,0.139781,-0.015492,0.006979,0.018677,-0.045370,-0.412994,
1629325439.000000,161597013.000000,0.051106,-0.013677,-0.000704,-0.005696,0.036835,-0.083588,0.995803,0.125375,-0.026532,0.010899,-0.000462,-0.049197,-0.422666,
1629325439.000000,166599751.000000,0.051688,-0.013913,-0.000681,-0.005752,0.036764,-0.084639,0.995717,0.122207,-0.027692,0.012731,-0.004782,0.004818,-0.415375,
1629325439.000000,171602964.000000,0.052254,-0.014154,-0.000660,-0.005771,0.036834,-0.085660,0.995627,0.119101,-0.028869,0.013943,0.020763,0.044299,-0.410911,
1629325439.000000,176605940.000000,0.052803,-0.014399,-0.000630,-0.005707,0.036937,-0.086679,0.995535,0.115928,-0.030057,0.015292,0.049637,0.048399,-0.396204,
1629325439.000000,181608915.000000,0.053334,-0.014680,-0.000497,-0.005579,0.037029,-0.087653,0.995447,0.112420,-0.035153,0.027415,0.075136,0.037827,-0.389583,
1629325439.000000,186612129.000000,0.053848,-0.014955,-0.000395,-0.005415,0.036996,-0.088628,0.995363,0.109009,-0.037660,0.031904,0.079513,-0.070943,-0.381275,
1629325439.000000,276669025.000000,0.066628,-0.018644,-0.001175,-0.005560,0.037374,-0.108042,0.993428,0.138165,-0.010685,-0.008898,-0.064407,-0.087277,-0.435773,
1629325439.000000,281672001.000000,0.067277,-0.018841,-0.001275,-0.005774,0.037087,-0.109120,0.993320,0.134975,-0.009741,-0.009689,-0.042075,-0.153942,-0.438965,
1629325439.000000,286674976.000000,0.067915,-0.019033,-0.001368,-0.005900,0.036770,-0.110229,0.993208,0.132052,-0.008799,-0.010052,0.003796,-0.051969,-0.460247,
1629325439.000000,291677952.000000,0.068624,-0.019325,-0.001195,-0.005844,0.036861,-0.111388,0.993076,0.138790,-0.018465,0.021729,0.070848,0.120595,-0.460424,
1629325439.000000,296680927.000000,0.069671,-0.019491,-0.001118,-0.005572,0.037024,-0.112517,0.992944,0.151176,-0.023822,0.049330,0.140147,0.233858,-0.439096,
1629325439.000000,301684141.000000,0.070401,-0.019784,-0.000890,-0.005138,0.037659,-0.113597,0.992800,0.152031,-0.026376,0.061157,0.166898,0.318423,-0.416694,
1629325439.000000,306687117.000000,0.070985,-0.019950,-0.000965,-0.004781,0.038371,-0.114626,0.992656,0.136895,-0.017602,0.036734,0.052174,0.243871,-0.400707,
1629325439.000000,311690569.000000,0.071635,-0.020188,-0.000816,-0.004795,0.038686,-0.115610,0.992530,0.133021,-0.016853,0.039069,-0.027560,-0.003345,-0.391131,
1629325439.000000,316693783.000000,0.072266,-0.020419,-0.000667,-0.004943,0.038263,-0.116589,0.992431,0.128891,-0.016119,0.040156,-0.022801,-0.358100,-0.408085,
1629325439.000000,321696758.000000,0.072868,-0.020673,-0.000605,-0.005147,0.037159,-0.117634,0.992348,0.125131,-0.019674,0.028017,0.001572,-0.435964,-0.438033,
1629325439.000000,371727705.000000,0.080216,-0.023441,-0.001733,-0.005292,0.037934,-0.128390,0.990984,0.148261,-0.002867,0.000748,-0.045998,-0.032988,-0.412480,
1629325439.000000,376730919.000000,0.080927,-0.023637,-0.001793,-0.005476,0.037941,-0.129415,0.990849,0.147230,0.000282,-0.000250,-0.060147,0.067838,-0.416888,
1629325439.000000,381733894.000000,0.081642,-0.023924,-0.001667,-0.005596,0.038117,-0.130443,0.990707,0.149133,-0.011561,0.023739,-0.012200,-0.019330,-0.414727,
1629325439.000000,386736870.000000,0.082351,-0.024179,-0.001581,-0.005570,0.037915,-0.131499,0.990575,0.149448,-0.014393,0.033029,0.096408,-0.050288,-0.444419,
1629325439.000000,391740084.000000,0.083064,-0.024451,-0.001449,-0.005290,0.037892,-0.132653,0.990424,0.149912,-0.017171,0.043012,0.132113,0.045486,-0.468110,
1629325439.000000,396742821.000000,0.083204,-0.024765,-0.001403,-0.005026,0.037839,-0.133849,0.990266,0.137222,-0.024242,0.045384,0.072251,0.270048,-0.460668,
1629325439.000000,401746988.000000,0.083827,-0.025062,-0.001164,-0.004827,0.038660,-0.134967,0.990084,0.134891,-0.025939,0.051333,0.049524,0.316421,-0.427701,
1629325439.000000,406749964.000000,0.084454,-0.025371,-0.000957,-0.004634,0.039118,-0.135981,0.989928,0.133005,-0.027663,0.055387,0.089101,0.054960,-0.386048,
1629325439.000000,411752939.000000,0.085089,-0.025694,-0.000755,-0.004467,0.038947,-0.136933,0.989804,0.132001,-0.029403,0.058317,0.069228,-0.121760,-0.388050,
1629325439.000000,416756153.000000,0.085589,-0.025951,-0.000675,-0.004494,0.038395,-0.137922,0.989689,0.116591,-0.026729,0.041930,0.002867,-0.355634,-0.406366,
1629325439.000000,461783886.000000,0.090724,-0.028383,-0.002498,-0.004676,0.037554,-0.147527,0.988334,0.148268,-0.010132,-0.009523,-0.012941,-0.102754,-0.452214,
1629325439.000000,466786861.000000,0.091417,-0.028645,-0.002604,-0.004772,0.037443,-0.148641,0.988171,0.150844,-0.008065,-0.011813,-0.015173,0.016554,-0.443857,
1629325439.000000,471789837.000000,0.092128,-0.028903,-0.002721,-0.004838,0.037565,-0.149698,0.988006,0.153548,-0.005998,-0.014010,-0.024670,0.052996,-0.410757,
1629325439.000000,476793051.000000,0.092723,-0.029252,-0.002533,-0.004909,0.037709,-0.150699,0.987848,0.147679,-0.013684,0.005599,-0.009952,0.076748,-0.410582,
1629325439.000000,481796980.000000,0.093407,-0.029538,-0.002561,-0.004933,0.037858,-0.151740,0.987683,0.148318,-0.013734,0.007320,-0.007530,0.007629,-0.428882,
1629325439.000000,486799717.000000,0.094089,-0.029826,-0.002593,-0.004954,0.037861,-0.152833,0.987514,0.148739,-0.013767,0.008239,0.045245,0.065454,-0.461774,
1629325439.000000,491802931.000000,0.094722,-0.030170,-0.002472,-0.004764,0.038027,-0.154011,0.987326,0.143494,-0.023813,0.028944,0.104369,0.018803,-0.473732,
1629325439.000000,496805906.000000,0.094311,-0.030440,-0.000847,-0.004489,0.038283,-0.155257,0.987122,0.130169,-0.033311,0.072047,0.131808,0.156996,-0.473592,
1629325439.000000,501808882.000000,0.094896,-0.030806,-0.000485,-0.004125,0.038878,-0.156423,0.986916,0.128754,-0.037324,0.083840,0.095894,0.276246,-0.447176,
1629325439.000000,506812096.000000,0.095377,-0.031030,-0.000457,-0.003900,0.039369,-0.157478,0.986730,0.113701,-0.026270,0.051026,0.069803,0.139545,-0.403300,
1629325439.000000,551839828.000000,0.101599,-0.034171,-0.001746,-0.004262,0.036779,-0.166710,0.985311,0.158934,-0.021596,0.013241,0.015815,0.198469,-0.435229,
1629325439.000000,556842804.000000,0.102235,-0.034464,-0.001719,-0.004224,0.037213,-0.167820,0.985106,0.150251,-0.014635,0.013257,-0.008732,0.107502,-0.450524,
1629325439.000000,561845779.000000,0.102357,-0.034816,-0.001300,-0.004072,0.037980,-0.168981,0.984879,0.148092,-0.008647,0.006644,-0.005490,-0.009102,-0.452480,
1629325439.000000,566849947.000000,0.103052,-0.035098,-0.001324,-0.004157,0.037953,-0.170097,0.984687,0.151032,-0.004726,0.004025,-0.031991,0.008836,-0.452553,
1629325439.000000,571852684.000000,0.103679,-0.035403,-0.001267,-0.004259,0.038117,-0.171196,0.984490,0.145701,-0.007797,0.011044,-0.020636,0.127641,-0.439758,
1629325439.000000,576855659.000000,0.104356,-0.035683,-0.001267,-0.004238,0.038450,-0.172256,0.984293,0.145938,-0.006103,0.011133,0.019076,0.097794,-0.418448,
1629325439.000000,581858873.000000,0.105035,-0.035956,-0.001258,-0.004221,0.038577,-0.173273,0.984109,0.145983,-0.004425,0.012016,-0.008460,0.045788,-0.411967,
1629325439.000000,586861849.000000,0.105682,-0.036293,-0.001076,-0.004288,0.038705,-0.174315,0.983920,0.142712,-0.014453,0.036166,-0.013191,0.047425,-0.441772,
1629325439.000000,591752291.000000,0.106335,-0.036614,-0.000922,-0.004222,0.038808,-0.175445,0.983715,0.141335,-0.017429,0.046476,0.108148,0.064089,-0.467519,
1629325439.000000,596755028.000000,0.106590,-0.036921,-0.001594,-0.003865,0.038270,-0.176633,0.983525,0.137173,-0.028193,0.046422,0.184515,0.061215,-0.451609,
1629325439.000000,646787405.000000,0.113146,-0.039916,-0.002671,-0.003845,0.036734,-0.187085,0.981649,0.150048,-0.017570,-0.002013,0.036194,0.339843,-0.412040,
1629325439.000000,651790380.000000,0.113767,-0.040181,-0.002730,-0.003652,0.037483,-0.188111,0.981426,0.145703,-0.008578,-0.002982,0.031903,0.222017,-0.414355,
1629325439.000000,656793356.000000,0.114442,-0.040488,-0.002808,-0.003589,0.037752,-0.189143,0.981217,0.148726,-0.004856,-0.004615,0.000045,0.036413,-0.431241,
1629325439.000000,661796093.000000,0.114447,-0.040681,-0.001853,-0.003417,0.038194,-0.190228,0.980991,0.149694,0.001226,0.003428,-0.034210,-0.025028,-0.444166,
1629325439.000000,666799068.000000,0.115053,-0.040937,-0.001885,-0.003581,0.038054,-0.191306,0.980786,0.142826,0.002352,0.001876,-0.034235,-0.126023,-0.434566,
1629325439.000000,671802282.000000,0.115724,-0.041190,-0.001934,-0.003736,0.037740,-0.192361,0.980591,0.143268,0.005295,0.000155,-0.004380,-0.065908,-0.432329,
1629325439.000000,676805258.000000,0.116399,-0.041430,-0.001986,-0.003765,0.037811,-0.193432,0.980378,0.143562,0.008242,-0.001010,-0.009470,0.111083,-0.440917,
1629325439.000000,681807995.000000,0.117080,-0.041730,-0.001945,-0.003769,0.038187,-0.194508,0.980150,0.146861,0.001443,0.011863,-0.008741,0.172568,-0.431398,
1629325439.000000,686810970.000000,0.117768,-0.042009,-0.001930,-0.003706,0.038541,-0.195559,0.979927,0.148565,0.000500,0.016144,0.039265,0.102687,-0.430173,
1629325439.000000,691815138.000000,0.118464,-0.042297,-0.001895,-0.003542,0.038761,-0.196640,0.979703,0.150163,-0.000424,0.020466,0.082017,0.158821,-0.446236,
1629325439.000000,736843348.000000,0.121422,-0.046104,-0.002962,-0.003312,0.035973,-0.205962,0.977893,0.072787,-0.026442,-0.034143,0.012665,0.059244,-0.428239,
1629325439.000000,741846085.000000,0.122466,-0.046528,-0.002950,-0.003254,0.036216,-0.206998,0.977665,0.123037,-0.014100,-0.020606,0.021343,0.119805,-0.423793,
1629325439.000000,746849298.000000,0.123005,-0.046840,-0.003099,-0.003148,0.036600,-0.208044,0.977429,0.128865,-0.011183,-0.022870,0.028774,0.244936,-0.426061,
1629325439.000000,751852274.000000,0.123575,-0.047152,-0.003258,-0.002979,0.037236,-0.209089,0.977183,0.134744,-0.008243,-0.024829,0.023514,0.215800,-0.427054,
1629325439.000000,756855249.000000,0.124175,-0.047462,-0.003435,-0.002903,0.037571,-0.210133,0.976946,0.140534,-0.005276,-0.027039,0.010664,0.097824,-0.421803,
1629325439.000000,761858463.000000,0.125404,-0.048036,-0.002190,-0.002703,0.038187,-0.211184,0.976696,0.135157,-0.004450,-0.000216,-0.009539,-0.032959,-0.428106,
1629325439.000000,766861439.000000,0.126009,-0.048327,-0.002243,-0.002831,0.038035,-0.212243,0.976472,0.134780,-0.001155,-0.002397,-0.032971,-0.059178,-0.438833,
1629325439.000000,771865368.000000,0.126619,-0.048605,-0.002314,-0.002975,0.037972,-0.213314,0.976241,0.134509,0.002151,-0.004876,-0.027771,-0.016091,-0.439899,
1629325439.000000,776868105.000000,0.127248,-0.048983,-0.002347,-0.003086,0.037942,-0.214381,0.976008,0.140038,-0.004689,-0.001951,-0.030725,-0.022509,-0.435621,
1629325439.000000,781871080.000000,0.127877,-0.049300,-0.002405,-0.003182,0.037987,-0.215450,0.975771,0.141674,-0.004392,-0.001910,-0.004433,0.090190,-0.446204,
1629325439.000000,841908216.000000,0.134952,-0.054341,-0.002568,-0.002546,0.036220,-0.228000,0.972984,0.141109,-0.018404,0.006781,0.036572,0.089112,-0.429575,
1629325439.000000,846911192.000000,0.135547,-0.054737,-0.002589,-0.002460,0.036497,-0.229028,0.972732,0.145530,-0.017547,0.006790,0.022291,0.146000,-0.428045,
1629325439.000000,851914406.000000,0.136148,-0.055092,-0.002692,-0.002366,0.036859,-0.230093,0.972468,0.145620,-0.011008,-0.004821,0.003471,0.153465,-0.435850,
1629325439.000000,856918335.000000,0.136780,-0.055463,-0.002779,-0.002322,0.037255,-0.231152,0.972201,0.148920,-0.007846,-0.008637,0.002056,0.187013,-0.440962,
1629325439.000000,861921310.000000,0.137946,-0.055978,-0.002182,-0.001968,0.038167,-0.232287,0.971896,0.161251,-0.002169,-0.000621,0.003425,0.091245,-0.435776,
1629325439.000000,866924286.000000,0.138544,-0.056352,-0.002164,-0.001986,0.038266,-0.233338,0.971640,0.152093,-0.005946,0.004913,-0.002021,0.027637,-0.430380,
1629325439.000000,871927261.000000,0.139212,-0.056725,-0.002205,-0.002043,0.038315,-0.234397,0.971384,0.152113,-0.005077,0.003761,-0.027438,-0.017014,-0.446326,
1629325439.000000,876930475.000000,0.139882,-0.057097,-0.002259,-0.002185,0.038271,-0.235491,0.971120,0.152289,-0.004194,0.002237,-0.029850,-0.000912,-0.450744,
1629325439.000000,881933451.000000,0.140551,-0.057464,-0.002313,-0.002290,0.038269,-0.236576,0.970856,0.152260,-0.003315,0.000986,-0.026373,-0.061149,-0.448475,
1629325439.000000,886936188.000000,0.141228,-0.057894,-0.002271,-0.002433,0.038135,-0.237676,0.970593,0.156209,-0.008909,0.011502,-0.020183,0.013347,-0.461276,
1629325439.000000,976993322.000000,0.150620,-0.065471,-0.002561,-0.001449,0.038203,-0.256513,0.965784,0.150999,-0.006178,0.003000,-0.017863,0.085907,-0.443136,
1629325439.000000,981996298.000000,0.151262,-0.065873,-0.002596,-0.001509,0.038400,-0.257586,0.965491,0.151421,-0.005660,0.002528,-0.043315,-0.017419,-0.444285,
1629325439.000000,986999273.000000,0.151907,-0.066276,-0.002636,-0.001749,0.038147,-0.258667,0.965211,0.151704,-0.005137,0.001667,-0.045715,-0.174847,-0.462249,
1629325439.000000,992002487.000000,0.152550,-0.066677,-0.002686,-0.001940,0.037791,-0.259829,0.964913,0.152104,-0.004586,0.001143,0.017154,-0.093165,-0.503875,
1629325439.000000,997005463.000000,0.153433,-0.067288,-0.003304,-0.001923,0.037337,-0.261051,0.964601,0.154271,-0.006184,-0.001465,0.099293,0.114812,-0.509382,
1629325440.000000,2008200.000000,0.154087,-0.067706,-0.003357,-0.001522,0.037749,-0.262247,0.964261,0.155028,-0.005619,-0.001147,0.152609,0.280373,-0.465629,
1629325440.000000,7011175.000000,0.154747,-0.068125,-0.003426,-0.000960,0.038409,-0.263339,0.963938,0.155837,-0.005075,-0.001219,0.169630,0.340748,-0.432425,
1629325440.000000,12014389.000000,0.155061,-0.068371,-0.003371,-0.000433,0.039104,-0.264378,0.963626,0.130646,-0.006521,0.004199,0.100621,0.299425,-0.417616,
1629325440.000000,17018080.000000,0.155602,-0.068730,-0.003380,-0.000214,0.039541,-0.265377,0.963334,0.126191,-0.006463,0.006137,0.018156,0.046742,-0.408005,
1629325440.000000,22021294.000000,0.156109,-0.069071,-0.003396,-0.000355,0.039228,-0.266371,0.963072,0.121174,-0.006443,0.006931,-0.027494,-0.299369,-0.423919,
1629325440.000000,67049265.000000,0.160768,-0.073808,-0.002482,-0.000587,0.038258,-0.275982,0.960401,0.155415,-0.011093,0.008467,-0.003870,0.021991,-0.468853,
1629325440.000000,72052240.000000,0.161350,-0.074221,-0.002469,-0.000678,0.038291,-0.277089,0.960081,0.149678,-0.008514,0.009825,-0.029711,0.035769,-0.448666,
1629325440.000000,77055216.000000,0.161968,-0.074656,-0.002480,-0.000763,0.038462,-0.278141,0.959770,0.150057,-0.006743,0.008875,-0.045481,0.060042,-0.436774,
1629325440.000000,82058430.000000,0.162587,-0.075083,-0.002499,-0.000879,0.038622,-0.279193,0.959458,0.150135,-0.004976,0.007590,-0.036113,0.062613,-0.444318,
1629325440.000000,87061405.000000,0.163167,-0.075561,-0.002361,-0.000943,0.038706,-0.280274,0.959139,0.147690,-0.013894,0.028731,0.001325,-0.041438,-0.459213,
1629325440.000000,92088699.000000,0.163757,-0.076025,-0.002252,-0.000970,0.038502,-0.281400,0.958817,0.146792,-0.016384,0.036770,0.067220,-0.050284,-0.477353,
1629325440.000000,97091675.000000,0.164453,-0.076590,-0.003260,-0.000927,0.037856,-0.282637,0.958479,0.143856,-0.023358,0.042719,0.112234,0.142034,-0.488112,
1629325440.000000,102095604.000000,0.164942,-0.077024,-0.003143,-0.000532,0.038302,-0.283793,0.958120,0.133657,-0.023472,0.042025,0.122782,0.257246,-0.454141,
1629325440.000000,107098579.000000,0.165447,-0.077491,-0.002972,-0.000113,0.038795,-0.284832,0.957792,0.129923,-0.025220,0.047397,0.114279,0.209309,-0.407057,
1629325440.000000,112101555.000000,0.165924,-0.077954,-0.002761,0.000192,0.039071,-0.285788,0.957496,0.125719,-0.027035,0.053176,0.081273,0.067310,-0.387880,
1629325440.000000,162132502.000000,0.170757,-0.082930,-0.002640,0.000116,0.038244,-0.296106,0.954389,0.157524,-0.009158,0.007180,-0.001798,-0.067665,-0.465596,
1629325440.000000,167135477.000000,0.171271,-0.083372,-0.002613,0.000000,0.038081,-0.297246,0.954041,0.147567,-0.010090,0.009141,-0.010396,-0.025910,-0.477685,
1629325440.000000,172138453.000000,0.171850,-0.083830,-0.002626,-0.000079,0.038141,-0.298353,0.953693,0.147001,-0.008509,0.007549,-0.037949,0.028229,-0.450886,
1629325440.000000,177141666.000000,0.172428,-0.084278,-0.002653,-0.000195,0.038250,-0.299407,0.953359,0.146203,-0.006947,0.005497,-0.029754,0.053980,-0.441200,
1629325440.000000,182145596.000000,0.172999,-0.084759,-0.002629,-0.000227,0.038433,-0.300456,0.953021,0.147098,-0.010777,0.011890,-0.016599,0.073507,-0.437062,
1629325440.000000,187148571.000000,0.173572,-0.085228,-0.002618,-0.000262,0.038589,-0.301509,0.952682,0.147375,-0.011367,0.013832,-0.009389,0.045784,-0.457131,
1629325440.000000,192151546.000000,0.174145,-0.085702,-0.002598,-0.000262,0.038588,-0.302620,0.952330,0.147857,-0.011933,0.015317,0.055505,-0.055647,-0.462743,
1629325440.000000,197154522.000000,0.174269,-0.086253,-0.002823,-0.000115,0.037995,-0.303772,0.951987,0.140416,-0.029019,0.043522,0.130349,0.029032,-0.480504,
1629325440.000000,202157497.000000,0.174749,-0.086778,-0.002644,0.000272,0.038218,-0.304941,0.951604,0.138057,-0.033274,0.052604,0.128329,0.238586,-0.472398,
1629325440.000000,207160711.000000,0.175225,-0.087328,-0.002410,0.000715,0.038825,-0.306014,0.951235,0.136527,-0.037561,0.062374,0.097166,0.309933,-0.421021,
1629325440.000000,252188444.000000,0.179212,-0.091468,-0.003508,0.000377,0.037189,-0.315119,0.948323,0.139946,-0.013226,-0.007224,0.019577,0.192725,-0.421111,
1629325440.000000,257192373.000000,0.179742,-0.091942,-0.003601,0.000512,0.037579,-0.316144,0.947966,0.145606,-0.010861,-0.010317,0.011078,0.122360,-0.445562,
1629325440.000000,262195587.000000,0.180336,-0.092761,-0.003236,0.000784,0.038174,-0.317282,0.947562,0.144429,-0.012392,-0.002840,-0.008107,-0.049559,-0.466989,
1629325440.000000,267198563.000000,0.180876,-0.093244,-0.003304,0.000626,0.037967,-0.318398,0.947196,0.145527,-0.010798,-0.004591,-0.022017,-0.088597,-0.474445,
1629325440.000000,272201538.000000,0.181425,-0.093725,-0.003384,0.000504,0.037936,-0.319514,0.946822,0.146727,-0.009193,-0.006376,-0.028369,0.063288,-0.466994,
1629325440.000000,277204514.000000,0.181967,-0.094223,-0.003438,0.000480,0.038212,-0.320586,0.946448,0.147808,-0.010231,-0.004454,-0.025210,0.106531,-0.436133,
1629325440.000000,282207489.000000,0.182526,-0.094715,-0.003515,0.000466,0.038445,-0.321596,0.946096,0.149440,-0.009473,-0.004995,-0.013465,0.094010,-0.429527,
1629325440.000000,287210464.000000,0.183089,-0.095208,-0.003596,0.000484,0.038644,-0.322639,0.945733,0.150702,-0.008701,-0.005699,0.010991,0.050085,-0.452039,
1629325440.000000,292213678.000000,0.183584,-0.095729,-0.003488,0.000545,0.038715,-0.323737,0.945354,0.144070,-0.017953,0.020212,0.052551,0.064128,-0.474415,
1629325440.000000,297216654.000000,0.184451,-0.096796,-0.003558,0.000646,0.038218,-0.324864,0.944988,0.144764,-0.029120,0.043435,0.096242,-0.009907,-0.472367,
1629325440.000000,342245579.000000,0.188602,-0.101077,-0.003777,0.000672,0.036072,-0.334209,0.941808,0.146570,-0.016056,0.003535,0.012398,0.155033,-0.455254,
1629325440.000000,347248793.000000,0.189136,-0.101613,-0.003830,0.000788,0.036595,-0.335264,0.941413,0.152060,-0.015274,0.001858,-0.010602,0.235827,-0.430990,
1629325440.000000,352251768.000000,0.189694,-0.102166,-0.003879,0.000941,0.037098,-0.336250,0.941041,0.157612,-0.014491,0.001055,0.016416,0.192817,-0.418941,
1629325440.000000,357254744.000000,0.190226,-0.102637,-0.003987,0.001093,0.037473,-0.337257,0.940666,0.152728,-0.008359,-0.006877,0.023854,0.137776,-0.432983,
1629325440.000000,362257481.000000,0.191339,-0.102915,-0.003692,0.001400,0.038043,-0.338324,0.940260,0.156375,0.001143,0.001510,-0.004891,0.029637,-0.438339,
1629325440.000000,367260456.000000,0.191946,-0.103403,-0.003751,0.001306,0.038026,-0.339372,0.939883,0.158449,0.003738,-0.000666,-0.023148,-0.040686,-0.461597,
1629325440.000000,372263432.000000,0.192481,-0.103872,-0.003782,0.001187,0.037989,-0.340479,0.939484,0.152269,0.001883,0.000260,-0.020945,0.015404,-0.471438,
1629325440.000000,377267599.000000,0.193071,-0.104350,-0.003839,0.001146,0.038182,-0.341569,0.939080,0.152190,0.003146,-0.000968,-0.033639,0.129044,-0.459565,
1629325440.000000,382270575.000000,0.193664,-0.104825,-0.003904,0.001119,0.038502,-0.342622,0.938684,0.152245,0.004397,-0.002288,-0.033815,0.061985,-0.436206,
1629325440.000000,387273550.000000,0.194222,-0.105328,-0.003847,0.001044,0.038521,-0.343637,0.938312,0.149608,-0.001677,0.014061,0.009865,-0.025009,-0.441312,
1629325440.000000,437304735.000000,0.197797,-0.110937,-0.004608,0.001227,0.036289,-0.353965,0.934553,0.125930,-0.016482,-0.001803,0.017448,-0.141083,-0.438265,
1629325440.000000,442307711.000000,0.198215,-0.111418,-0.004665,0.001176,0.036119,-0.354994,0.934170,0.127128,-0.016247,-0.001523,0.034302,0.024080,-0.438362,
1629325440.000000,447310448.000000,0.198703,-0.111908,-0.004827,0.001305,0.036354,-0.356016,0.933772,0.136974,-0.009996,-0.014857,0.002834,0.189672,-0.434090,
1629325440.000000,452313662.000000,0.199186,-0.112402,-0.004963,0.001426,0.036863,-0.357015,0.933370,0.141533,-0.007329,-0.018730,-0.003151,0.199562,-0.421328,
1629325440.000000,457316637.000000,0.199693,-0.112901,-0.005117,0.001543,0.037197,-0.358010,0.932975,0.145812,-0.004647,-0.022583,0.012278,0.085830,-0.441383,
1629325440.000000,462320566.000000,0.200276,-0.113602,-0.004422,0.001740,0.037588,-0.359086,0.932546,0.146460,-0.006267,-0.008572,0.002595,0.101980,-0.459749,
1629325440.000000,467323780.000000,0.200792,-0.114109,-0.004527,0.001753,0.037807,-0.360144,0.932129,0.146050,-0.004918,-0.010457,-0.026154,0.027077,-0.445837,
1629325440.000000,472326756.000000,0.201304,-0.114607,-0.004650,0.001595,0.037732,-0.361175,0.931733,0.145341,-0.003587,-0.012932,-0.026350,-0.083257,-0.448884,
1629325440.000000,477329493.000000,0.201819,-0.115102,-0.004778,0.001471,0.037682,-0.362233,0.931324,0.144839,-0.002252,-0.015188,-0.027150,0.067941,-0.457563,
1629325440.000000,482332468.000000,0.202333,-0.115638,-0.004829,0.001469,0.037992,-0.363294,0.930898,0.146792,-0.005346,-0.007179,-0.024172,0.098283,-0.456441,
1629325440.000000,567385435.000000,0.209057,-0.124802,-0.004467,0.002456,0.038009,-0.380533,0.923983,0.141407,-0.000787,-0.004668,0.004060,0.001962,-0.442721,
1629325440.000000,572388649.000000,0.209508,-0.125298,-0.004458,0.002370,0.038036,-0.381556,0.923560,0.137500,-0.002466,0.002449,-0.031585,0.016746,-0.443739,
1629325440.000000,577392578.000000,0.209985,-0.125787,-0.004499,0.002236,0.038067,-0.382568,0.923140,0.136840,-0.001302,0.002436,-0.048427,-0.055671,-0.433114,
1629325440.000000,582395792.000000,0.210457,-0.126266,-0.004545,0.002023,0.037974,-0.383572,0.922728,0.135735,-0.000150,0.001952,-0.037961,-0.001964,-0.451039,
1629325440.000000,587398767.000000,0.210927,-0.126738,-0.004587,0.001976,0.038119,-0.384627,0.922283,0.134508,0.001007,0.001868,-0.012212,0.065202,-0.453488,
1629325440.000000,592401505.000000,0.211740,-0.127718,-0.005042,0.001870,0.037712,-0.385684,0.921858,0.139881,-0.017188,0.025367,0.049401,0.000237,-0.439484,
1629325440.000000,597404480.000000,0.212170,-0.128288,-0.004941,0.002029,0.037672,-0.386711,0.921429,0.139325,-0.020311,0.032853,0.104970,0.074617,-0.450087,
1629325440.000000,602407455.000000,0.212593,-0.128870,-0.004797,0.002377,0.037899,-0.387763,0.920977,0.138881,-0.023400,0.040981,0.101844,0.186823,-0.444955,
1629325440.000000,607410431.000000,0.212971,-0.129384,-0.004648,0.002759,0.038261,-0.388768,0.920537,0.130605,-0.023277,0.045289,0.108972,0.199341,-0.422446,
1629325440.000000,612413645.000000,0.213347,-0.129940,-0.004453,0.003113,0.038493,-0.389729,0.920120,0.127644,-0.025452,0.051289,0.094437,0.053559,-0.404356,
1629325440.000000,657442570.000000,0.218084,-0.134898,-0.005252,0.002814,0.037395,-0.398406,0.916442,0.160190,0.001613,0.001782,0.009153,0.161152,-0.442869,
1629325440.000000,662445545.000000,0.218647,-0.135485,-0.005306,0.002931,0.037700,-0.399419,0.915988,0.165148,0.003828,-0.000587,0.013354,0.098583,-0.442736,
1629325440.000000,667448521.000000,0.219127,-0.136012,-0.005322,0.002972,0.037824,-0.400431,0.915541,0.155628,0.002473,0.001646,0.003877,0.020007,-0.438532,
1629325440.000000,672451735.000000,0.219668,-0.136576,-0.005373,0.002945,0.037901,-0.401435,0.915098,0.156075,0.003513,0.000759,-0.015391,0.077795,-0.443763,
1629325440.000000,677454710.000000,0.220214,-0.137142,-0.005428,0.002938,0.038137,-0.402446,0.914644,0.156702,0.004562,-0.000067,-0.035588,0.056777,-0.435407,
1629325440.000000,682457447.000000,0.220756,-0.137711,-0.005462,0.002820,0.038218,-0.403429,0.914208,0.156573,0.004230,0.002124,-0.039944,0.006924,-0.436253,
1629325440.000000,687460661.000000,0.221300,-0.138276,-0.005508,0.002680,0.038241,-0.404439,0.913761,0.156526,0.004725,0.002260,-0.040886,-0.047391,-0.447069,
1629325440.000000,692463636.000000,0.221293,-0.139085,-0.006330,0.002337,0.037507,-0.405465,0.913338,0.151075,-0.002801,-0.006792,0.011050,0.023702,-0.457721,
1629325440.000000,697466612.000000,0.221696,-0.139705,-0.006136,0.002468,0.037604,-0.406518,0.912865,0.145437,-0.015082,0.025031,0.078506,0.062098,-0.456738,
1629325440.000000,702469826.000000,0.222125,-0.140302,-0.006040,0.002706,0.037633,-0.407556,0.912401,0.143197,-0.018863,0.035608,0.114630,0.079060,-0.443895,
1629325440.000000,757504702.000000,0.226947,-0.146387,-0.006610,0.003425,0.037228,-0.418309,0.907535,0.162046,0.002392,-0.005295,0.002788,0.139372,-0.434503,
1629325440.000000,762507677.000000,0.227416,-0.146925,-0.006730,0.003519,0.037524,-0.419302,0.907064,0.155828,0.003794,-0.011270,-0.010945,0.084002,-0.445090,
1629325440.000000,767510414.000000,0.227930,-0.147498,-0.006836,0.003497,0.037630,-0.420308,0.906594,0.156768,0.005699,-0.013410,0.003683,0.013408,-0.435650,
1629325440.000000,772514582.000000,0.228453,-0.148069,-0.006952,0.003475,0.037610,-0.421287,0.906141,0.157608,0.007596,-0.015432,0.001945,-0.030726,-0.435422,
1629325440.000000,777517557.000000,0.228963,-0.148635,-0.007047,0.003385,0.037605,-0.422283,0.905677,0.155805,0.007381,-0.012182,-0.032363,0.044891,-0.440933,
1629325440.000000,782520533.000000,0.229487,-0.149203,-0.007167,0.003372,0.037900,-0.423282,0.905199,0.155996,0.008449,-0.012339,-0.038828,0.155873,-0.449327,
1629325440.000000,787523746.000000,0.230015,-0.149770,-0.007286,0.003397,0.038236,-0.424297,0.904709,0.156326,0.009525,-0.012547,-0.023835,0.067227,-0.444165,
1629325440.000000,792526722.000000,0.230214,-0.150057,-0.007544,0.003106,0.037882,-0.425341,0.904235,0.146532,0.001239,0.001035,-0.005741,0.016221,-0.439855,
1629325440.000000,797529459.000000,0.230683,-0.150620,-0.007574,0.003110,0.037921,-0.426347,0.903759,0.145247,-0.000339,0.007593,0.030455,0.003438,-0.450528,
1629325440.000000,802532673.000000,0.231146,-0.151188,-0.007577,0.003196,0.037873,-0.427373,0.903276,0.144211,-0.001905,0.013796,0.081599,0.036559,-0.447433,
1629325440.000000,842557430.000000,0.234518,-0.155336,-0.007766,0.003256,0.036429,-0.435049,0.899664,0.131861,0.000497,0.000403,0.040077,-0.083853,-0.414374,
1629325440.000000,847560644.000000,0.234932,-0.155855,-0.007811,0.003277,0.036302,-0.435977,0.899219,0.134368,0.000760,0.000903,0.039202,0.003162,-0.405914,
1629325440.000000,852563381.000000,0.235352,-0.156382,-0.007851,0.003367,0.036397,-0.436898,0.898768,0.136617,0.001027,0.001673,0.022013,0.122538,-0.417517,
1629325440.000000,857567549.000000,0.235831,-0.156904,-0.007957,0.003532,0.036748,-0.437848,0.898291,0.142511,0.008690,-0.006687,-0.000289,0.167689,-0.420916,
1629325440.000000,862570524.000000,0.235309,-0.157671,-0.007836,0.003807,0.037168,-0.438848,0.897784,0.150985,0.006607,-0.010837,-0.003557,0.098415,-0.444173,
1629325440.000000,867573500.000000,0.235809,-0.158251,-0.007950,0.003849,0.037370,-0.439866,0.897277,0.155912,0.009933,-0.013823,-0.009819,0.100993,-0.454035,
1629325440.000000,872576475.000000,0.236215,-0.158772,-0.008018,0.003859,0.037580,-0.440871,0.896775,0.146662,0.007403,-0.010866,-0.024800,0.016280,-0.447449,
1629325440.000000,877579689.000000,0.236688,-0.159324,-0.008124,0.003744,0.037553,-0.441858,0.896291,0.146681,0.008861,-0.011714,-0.008932,-0.015809,-0.428408,
1629325440.000000,882582426.000000,0.237165,-0.159871,-0.008233,0.003711,0.037588,-0.442806,0.895821,0.146459,0.010302,-0.012364,-0.007603,0.022228,-0.428181,
1629325440.000000,887585402.000000,0.237628,-0.160429,-0.008319,0.003670,0.037724,-0.443783,0.895333,0.146112,0.008460,-0.008934,-0.041796,0.095776,-0.442219,
1629325440.000000,932614803.000000,0.240876,-0.165630,-0.008815,0.004292,0.037264,-0.452525,0.890962,0.119801,-0.002931,0.003706,0.015692,-0.456332,-0.411457,
1629325440.000000,937617779.000000,0.241221,-0.166126,-0.008846,0.003780,0.036347,-0.453479,0.890517,0.119861,-0.002397,0.000313,-0.020469,-0.318948,-0.448639,
1629325440.000000,942620277.000000,0.241572,-0.166629,-0.008909,0.003457,0.035912,-0.454492,0.890020,0.120564,-0.001830,-0.003856,-0.003696,-0.121855,-0.442615,
1629325440.000000,947623491.000000,0.241920,-0.167125,-0.008978,0.003421,0.035783,-0.455440,0.889541,0.120741,-0.001293,-0.007199,0.051944,0.035491,-0.413494,
1629325440.000000,952626467.000000,0.242349,-0.167724,-0.008978,0.003651,0.035962,-0.456355,0.889063,0.135834,-0.000383,-0.000252,0.061677,0.174512,-0.405070,
1629325440.000000,957629442.000000,0.242753,-0.168291,-0.009034,0.003953,0.036393,-0.457263,0.888578,0.141133,0.000315,-0.000551,0.016868,0.242307,-0.415652,
1629325440.000000,962632656.000000,0.242605,-0.169547,-0.008556,0.004424,0.037242,-0.458305,0.888003,0.153690,-0.006799,0.011954,-0.013121,0.179589,-0.430659,
1629325440.000000,967635393.000000,0.243034,-0.170072,-0.008677,0.004486,0.037504,-0.459278,0.887489,0.148368,0.002360,-0.001030,-0.002455,0.032230,-0.447713,
1629325440.000000,972639322.000000,0.243479,-0.170669,-0.008747,0.004421,0.037463,-0.460286,0.886969,0.149928,0.005675,-0.004714,-0.005442,-0.044550,-0.458394,
1629325440.000000,977641582.000000,0.243939,-0.171264,-0.008834,0.004333,0.037446,-0.461292,0.886447,0.151760,0.008998,-0.008339,-0.014151,0.034933,-0.444598,
1629325441.000000,67698479.000000,0.250121,-0.182118,-0.010816,0.005005,0.037092,-0.478410,0.877339,0.152946,0.003292,-0.002604,0.007353,0.184520,-0.432085,
1629325441.000000,72701454.000000,0.250554,-0.182753,-0.010887,0.005057,0.037316,-0.479361,0.876810,0.156613,0.005986,-0.003711,-0.024651,-0.010460,-0.442562,
1629325441.000000,77704430.000000,0.250947,-0.183248,-0.010993,0.004862,0.037204,-0.480346,0.876276,0.144526,0.011774,-0.009125,-0.031113,-0.089646,-0.454408,
1629325441.000000,82707644.000000,0.251387,-0.183815,-0.011097,0.004673,0.037082,-0.481334,0.875740,0.143469,0.015386,-0.011658,-0.024618,-0.057248,-0.444819,
1629325441.000000,87710381.000000,0.251836,-0.184368,-0.011216,0.004573,0.037051,-0.482292,0.875215,0.142422,0.018983,-0.014430,0.004021,0.023034,-0.433026,
1629325441.000000,92714548.000000,0.252259,-0.184969,-0.011292,0.004596,0.037143,-0.483234,0.874691,0.145428,0.013346,-0.008761,-0.011593,0.030042,-0.428785,
1629325441.000000,97717524.000000,0.252567,-0.187304,-0.013258,0.004301,0.036572,-0.484181,0.874192,0.155366,-0.001929,-0.019458,-0.015249,0.109433,-0.435242,
1629325441.000000,102720499.000000,0.252962,-0.187963,-0.013403,0.004440,0.036861,-0.485148,0.873644,0.156041,-0.002015,-0.017698,0.034950,0.104389,-0.450178,
1629325441.000000,107723713.000000,0.253241,-0.188633,-0.013274,0.004664,0.036984,-0.486150,0.873080,0.148637,-0.014183,0.011917,0.107394,0.128380,-0.460862,
1629325441.000000,112726688.000000,0.253563,-0.189304,-0.013242,0.005098,0.037198,-0.487160,0.872505,0.146578,-0.018068,0.021720,0.127904,0.171859,-0.450256,
1629325441.000000,157754660.000000,0.255395,-0.194145,-0.014384,0.004630,0.035154,-0.495509,0.867879,0.137883,-0.012168,-0.013464,0.025355,0.269468,-0.426904,
1629325441.000000,162757635.000000,0.255648,-0.194614,-0.014094,0.005153,0.035945,-0.496505,0.867274,0.154698,-0.008271,-0.012824,0.046761,0.282098,-0.419342,
1629325441.000000,167760849.000000,0.255987,-0.195132,-0.014217,0.005511,0.036447,-0.497426,0.866723,0.142154,0.001621,-0.016698,0.017169,0.192601,-0.429024,
1629325441.000000,172764301.000000,0.256356,-0.195733,-0.014343,0.005619,0.036732,-0.498361,0.866173,0.142477,0.006073,-0.018603,-0.014085,0.079613,-0.434368,
1629325441.000000,177767277.000000,0.256744,-0.196327,-0.014494,0.005538,0.036745,-0.499299,0.865632,0.142933,0.010530,-0.021263,-0.017122,-0.129266,-0.432236,
1629325441.000000,182770491.000000,0.257154,-0.196918,-0.014659,0.005238,0.036387,-0.500246,0.865102,0.143629,0.014995,-0.023972,-0.016079,-0.131125,-0.448112,
1629325441.000000,187773466.000000,0.257520,-0.197535,-0.014778,0.005108,0.036333,-0.501220,0.864542,0.143540,0.010908,-0.020373,-0.025587,0.033562,-0.443022,
1629325441.000000,192776442.000000,0.258299,-0.199015,-0.016379,0.004701,0.035869,-0.502189,0.864001,0.151137,0.008289,-0.031828,-0.015051,0.100200,-0.435434,
1629325441.000000,197779655.000000,0.258705,-0.199649,-0.016585,0.004773,0.036110,-0.503121,0.863448,0.152248,0.009903,-0.031672,-0.007454,0.110399,-0.424941,
1629325441.000000,202782393.000000,0.259015,-0.200342,-0.016563,0.004886,0.036362,-0.504042,0.862900,0.151330,-0.001386,-0.008686,0.023226,0.118945,-0.440685,
1629325441.000000,247811556.000000,0.261169,-0.205064,-0.017085,0.004790,0.034379,-0.512379,0.858058,0.114324,-0.010788,-0.013433,-0.005594,-0.150322,-0.447322,
1629325441.000000,252814770.000000,0.261397,-0.205603,-0.017188,0.004677,0.034241,-0.513336,0.857491,0.120951,-0.010189,-0.013260,0.015797,0.025451,-0.443075,
1629325441.000000,257817745.000000,0.261356,-0.205484,-0.016147,0.005033,0.034886,-0.514405,0.856822,0.134526,-0.006639,0.001243,0.045675,0.266707,-0.436830,
1629325441.000000,262820482.000000,0.261691,-0.206012,-0.016211,0.005509,0.035508,-0.515323,0.856243,0.133592,0.003230,-0.003058,0.041541,0.304449,-0.418674,
1629325441.000000,267823696.000000,0.262030,-0.206602,-0.016271,0.005873,0.036017,-0.516211,0.855684,0.137599,0.006933,-0.004588,0.029628,0.207292,-0.415408,
1629325441.000000,272826672.000000,0.262389,-0.207191,-0.016336,0.006062,0.036304,-0.517122,0.855120,0.140953,0.010648,-0.005925,0.001058,0.062419,-0.442031,
1629325441.000000,277829647.000000,0.262725,-0.207705,-0.016402,0.005973,0.036321,-0.518078,0.854541,0.131823,0.014276,-0.006758,-0.034267,-0.057734,-0.444380,
1629325441.000000,282832861.000000,0.263095,-0.208244,-0.016491,0.005747,0.036202,-0.519012,0.853981,0.130616,0.017954,-0.008260,-0.034301,-0.095742,-0.436706,
1629325441.000000,287836552.000000,0.263477,-0.208773,-0.016582,0.005522,0.036030,-0.519944,0.853423,0.129421,0.021629,-0.009781,-0.018222,-0.100931,-0.434677,
1629325441.000000,292839289.000000,0.264281,-0.210850,-0.018770,0.004913,0.035089,-0.520827,0.852927,0.130753,0.022810,-0.036503,0.001933,0.058307,-0.437883,
1629325441.000000,337867498.000000,0.266557,-0.216461,-0.019468,0.006224,0.035405,-0.529094,0.847801,0.089101,-0.007013,-0.019965,0.013740,-0.392043,-0.395469,
1629325441.000000,342870712.000000,0.266801,-0.217079,-0.019544,0.005727,0.034596,-0.529952,0.847302,0.107087,-0.008720,-0.016304,0.018018,-0.344998,-0.417634,
1629325441.000000,347873449.000000,0.266988,-0.217573,-0.019664,0.005366,0.033994,-0.530872,0.846753,0.106987,-0.009237,-0.018599,0.020141,-0.182021,-0.437068,
1629325441.000000,352876425.000000,0.267172,-0.218071,-0.019795,0.005231,0.033736,-0.531797,0.846184,0.107217,-0.009749,-0.020871,0.027571,-0.071089,-0.432696,
1629325441.000000,357879639.000000,0.267446,-0.218654,-0.019903,0.005249,0.033646,-0.532714,0.845610,0.123395,-0.003486,-0.017277,0.053101,0.059367,-0.432674,
1629325441.000000,362882614.000000,0.266579,-0.218351,-0.019471,0.005694,0.034082,-0.533764,0.844927,0.138358,-0.004856,-0.005254,0.034219,0.291322,-0.441428,
1629325441.000000,367886782.000000,0.266864,-0.218998,-0.019542,0.006140,0.034801,-0.534686,0.844311,0.144557,-0.002553,-0.004606,-0.007604,0.339018,-0.431877,
1629325441.000000,372889757.000000,0.267135,-0.219494,-0.019698,0.006399,0.035326,-0.535576,0.843724,0.132060,0.004833,-0.014996,-0.005528,0.103461,-0.416883,
1629325441.000000,377892494.000000,0.267442,-0.220074,-0.019827,0.006380,0.035349,-0.536457,0.843163,0.132351,0.008785,-0.018321,0.007428,-0.034391,-0.422170,
1629325441.000000,382895708.000000,0.267765,-0.220647,-0.019966,0.006277,0.035256,-0.537361,0.842591,0.132514,0.012744,-0.021170,-0.017005,-0.072662,-0.433972,
1629325441.000000,437929392.000000,0.269921,-0.225904,-0.021933,0.006858,0.034752,-0.547495,0.836059,0.090921,-0.006467,-0.014531,0.002172,-0.305004,-0.411922,
1629325441.000000,442933559.000000,0.270066,-0.226317,-0.022038,0.006377,0.034125,-0.548367,0.835517,0.086290,-0.005522,-0.018366,0.000658,-0.310340,-0.414145,
1629325441.000000,447936535.000000,0.270203,-0.226706,-0.022163,0.006001,0.033522,-0.549239,0.834971,0.081618,-0.004599,-0.022566,0.031967,-0.223770,-0.418302,
1629325441.000000,452939510.000000,0.270395,-0.227218,-0.022229,0.005856,0.033171,-0.550133,0.834397,0.098603,-0.004266,-0.013877,0.055247,-0.060385,-0.432207,
1629325441.000000,457942724.000000,0.270570,-0.227684,-0.022327,0.005965,0.033152,-0.551038,0.833800,0.102490,-0.003543,-0.013397,0.039506,0.104940,-0.425884,
1629325441.000000,462945461.000000,0.270829,-0.227668,-0.021309,0.006182,0.033743,-0.552044,0.833109,0.118341,0.001244,0.007209,0.007390,0.123115,-0.420553,
1629325441.000000,467948437.000000,0.271116,-0.228168,-0.021433,0.006312,0.033981,-0.552936,0.832507,0.120130,0.009152,-0.005309,0.010442,0.127565,-0.439757,
1629325441.000000,472951651.000000,0.271397,-0.228704,-0.021511,0.006493,0.034245,-0.553864,0.831877,0.123374,0.012240,-0.008772,0.012826,0.117611,-0.446276,
1629325441.000000,477955580.000000,0.271697,-0.229251,-0.021606,0.006594,0.034435,-0.554786,0.831254,0.126749,0.015343,-0.012054,0.000973,0.071672,-0.442972,
1629325441.000000,482958555.000000,0.271962,-0.229755,-0.021671,0.006608,0.034531,-0.555698,0.830641,0.120080,0.013867,-0.009575,-0.006450,-0.002202,-0.431326,
1629325441.000000,568011522.000000,0.275385,-0.238761,-0.023890,0.006552,0.032815,-0.571290,0.820066,0.109168,0.006542,-0.007631,0.015746,0.112533,-0.429667,
1629325441.000000,573014736.000000,0.275610,-0.239269,-0.023964,0.006684,0.032982,-0.572204,0.819421,0.113706,0.008360,-0.008427,0.014854,0.082557,-0.460674,
1629325441.000000,578017473.000000,0.275834,-0.239739,-0.024063,0.006780,0.033168,-0.573160,0.818744,0.110239,0.010859,-0.012348,-0.008651,0.099633,-0.468205,
1629325441.000000,583020449.000000,0.276075,-0.240235,-0.024165,0.006828,0.033360,-0.574101,0.818076,0.111517,0.012961,-0.014298,-0.013022,0.033336,-0.450052,
1629325441.000000,588023663.000000,0.276327,-0.240735,-0.024277,0.006784,0.033396,-0.574996,0.817446,0.112813,0.015057,-0.016342,-0.007575,0.015527,-0.426568,
1629325441.000000,593026638.000000,0.276559,-0.241215,-0.024377,0.006785,0.033521,-0.575867,0.816828,0.109504,0.014075,-0.015170,-0.027758,0.074323,-0.437096,
1629325441.000000,598007441.000000,0.277185,-0.242583,-0.025441,0.006676,0.033416,-0.576837,0.816148,0.113566,0.014112,-0.027603,-0.021613,0.099674,-0.446064,
1629325441.000000,603010178.000000,0.277433,-0.243085,-0.025615,0.006667,0.033529,-0.577746,0.815500,0.113056,0.014965,-0.028578,-0.019173,-0.066095,-0.452267,
1629325441.000000,608013391.000000,0.277595,-0.243600,-0.025517,0.006471,0.033365,-0.578693,0.814837,0.109071,0.004797,0.001146,0.011355,-0.026780,-0.476824,
1629325441.000000,613016367.000000,0.277788,-0.244102,-0.025523,0.006577,0.033389,-0.579675,0.814137,0.107050,0.002048,0.010033,0.073377,0.040056,-0.475893,
1629325441.000000,663047075.000000,0.279594,-0.249221,-0.025876,0.006376,0.031354,-0.588573,0.807811,0.099255,0.006549,0.005903,0.032980,0.109739,-0.420759,
1629325441.000000,668050289.000000,0.279781,-0.249692,-0.025874,0.006604,0.031656,-0.589434,0.807169,0.101926,0.007191,0.007212,-0.004358,0.177975,-0.431505,
1629325441.000000,673053265.000000,0.280047,-0.250193,-0.026022,0.006773,0.031993,-0.590315,0.806510,0.109572,0.014796,-0.007267,-0.008796,0.115308,-0.448459,
1629325441.000000,678057194.000000,0.280289,-0.250696,-0.026104,0.006839,0.032143,-0.591236,0.805829,0.113488,0.017573,-0.010938,0.004183,0.030272,-0.462410,
1629325441.000000,683060408.000000,0.280549,-0.251215,-0.026206,0.006864,0.032205,-0.592174,0.805137,0.117476,0.020374,-0.014570,0.011581,0.064880,-0.469803,
1629325441.000000,688063145.000000,0.280777,-0.251683,-0.026275,0.006945,0.032343,-0.593104,0.804446,0.110697,0.019080,-0.011208,-0.004276,0.035170,-0.445449,
1629325441.000000,693066120.000000,0.281057,-0.252838,-0.026942,0.007030,0.032437,-0.594051,0.803743,0.108989,0.016445,-0.018132,-0.021384,0.073025,-0.446394,
1629325441.000000,698069334.000000,0.281294,-0.253332,-0.027070,0.007086,0.032704,-0.594960,0.803059,0.108800,0.017582,-0.018861,-0.045761,0.106931,-0.456249,
1629325441.000000,703072309.000000,0.281499,-0.253825,-0.027103,0.007076,0.032951,-0.595870,0.802373,0.107154,0.014612,-0.009360,-0.037486,0.063002,-0.459308,
1629325441.000000,708075285.000000,0.281720,-0.254312,-0.027178,0.007031,0.033000,-0.596792,0.801686,0.106222,0.014437,-0.006858,0.016957,-0.065807,-0.457274,
1629325441.000000,753104210.000000,0.282924,-0.259575,-0.027043,0.007000,0.031032,-0.604845,0.795707,0.086299,0.000419,0.003142,0.021275,-0.197581,-0.456381,
1629325441.000000,758107185.000000,0.283518,-0.260846,-0.027988,0.006674,0.030821,-0.605890,0.794923,0.102809,0.004222,-0.004815,0.032898,-0.020879,-0.436533,
1629325441.000000,763110161.000000,0.283752,-0.261421,-0.028107,0.006804,0.030874,-0.606740,0.794272,0.116142,0.011130,-0.011901,0.043678,0.114915,-0.421474,
1629325441.000000,768113375.000000,0.283965,-0.261976,-0.028215,0.007105,0.031181,-0.607583,0.793612,0.121424,0.013828,-0.014833,0.016042,0.245937,-0.431091,
1629325441.000000,773116112.000000,0.284195,-0.262551,-0.028333,0.007436,0.031686,-0.608447,0.792927,0.126645,0.016550,-0.017392,-0.023511,0.179170,-0.442876,
1629325441.000000,778119087.000000,0.284444,-0.263147,-0.028451,0.007490,0.031888,-0.609329,0.792241,0.131748,0.019304,-0.019139,0.001850,0.003275,-0.449246,
1629325441.000000,783122301.000000,0.284647,-0.263653,-0.028579,0.007448,0.031831,-0.610242,0.791541,0.122791,0.018200,-0.021757,0.007669,-0.012842,-0.477909,
1629325441.000000,788126230.000000,0.284884,-0.264201,-0.028725,0.007428,0.031886,-0.611197,0.790801,0.122256,0.019669,-0.023993,-0.011853,0.048041,-0.473948,
1629325441.000000,793129206.000000,0.285341,-0.265021,-0.028842,0.007567,0.032054,-0.612221,0.790001,0.118081,0.020853,-0.012787,-0.025527,0.081801,-0.448359,
1629325441.000000,798132420.000000,0.285546,-0.265531,-0.028948,0.007570,0.032250,-0.613087,0.789321,0.113941,0.018637,-0.013558,-0.041533,0.033417,-0.432454,
1629325441.000000,843160391.000000,0.286261,-0.271138,-0.028785,0.008319,0.031547,-0.621005,0.783128,0.092498,-0.002455,0.018111,0.013585,-0.319861,-0.441227,
1629325441.000000,848163366.000000,0.286358,-0.271589,-0.028725,0.007787,0.030820,-0.621888,0.782461,0.089850,-0.001601,0.015926,0.033098,-0.378121,-0.449744,
1629325441.000000,853166342.000000,0.286454,-0.272025,-0.028677,0.007320,0.030144,-0.622781,0.781781,0.087211,-0.000756,0.013782,0.039357,-0.207204,-0.453978,
1629325441.000000,858169556.000000,0.286589,-0.272568,-0.028642,0.007240,0.029952,-0.623665,0.781084,0.102668,0.001627,0.012236,0.024579,0.035431,-0.441275,
1629325441.000000,863172293.000000,0.286704,-0.274915,-0.030063,0.007285,0.030033,-0.624629,0.780310,0.128361,0.000451,-0.010904,0.015916,0.163359,-0.427529,
1629325441.000000,868175983.000000,0.286849,-0.275547,-0.030160,0.007572,0.030383,-0.625462,0.779626,0.132734,0.002017,-0.012918,0.010661,0.201322,-0.433836,
1629325441.000000,873179197.000000,0.286995,-0.276112,-0.030268,0.007870,0.030760,-0.626327,0.778914,0.126949,0.004615,-0.015513,0.016964,0.186468,-0.456285,
1629325441.000000,878182173.000000,0.287153,-0.276720,-0.030393,0.008091,0.031019,-0.627221,0.778181,0.127534,0.006531,-0.018123,0.010738,0.077561,-0.457443,
1629325441.000000,883185148.000000,0.287320,-0.277328,-0.030528,0.008048,0.031026,-0.628111,0.777464,0.128052,0.008451,-0.020507,-0.014919,-0.080579,-0.463656,
1629325441.000000,888188124.000000,0.287495,-0.277937,-0.030670,0.007850,0.030923,-0.629020,0.776734,0.128561,0.010384,-0.022688,-0.023514,-0.007330,-0.467020,
1629325441.000000,933217287.000000,0.287000,-0.285509,-0.032164,0.009319,0.031272,-0.636975,0.770194,0.108323,-0.026068,0.026498,0.056388,-0.077412,-0.408528,
1629325441.000000,938220263.000000,0.287068,-0.286013,-0.032380,0.009099,0.030906,-0.637781,0.769544,0.102944,-0.015878,-0.004437,0.013906,-0.209607,-0.431841,
1629325441.000000,943223476.000000,0.287085,-0.286515,-0.032441,0.008677,0.030454,-0.638644,0.768851,0.098080,-0.014077,-0.010277,-0.006554,-0.288246,-0.450228,
1629325441.000000,948226213.000000,0.287105,-0.286995,-0.032536,0.008144,0.029848,-0.639507,0.768162,0.093567,-0.012294,-0.016745,0.019078,-0.321650,-0.439464,
1629325441.000000,953229189.000000,0.287127,-0.287587,-0.032553,0.007729,0.029261,-0.640363,0.767476,0.107155,-0.014458,-0.006622,0.047960,-0.223067,-0.450005,
1629325441.000000,958232403.000000,0.287516,-0.289031,-0.032762,0.007334,0.028841,-0.641320,0.766696,0.122509,-0.014133,0.000238,0.028836,0.015948,-0.446095,
1629325441.000000,963235378.000000,0.287555,-0.289652,-0.032788,0.007546,0.029062,-0.642163,0.765980,0.125060,-0.013863,0.001868,0.021126,0.204251,-0.442632,
1629325441.000000,968238354.000000,0.287662,-0.290272,-0.032965,0.007913,0.029463,-0.643007,0.765253,0.128298,-0.005487,-0.014124,0.014966,0.218945,-0.434335,
1629325441.000000,973242521.000000,0.287750,-0.290915,-0.033079,0.008216,0.029837,-0.643829,0.764543,0.131536,-0.002531,-0.018043,0.006291,0.180430,-0.438355,
1629325441.000000,978245258.000000,0.287854,-0.291568,-0.033214,0.008398,0.030100,-0.644680,0.763813,0.134636,0.000448,-0.021893,-0.010608,0.061149,-0.450273,
1629325442.000000,73304415.000000,0.288974,-0.303493,-0.035976,0.008528,0.029214,-0.660929,0.749831,0.121507,-0.002727,-0.019287,0.011667,0.119373,-0.435536,
1629325442.000000,78307390.000000,0.289025,-0.304021,-0.036095,0.008609,0.029300,-0.661760,0.749093,0.114034,-0.001128,-0.020252,0.014834,0.030126,-0.454681,
1629325442.000000,83310366.000000,0.289090,-0.304579,-0.036232,0.008628,0.029353,-0.662623,0.748328,0.113406,0.000941,-0.022434,-0.014886,0.008718,-0.460146,
1629325442.000000,88314533.000000,0.289164,-0.305133,-0.036382,0.008488,0.029358,-0.663474,0.747575,0.112828,0.003005,-0.024765,-0.038550,-0.074007,-0.452581,
1629325442.000000,93317509.000000,0.289376,-0.306511,-0.037228,0.008166,0.029097,-0.664346,0.746814,0.117531,0.000218,-0.029882,-0.042773,-0.045115,-0.455861,
1629325442.000000,98320007.000000,0.289440,-0.307085,-0.037412,0.008085,0.029209,-0.665200,0.746050,0.117748,0.000780,-0.031010,-0.040601,0.080411,-0.461254,
1629325442.000000,103292704.000000,0.289509,-0.307663,-0.037607,0.008154,0.029449,-0.666049,0.745282,0.118316,0.001368,-0.032521,-0.013018,0.072453,-0.449564,
1629325442.000000,108295679.000000,0.289515,-0.308228,-0.037597,0.008244,0.029533,-0.666880,0.744534,0.113681,-0.007792,-0.005887,0.049872,0.064111,-0.447303,
1629325442.000000,113298893.000000,0.289529,-0.308792,-0.037626,0.008496,0.029580,-0.667733,0.743765,0.112030,-0.011133,0.003784,0.090520,0.101698,-0.467591,
1629325442.000000,118301868.000000,0.289524,-0.309350,-0.037612,0.008855,0.029663,-0.668609,0.742970,0.110578,-0.014470,0.013520,0.104249,0.165992,-0.460301,
1629325442.000000,163329840.000000,0.290080,-0.313721,-0.038260,0.007949,0.027684,-0.675940,0.736394,0.094785,-0.005832,-0.003640,0.023276,0.104937,-0.434842,
1629325442.000000,168333769.000000,0.290091,-0.314200,-0.038299,0.008237,0.028014,-0.676739,0.735644,0.097245,-0.005524,-0.001775,-0.005592,0.229660,-0.439019,
1629325442.000000,173336983.000000,0.290172,-0.314663,-0.038485,0.008577,0.028442,-0.677549,0.734878,0.098028,0.002923,-0.016884,0.006054,0.192562,-0.445463,
1629325442.000000,178339958.000000,0.290230,-0.315148,-0.038608,0.008813,0.028684,-0.678362,0.734115,0.099839,0.005817,-0.020678,0.019047,0.089460,-0.439093,
1629325442.000000,183342695.000000,0.290302,-0.315638,-0.038744,0.008868,0.028759,-0.679170,0.733364,0.101426,0.008713,-0.023943,-0.011817,-0.000613,-0.448548,
1629325442.000000,188345909.000000,0.290359,-0.316068,-0.038836,0.008776,0.028787,-0.679997,0.732597,0.093060,0.008244,-0.019496,-0.020616,0.004384,-0.446624,
1629325442.000000,193348885.000000,0.290191,-0.317982,-0.039717,0.008797,0.028728,-0.680835,0.731821,0.099041,0.005512,-0.028579,-0.043662,-0.053202,-0.444405,
1629325442.000000,198351860.000000,0.290257,-0.318459,-0.039885,0.008558,0.028710,-0.681651,0.731063,0.097420,0.007078,-0.029760,-0.048332,-0.030065,-0.448776,
1629325442.000000,203356028.000000,0.290249,-0.318977,-0.039957,0.008479,0.028794,-0.682474,0.730293,0.099960,-0.000834,-0.019282,-0.022509,0.014523,-0.457226,
1629325442.000000,208358765.000000,0.290271,-0.319467,-0.040069,0.008466,0.028848,-0.683309,0.729510,0.099437,-0.002407,-0.016374,0.015703,0.039228,-0.452025,
1629325442.000000,253386736.000000,0.289982,-0.324612,-0.040376,0.008607,0.027432,-0.690439,0.722819,0.075578,-0.009907,-0.008761,0.045623,-0.264364,-0.424326,
1629325442.000000,258389950.000000,0.290052,-0.326021,-0.040992,0.008095,0.026952,-0.691288,0.722031,0.082898,-0.010082,-0.005868,0.037244,-0.093986,-0.431915,
1629325442.000000,263392925.000000,0.290017,-0.326433,-0.041043,0.008083,0.026874,-0.692069,0.721286,0.081784,-0.009950,-0.005181,0.028460,0.067590,-0.429775,
1629325442.000000,268395662.000000,0.290040,-0.327021,-0.041213,0.008293,0.027051,-0.692844,0.720532,0.100141,-0.004326,-0.015959,0.007402,0.124463,-0.432922,
1629325442.000000,273398638.000000,0.290039,-0.327530,-0.041321,0.008504,0.027310,-0.693630,0.719764,0.104879,-0.002485,-0.017905,0.004968,0.184906,-0.442536,
1629325442.000000,278402805.000000,0.290047,-0.328062,-0.041440,0.008831,0.027668,-0.694427,0.718976,0.109686,-0.000618,-0.019728,-0.003224,0.170084,-0.446824,
1629325442.000000,283405781.000000,0.290062,-0.328535,-0.041543,0.008970,0.027874,-0.695223,0.718197,0.102709,0.001199,-0.018641,0.004959,0.038110,-0.439368,
1629325442.000000,288408995.000000,0.290086,-0.329043,-0.041667,0.008961,0.027868,-0.696011,0.717434,0.102890,0.003044,-0.020059,0.004251,-0.013047,-0.441418,
1629325442.000000,293411970.000000,0.290489,-0.330587,-0.042249,0.008973,0.027739,-0.696862,0.716612,0.104988,0.005493,-0.029643,-0.020379,0.022077,-0.457559,
1629325442.000000,298414707.000000,0.290503,-0.331092,-0.042416,0.008939,0.027859,-0.697677,0.715815,0.103314,0.004398,-0.029987,-0.040655,0.036903,-0.447040,
1629325442.000000,343442678.000000,0.292961,-0.335588,-0.041977,0.010155,0.027996,-0.704797,0.708783,0.070332,0.017236,0.009550,0.037571,-0.262989,-0.419391,
1629325442.000000,348445892.000000,0.293052,-0.335929,-0.041974,0.009615,0.027523,-0.705560,0.708050,0.065672,0.018567,0.002934,-0.032454,-0.270856,-0.433243,
1629325442.000000,353449821.000000,0.293149,-0.336244,-0.041993,0.009071,0.027119,-0.706331,0.707304,0.061100,0.019905,-0.003999,-0.017317,-0.276486,-0.427973,
1629325442.000000,358452559.000000,0.294384,-0.336855,-0.044017,0.008168,0.026561,-0.707199,0.706469,0.057731,0.041991,-0.049713,0.032747,-0.186000,-0.437591,
1629325442.000000,363455772.000000,0.294529,-0.337329,-0.044044,0.008069,0.026320,-0.707978,0.705698,0.073637,0.036791,-0.030016,0.055381,0.032023,-0.427199,
1629325442.000000,368458748.000000,0.294706,-0.337695,-0.044218,0.008310,0.026419,-0.708716,0.704950,0.075986,0.036283,-0.029342,0.044547,0.118984,-0.415206,
1629325442.000000,373461723.000000,0.294879,-0.338074,-0.044387,0.008567,0.026602,-0.709452,0.704199,0.078222,0.035786,-0.028403,0.010565,0.176996,-0.419603,
1629325442.000000,378464937.000000,0.295114,-0.338474,-0.044630,0.008848,0.026960,-0.710210,0.703418,0.082184,0.044833,-0.038582,-0.032174,0.147507,-0.456717,
1629325442.000000,383467674.000000,0.295337,-0.338878,-0.044855,0.008959,0.027211,-0.711025,0.702583,0.084367,0.048201,-0.041610,-0.005755,0.104965,-0.455005,
1629325442.000000,388471842.000000,0.295575,-0.339294,-0.045094,0.009087,0.027340,-0.711802,0.701789,0.086546,0.051559,-0.044462,0.010699,0.011791,-0.441793,
1629325442.000000,433500051.000000,0.298605,-0.343425,-0.043548,0.010321,0.028035,-0.718995,0.694373,0.051827,0.038654,0.049576,0.039267,0.176822,-0.427492,
1629325442.000000,438502789.000000,0.298895,-0.343599,-0.043625,0.010538,0.028122,-0.719721,0.693613,0.038491,0.047745,0.021550,0.072080,-0.014105,-0.406190,
1629325442.000000,443505526.000000,0.299130,-0.343790,-0.043554,0.010378,0.027718,-0.720423,0.692903,0.031643,0.048012,0.017492,0.068438,-0.305482,-0.396508,
1629325442.000000,448508739.000000,0.299367,-0.343940,-0.043489,0.009760,0.027027,-0.721140,0.692193,0.024266,0.048242,0.014204,0.012652,-0.340739,-0.424171,
1629325442.000000,453511715.000000,0.299611,-0.344185,-0.043446,0.009175,0.026541,-0.721904,0.691423,0.035717,0.049950,0.011220,-0.034148,-0.298729,-0.444624,
1629325442.000000,458514690.000000,0.299314,-0.345648,-0.043689,0.008390,0.026022,-0.722807,0.690508,0.053428,0.050722,0.010749,0.003825,-0.221442,-0.432086,
1629325442.000000,463517904.000000,0.299558,-0.345932,-0.043660,0.008165,0.025709,-0.723552,0.689743,0.054590,0.051612,0.007848,0.055567,-0.078938,-0.430869,
1629325442.000000,468521833.000000,0.299820,-0.346305,-0.043601,0.008274,0.025647,-0.724305,0.688953,0.065064,0.054565,0.011056,0.060665,0.146154,-0.436332,
1629325442.000000,473524570.000000,0.300081,-0.346655,-0.043576,0.008775,0.026000,-0.725050,0.688149,0.069180,0.056183,0.009721,0.017180,0.307071,-0.429910,
1629325442.000000,478527784.000000,0.300347,-0.347026,-0.043564,0.009238,0.026492,-0.725783,0.687352,0.073164,0.057806,0.008282,-0.013029,0.200174,-0.433042,
1629325442.000000,573586702.000000,0.301604,-0.357093,-0.043947,0.009200,0.025390,-0.740408,0.671615,0.076582,0.033425,0.027244,-0.006045,0.235027,-0.439387,
1629325442.000000,578590870.000000,0.301808,-0.357488,-0.043932,0.009610,0.025881,-0.741147,0.670775,0.077258,0.043384,0.014210,-0.022482,0.288386,-0.447938,
1629325442.000000,583593845.000000,0.301995,-0.357905,-0.043893,0.010027,0.026326,-0.741889,0.669931,0.079533,0.046819,0.010573,-0.001854,0.148414,-0.441586,
1629325442.000000,588596582.000000,0.302196,-0.358332,-0.043875,0.010113,0.026415,-0.742627,0.669108,0.081685,0.050261,0.006757,0.023538,0.003978,-0.446774,
1629325442.000000,593599796.000000,0.301492,-0.360266,-0.045217,0.010526,0.026407,-0.743554,0.668071,0.089303,0.040491,-0.007271,0.015268,-0.003047,-0.453659,
1629325442.000000,598602772.000000,0.301648,-0.360725,-0.045282,0.010504,0.026433,-0.744313,0.667225,0.087214,0.041630,-0.007862,-0.018959,0.013029,-0.455737,
1629325442.000000,603605747.000000,0.301809,-0.361183,-0.045356,0.010476,0.026550,-0.745059,0.666388,0.085564,0.042772,-0.008718,-0.039243,0.053132,-0.434548,
1629325442.000000,608608961.000000,0.301975,-0.361637,-0.045428,0.010497,0.026750,-0.745769,0.665585,0.084137,0.043901,-0.009276,-0.045596,0.062994,-0.433221,
1629325442.000000,613612890.000000,0.302098,-0.362078,-0.045439,0.010507,0.026909,-0.746496,0.664763,0.082522,0.039118,-0.001641,-0.009528,0.041565,-0.437737,
1629325442.000000,618615627.000000,0.302241,-0.362514,-0.045469,0.010541,0.026900,-0.747226,0.663942,0.081053,0.038260,0.000557,0.055598,-0.030194,-0.446073,
1629325442.000000,658640862.000000,0.298826,-0.367891,-0.046332,0.009780,0.024799,-0.753212,0.657238,0.046899,0.000598,-0.010483,0.004552,-0.434877,-0.437145,
1629325442.000000,663644075.000000,0.298799,-0.368101,-0.046408,0.009078,0.024182,-0.753951,0.656423,0.038770,0.001133,-0.015114,0.026799,-0.227358,-0.447856,
1629325442.000000,668646812.000000,0.298780,-0.368270,-0.046503,0.008956,0.024008,-0.754683,0.655589,0.030648,0.001631,-0.019662,0.021756,0.038948,-0.436150,
1629325442.000000,673649549.000000,0.298700,-0.369311,-0.046406,0.009184,0.024170,-0.755380,0.654777,0.088089,0.006248,-0.005514,0.035203,0.185743,-0.416912,
1629325442.000000,678652525.000000,0.298668,-0.369775,-0.046471,0.009691,0.024491,-0.756064,0.653968,0.094955,0.007765,-0.006759,0.043057,0.292721,-0.431700,
1629325442.000000,683655739.000000,0.298638,-0.370269,-0.046525,0.010262,0.024937,-0.756788,0.653104,0.101549,0.009320,-0.006951,0.002457,0.261344,-0.456393,
1629325442.000000,688659668.000000,0.297663,-0.372285,-0.046497,0.011321,0.025651,-0.757640,0.652070,0.106643,0.003537,-0.003776,-0.008412,0.142002,-0.448127,
1629325442.000000,693662882.000000,0.297609,-0.372818,-0.046547,0.011394,0.025750,-0.758363,0.651225,0.106273,0.006964,-0.005374,0.002543,-0.073541,-0.448998,
1629325442.000000,698665857.000000,0.297577,-0.373347,-0.046599,0.011187,0.025584,-0.759105,0.650369,0.105704,0.010432,-0.007033,0.017299,-0.048800,-0.455549,
1629325442.000000,703668594.000000,0.297523,-0.373871,-0.046688,0.011207,0.025610,-0.759842,0.649506,0.105630,0.008897,-0.010978,-0.019637,0.024239,-0.451235,
1629325442.000000,753700018.000000,0.294779,-0.379216,-0.046758,0.011540,0.024842,-0.767043,0.641010,0.067830,-0.025501,0.017400,0.040828,-0.374886,-0.422660,
1629325442.000000,758702993.000000,0.293428,-0.380462,-0.048036,0.010603,0.024025,-0.767779,0.640177,0.069137,-0.031216,-0.003415,0.026120,-0.404208,-0.438755,
1629325442.000000,763706684.000000,0.293212,-0.380761,-0.048074,0.009870,0.023413,-0.768503,0.639341,0.064499,-0.031411,-0.005816,0.003454,-0.280612,-0.452620,
1629325442.000000,768709898.000000,0.292957,-0.381322,-0.048110,0.009541,0.023156,-0.769233,0.638478,0.091459,-0.030499,-0.005588,0.008860,-0.066441,-0.451600,
1629325442.000000,773712873.000000,0.292720,-0.381755,-0.048159,0.009625,0.023211,-0.769942,0.637620,0.096783,-0.030286,-0.006924,0.019540,0.185945,-0.435582,
1629325442.000000,778715849.000000,0.292477,-0.382212,-0.048215,0.010154,0.023605,-0.770619,0.636778,0.102076,-0.030059,-0.008075,0.025946,0.286843,-0.422756,
1629325442.000000,783718824.000000,0.292273,-0.382648,-0.048284,0.010677,0.023984,-0.771289,0.635943,0.099502,-0.025104,-0.010269,0.024882,0.248709,-0.431233,
1629325442.000000,788721800.000000,0.291346,-0.384254,-0.049220,0.011619,0.024429,-0.772022,0.635019,0.109563,-0.024638,-0.020876,0.030179,0.193551,-0.449485,
1629325442.000000,793724537.000000,0.291125,-0.384765,-0.049356,0.011845,0.024581,-0.772741,0.634135,0.111902,-0.022455,-0.023231,0.002637,-0.015520,-0.454847,
1629325442.000000,798728704.000000,0.290961,-0.385195,-0.049475,0.011616,0.024480,-0.773458,0.633268,0.102216,-0.016869,-0.023049,-0.028477,-0.105019,-0.446301,
1629325442.000000,853762865.000000,0.288045,-0.390170,-0.050503,0.011946,0.023871,-0.781051,0.623897,0.051241,-0.041757,-0.005256,0.025903,-0.413743,-0.404733,
1629325442.000000,858765841.000000,0.288136,-0.391389,-0.051168,0.010853,0.023178,-0.781750,0.623067,0.037093,-0.035185,-0.029175,0.012052,-0.365208,-0.428378,
1629325442.000000,863768816.000000,0.287844,-0.391825,-0.051206,0.010253,0.022705,-0.782437,0.622232,0.062588,-0.036222,-0.020213,0.009836,-0.244923,-0.443249,
1629325442.000000,868772030.000000,0.287594,-0.392088,-0.051320,0.009875,0.022392,-0.783138,0.621367,0.064399,-0.036507,-0.021344,0.017360,-0.134892,-0.448603,
1629325442.000000,873775005.000000,0.287338,-0.392359,-0.051442,0.009837,0.022300,-0.783833,0.620493,0.066349,-0.036785,-0.022705,0.048139,0.114558,-0.442200,
1629325442.000000,878778934.000000,0.287111,-0.392712,-0.051598,0.010304,0.022553,-0.784514,0.619616,0.077521,-0.030092,-0.027204,0.022979,0.257868,-0.441079,
1629325442.000000,883781910.000000,0.286876,-0.393061,-0.051751,0.010800,0.022951,-0.785187,0.618739,0.082991,-0.027539,-0.028804,0.013864,0.267521,-0.432646,
1629325442.000000,888784885.000000,0.287053,-0.395225,-0.052186,0.011568,0.023347,-0.785886,0.617823,0.111905,-0.017347,-0.029745,0.009022,0.128105,-0.443195,
1629325442.000000,893787861.000000,0.286885,-0.395576,-0.052364,0.011683,0.023457,-0.786583,0.616928,0.096812,-0.014032,-0.031862,0.009796,0.056080,-0.457222,
1629325442.000000,898790836.000000,0.286705,-0.396014,-0.052570,0.011738,0.023534,-0.787281,0.616034,0.095353,-0.011210,-0.035014,-0.026027,0.001992,-0.445492,
1629325442.000000,953825951.000000,0.283724,-0.402137,-0.053599,0.012204,0.023071,-0.794767,0.606354,0.052132,-0.041288,-0.003869,0.030030,-0.355403,-0.391268,
1629325442.000000,958828926.000000,0.283473,-0.402439,-0.053729,0.011438,0.022405,-0.795380,0.605588,0.056560,-0.037694,-0.014731,0.038668,-0.407931,-0.405070,
1629325442.000000,963831902.000000,0.283218,-0.402647,-0.053823,0.010738,0.021823,-0.796028,0.604771,0.052247,-0.037579,-0.019244,-0.001670,-0.296280,-0.436027,
1629325442.000000,968834639.000000,0.282969,-0.402834,-0.053943,0.010282,0.021534,-0.796704,0.603898,0.048166,-0.037470,-0.024259,0.005294,-0.115113,-0.445720,
1629325442.000000,973837852.000000,0.282699,-0.403174,-0.054037,0.010218,0.021436,-0.797371,0.603023,0.068665,-0.034364,-0.021045,0.033467,0.011393,-0.432874,
1629325442.000000,978840828.000000,0.282438,-0.403467,-0.054156,0.010400,0.021487,-0.798017,0.602161,0.074429,-0.033018,-0.022129,0.043904,0.162179,-0.429584,
1629325442.000000,983843803.000000,0.282175,-0.403789,-0.054279,0.010905,0.021771,-0.798666,0.601282,0.080135,-0.031648,-0.022847,0.024944,0.277324,-0.437107,
1629325442.000000,988847971.000000,0.283173,-0.405712,-0.054335,0.011933,0.022408,-0.799404,0.600257,0.093923,-0.012905,-0.025673,0.000284,0.152564,-0.439386,
1629325442.000000,993850946.000000,0.282981,-0.406146,-0.054494,0.012057,0.022542,-0.800062,0.599372,0.096158,-0.009999,-0.029524,-0.000839,0.049527,-0.442535,
1629325442.000000,998853922.000000,0.282801,-0.406592,-0.054669,0.012076,0.022613,-0.800734,0.598472,0.098276,-0.007068,-0.033273,-0.024048,-0.013106,-0.457439,
1629325443.000000,38878679.000000,0.281003,-0.410151,-0.055334,0.012822,0.022635,-0.806160,0.591125,0.070291,-0.034887,0.017109,0.047090,0.252542,-0.446948,
1629325443.000000,43881893.000000,0.280728,-0.410426,-0.055253,0.013221,0.022819,-0.806793,0.590245,0.065632,-0.038153,0.023273,0.063917,0.009033,-0.411770,
1629325443.000000,48884869.000000,0.280517,-0.410649,-0.055347,0.013052,0.022463,-0.807393,0.589442,0.055613,-0.032168,-0.000092,0.095243,-0.204096,-0.395658,
1629325443.000000,53887606.000000,0.280285,-0.410847,-0.055366,0.012685,0.021998,-0.807996,0.588641,0.048775,-0.031803,-0.005653,0.031467,-0.256850,-0.411687,
1629325443.000000,58891773.000000,0.280064,-0.411012,-0.055416,0.012083,0.021589,-0.808613,0.587820,0.042119,-0.031462,-0.011572,-0.010637,-0.305897,-0.406539,
1629325443.000000,63894749.000000,0.279912,-0.412101,-0.055656,0.011307,0.021243,-0.809252,0.586969,0.063136,-0.026704,-0.006646,0.004522,-0.331221,-0.420184,
1629325443.000000,68897724.000000,0.279689,-0.412355,-0.055704,0.010733,0.020805,-0.809891,0.586113,0.064817,-0.026108,-0.008273,0.024890,-0.196265,-0.430094,
1629325443.000000,73900938.000000,0.279464,-0.412623,-0.055761,0.010575,0.020616,-0.810517,0.585256,0.066857,-0.025499,-0.009821,0.043986,-0.004727,-0.422448,
1629325443.000000,78903913.000000,0.279236,-0.412903,-0.055834,0.010756,0.020638,-0.811137,0.584393,0.069064,-0.024880,-0.011704,0.034568,0.142231,-0.424612,
1629325443.000000,83906651.000000,0.279008,-0.413262,-0.055908,0.011137,0.020858,-0.811759,0.583514,0.078895,-0.021710,-0.012424,0.026863,0.185041,-0.433124,
1629325443.000000,173924923.000000,0.279988,-0.419271,-0.055410,0.010947,0.019945,-0.823525,0.566823,0.042923,0.008534,0.003678,0.036587,-0.044363,-0.427081,
1629325443.000000,178927898.000000,0.279950,-0.419495,-0.055399,0.011081,0.019993,-0.824130,0.565940,0.046563,0.009476,0.002728,0.018167,0.161301,-0.422944,
1629325443.000000,183930874.000000,0.279911,-0.419736,-0.055396,0.011470,0.020239,-0.824723,0.565058,0.050087,0.010431,0.001670,0.008766,0.154694,-0.428125,
1629325443.000000,188933849.000000,0.279868,-0.419998,-0.055397,0.011696,0.020396,-0.825339,0.564148,0.053828,0.011408,0.000771,0.016050,0.106781,-0.447390,
1629325443.000000,193937063.000000,0.279530,-0.421534,-0.056062,0.012379,0.020638,-0.826048,0.563086,0.063194,0.014578,-0.009006,0.003453,0.039759,-0.468813,
1629325443.000000,198940039.000000,0.279485,-0.421854,-0.056122,0.012390,0.020683,-0.826713,0.562107,0.064732,0.015835,-0.010629,0.001096,0.027362,-0.473137,
1629325443.000000,203943968.000000,0.279440,-0.422187,-0.056191,0.012417,0.020734,-0.827368,0.561140,0.066503,0.017104,-0.012199,-0.012498,-0.007797,-0.458187,
1629325443.000000,208946943.000000,0.279402,-0.422442,-0.056243,0.012351,0.020791,-0.828000,0.560206,0.059650,0.015464,-0.011669,-0.028695,0.044084,-0.447467,
1629325443.000000,213949919.000000,0.279364,-0.422743,-0.056318,0.012481,0.020986,-0.828623,0.559274,0.058889,0.015851,-0.012732,-0.020118,0.105579,-0.450677,
1629325443.000000,218952894.000000,0.279328,-0.423042,-0.056397,0.012573,0.021136,-0.829252,0.558334,0.058172,0.016237,-0.013647,-0.023209,0.013243,-0.450735,
1629325443.000000,263980627.000000,0.276581,-0.428897,-0.058048,0.012383,0.019696,-0.834911,0.549893,0.040547,0.001530,-0.029583,0.035266,-0.339399,-0.455369,
1629325443.000000,268984795.000000,0.276386,-0.429249,-0.058064,0.011869,0.019263,-0.835541,0.548962,0.058719,-0.002852,-0.017237,0.035513,-0.220421,-0.447754,
1629325443.000000,273986816.000000,0.276254,-0.429510,-0.058158,0.011558,0.018992,-0.836147,0.548055,0.060342,-0.003378,-0.017114,0.036278,-0.059400,-0.420154,
1629325443.000000,278990984.000000,0.276117,-0.429773,-0.058250,0.011654,0.018969,-0.836717,0.547183,0.061559,-0.003911,-0.016847,0.029085,0.089885,-0.425194,
1629325443.000000,283993959.000000,0.276008,-0.430083,-0.058398,0.011958,0.019140,-0.837308,0.546266,0.066794,0.002455,-0.024239,0.010790,0.215213,-0.432991,
1629325443.000000,288996935.000000,0.275886,-0.430396,-0.058542,0.012426,0.019452,-0.837893,0.545346,0.070234,0.004716,-0.027239,0.002333,0.185571,-0.442322,
1629325443.000000,293999910.000000,0.274633,-0.431870,-0.059101,0.013112,0.019757,-0.838558,0.544297,0.094773,0.001438,-0.035273,0.007669,0.026981,-0.460653,
1629325443.000000,299002886.000000,0.274473,-0.432176,-0.059246,0.013097,0.019744,-0.839194,0.543315,0.083958,-0.000063,-0.032687,0.016171,0.006150,-0.474467,
1629325443.000000,304005861.000000,0.274310,-0.432540,-0.059448,0.013109,0.019765,-0.839838,0.542319,0.082735,0.000999,-0.035219,-0.018774,-0.015005,-0.466045,
1629325443.000000,309010029.000000,0.274151,-0.432903,-0.059667,0.013009,0.019829,-0.840458,0.541357,0.081643,0.002055,-0.038004,-0.031970,0.024174,-0.455237,
1629325443.000000,354037762.000000,0.269799,-0.436768,-0.060726,0.014542,0.019512,-0.845997,0.532631,0.058252,-0.033489,-0.006139,0.012050,-0.148525,-0.421363,
1629325443.000000,359040737.000000,0.269144,-0.437674,-0.060535,0.013902,0.019164,-0.846574,0.531745,0.047235,-0.032586,-0.012328,-0.007383,-0.341641,-0.425488,
1629325443.000000,364043713.000000,0.268833,-0.437927,-0.060630,0.013060,0.018634,-0.847165,0.530842,0.056191,-0.033212,-0.016209,0.030101,-0.417171,-0.445763,
1629325443.000000,369046926.000000,0.268564,-0.438096,-0.060728,0.012345,0.018086,-0.847779,0.529898,0.053842,-0.033457,-0.019324,0.049417,-0.244806,-0.454366,
1629325443.000000,374049902.000000,0.268297,-0.438256,-0.060836,0.012107,0.017838,-0.848379,0.528951,0.051804,-0.033711,-0.021916,0.031279,-0.043530,-0.439439,
1629325443.000000,379052639.000000,0.268006,-0.438534,-0.060935,0.012179,0.017828,-0.848950,0.528032,0.067688,-0.029348,-0.020645,0.032142,0.101092,-0.426572,
1629325443.000000,384056807.000000,0.267723,-0.438781,-0.061053,0.012563,0.017993,-0.849515,0.527108,0.072870,-0.027723,-0.022065,0.026009,0.227344,-0.441437,
1629325443.000000,389059782.000000,0.267434,-0.439055,-0.061179,0.013087,0.018311,-0.850098,0.526143,0.078166,-0.026066,-0.023307,-0.003938,0.247662,-0.449072,
1629325443.000000,394062757.000000,0.267183,-0.439267,-0.061315,0.013457,0.018590,-0.850682,0.525180,0.069595,-0.024513,-0.025381,-0.001938,0.097376,-0.452115,
1629325443.000000,399065971.000000,0.266908,-0.440934,-0.061384,0.014096,0.018860,-0.851279,0.524184,0.078961,-0.017848,-0.022573,0.011056,-0.104316,-0.454276,
1629325443.000000,444093943.000000,0.264140,-0.446507,-0.061086,0.015004,0.018813,-0.856723,0.515214,0.075476,-0.028811,0.028463,0.106895,0.203413,-0.439250,
1629325443.000000,449096918.000000,0.263835,-0.446768,-0.060951,0.015328,0.018788,-0.857268,0.514298,0.070830,-0.030448,0.032515,0.060040,-0.009554,-0.408360,
1629325443.000000,454101086.000000,0.263535,-0.446999,-0.060793,0.015105,0.018590,-0.857798,0.513428,0.065689,-0.032130,0.036639,0.001431,-0.187218,-0.417809,
1629325443.000000,459104061.000000,0.263292,-0.447208,-0.060772,0.014526,0.018300,-0.858361,0.512514,0.058422,-0.026720,0.017292,-0.005203,-0.336994,-0.441453,
1629325443.000000,464106798.000000,0.262491,-0.451512,-0.060969,0.013839,0.017976,-0.858859,0.511709,0.084301,-0.010462,-0.006653,0.037556,-0.424037,-0.448700,
1629325443.000000,469109774.000000,0.262252,-0.451847,-0.061028,0.013090,0.017413,-0.859451,0.510753,0.079981,-0.009254,-0.012000,0.050553,-0.255154,-0.457153,
1629325443.000000,474112749.000000,0.261893,-0.452355,-0.060966,0.012853,0.017186,-0.860040,0.509775,0.100117,-0.011265,-0.000067,0.023811,-0.019893,-0.449820,
1629325443.000000,479115725.000000,0.261599,-0.452774,-0.060982,0.012999,0.017253,-0.860595,0.508831,0.103511,-0.011037,0.000390,0.014082,0.157653,-0.424167,
1629325443.000000,484118938.000000,0.261300,-0.453204,-0.060998,0.013415,0.017476,-0.861126,0.507914,0.106534,-0.010807,0.000757,0.017402,0.179530,-0.427239,
1629325443.000000,489121914.000000,0.261025,-0.453638,-0.061064,0.013794,0.017672,-0.861679,0.506958,0.106203,-0.007036,-0.006086,0.020553,0.203784,-0.452921,
1629325443.000000,539154053.000000,0.256221,-0.464397,-0.061266,0.015062,0.018225,-0.867388,0.497071,0.129020,-0.011395,0.045742,0.142865,0.182540,-0.453463,
1629325443.000000,544157028.000000,0.255843,-0.464919,-0.061015,0.015741,0.018256,-0.867940,0.496083,0.125750,-0.015048,0.056755,0.102667,0.239411,-0.436597,
1629325443.000000,549160004.000000,0.255451,-0.465429,-0.060721,0.016147,0.018300,-0.868462,0.495155,0.122398,-0.018739,0.067388,0.062731,0.046028,-0.409890,
1629325443.000000,554162741.000000,0.255206,-0.465900,-0.060796,0.016050,0.018125,-0.868975,0.494263,0.111243,-0.006883,0.029102,0.029023,-0.165219,-0.422530,
1629325443.000000,559166908.000000,0.254903,-0.466351,-0.060681,0.015515,0.017827,-0.869526,0.493321,0.105096,-0.005451,0.023248,-0.006367,-0.307140,-0.449372,
1629325443.000000,564169884.000000,0.253681,-0.468325,-0.062049,0.014792,0.017554,-0.869972,0.492566,0.106669,0.002103,-0.011136,0.014746,-0.349504,-0.441694,
1629325443.000000,569173098.000000,0.253264,-0.468932,-0.061993,0.014059,0.017069,-0.870527,0.491624,0.122197,-0.002684,-0.000775,0.044881,-0.354321,-0.443647,
1629325443.000000,574176073.000000,0.252935,-0.469449,-0.062028,0.013535,0.016670,-0.871090,0.490654,0.122402,-0.003093,-0.001966,0.041617,-0.070776,-0.451247,
1629325443.000000,579178810.000000,0.252602,-0.469965,-0.062063,0.013737,0.016724,-0.871641,0.489668,0.122712,-0.003502,-0.002637,0.013943,0.159360,-0.450131,
1629325443.000000,584181786.000000,0.252263,-0.470563,-0.062131,0.014160,0.016957,-0.872181,0.488684,0.133590,0.002067,-0.007322,0.020083,0.260572,-0.441648,
1629325443.000000,634212971.000000,0.247644,-0.478097,-0.062806,0.015393,0.017810,-0.877564,0.478881,0.134775,-0.010647,0.025978,0.106490,0.131174,-0.470090,
1629325443.000000,639216900.000000,0.247235,-0.478618,-0.062680,0.015819,0.017754,-0.878114,0.477859,0.131946,-0.014902,0.036138,0.119034,0.172880,-0.460171,
1629325443.000000,644219875.000000,0.246912,-0.479090,-0.062694,0.016374,0.017740,-0.878660,0.476838,0.119415,-0.009203,0.019773,0.117024,0.195687,-0.448714,
1629325443.000000,649222851.000000,0.246554,-0.479556,-0.062619,0.016827,0.017736,-0.879179,0.475865,0.113264,-0.009543,0.019349,0.070208,0.114049,-0.430433,
1629325443.000000,654225826.000000,0.246212,-0.479992,-0.062546,0.016872,0.017671,-0.879688,0.474924,0.107078,-0.009926,0.018807,0.017829,-0.139812,-0.423035,
1629325443.000000,659229040.000000,0.245885,-0.480438,-0.062533,0.016309,0.017384,-0.880201,0.474002,0.105915,-0.006995,0.010130,-0.005598,-0.306352,-0.427251,
1629325443.000000,664232016.000000,0.243954,-0.483236,-0.062930,0.015515,0.017127,-0.880614,0.473270,0.118056,-0.003708,-0.001528,0.009135,-0.354236,-0.447218,
1629325443.000000,669236183.000000,0.243620,-0.483709,-0.062969,0.014768,0.016687,-0.881159,0.472294,0.113809,-0.002758,-0.004833,0.031732,-0.309977,-0.439981,
1629325443.000000,674238920.000000,0.243300,-0.484166,-0.063024,0.014241,0.016336,-0.881683,0.471345,0.109515,-0.001835,-0.007947,0.033803,-0.178455,-0.439682,
1629325443.000000,679241896.000000,0.242827,-0.484812,-0.063007,0.014098,0.016194,-0.882213,0.470361,0.131895,-0.003643,-0.001342,0.029533,0.052253,-0.448425,
1629325443.000000,729272842.000000,0.238708,-0.495263,-0.064000,0.015530,0.017526,-0.887290,0.460617,0.145309,0.012213,0.014620,0.073008,-0.013033,-0.455370,
1629325443.000000,734275818.000000,0.238334,-0.495892,-0.063947,0.015702,0.017358,-0.887822,0.459592,0.143514,0.009857,0.021252,0.120000,0.129248,-0.470142,
1629325443.000000,739278793.000000,0.237987,-0.496446,-0.063839,0.016227,0.017327,-0.888358,0.458537,0.133944,0.006698,0.030129,0.104047,0.179507,-0.454464,
1629325443.000000,744282007.000000,0.237620,-0.497011,-0.063696,0.016668,0.017312,-0.888861,0.457547,0.130114,0.004038,0.038181,0.100530,0.164466,-0.437078,
1629325443.000000,749285936.000000,0.237253,-0.497552,-0.063506,0.017101,0.017303,-0.889355,0.456570,0.126180,0.001366,0.046616,0.066867,0.116578,-0.425590,
1629325443.000000,754288912.000000,0.236969,-0.498073,-0.063502,0.017203,0.017275,-0.889829,0.455642,0.117202,0.009094,0.022775,0.019608,-0.063709,-0.409478,
1629325443.000000,759291887.000000,0.236673,-0.498569,-0.063428,0.016820,0.017064,-0.890303,0.454738,0.111182,0.010520,0.017802,0.013315,-0.277885,-0.411619,
1629325443.000000,764294863.000000,0.236428,-0.500129,-0.064101,0.016128,0.016846,-0.890725,0.453945,0.106199,0.019115,-0.020312,0.014409,-0.396672,-0.424290,
1629325443.000000,769297838.000000,0.236049,-0.500741,-0.064056,0.015311,0.016411,-0.891231,0.452995,0.122965,0.015196,-0.004987,0.017627,-0.291176,-0.443427,
1629325443.000000,774302006.000000,0.235749,-0.501278,-0.064104,0.014842,0.016140,-0.891745,0.452006,0.123725,0.014865,-0.004575,0.027174,-0.168211,-0.442494,
1629325443.000000,834338903.000000,0.229705,-0.510854,-0.063412,0.016150,0.016829,-0.897565,0.440264,0.140392,0.005360,0.025889,0.109323,0.055935,-0.468595,
1629325443.000000,839341879.000000,0.229288,-0.511413,-0.063288,0.016534,0.016723,-0.898081,0.439201,0.137993,0.000611,0.035453,0.111491,0.211316,-0.459207,
1629325443.000000,844345093.000000,0.228858,-0.511951,-0.063112,0.017207,0.016790,-0.898562,0.438188,0.135786,-0.004141,0.045275,0.101667,0.251531,-0.431334,
1629325443.000000,849348783.000000,0.228522,-0.512468,-0.063101,0.017686,0.016784,-0.899020,0.437228,0.124808,0.003403,0.025677,0.084774,0.072178,-0.414302,
1629325443.000000,854351759.000000,0.228155,-0.512965,-0.063009,0.017747,0.016647,-0.899474,0.436297,0.119311,0.003515,0.023740,0.053819,-0.028323,-0.414272,
1629325443.000000,859354973.000000,0.227805,-0.513440,-0.062923,0.017585,0.016521,-0.899935,0.435357,0.113771,0.003600,0.022046,-0.008891,-0.169054,-0.422851,
1629325443.000000,864357948.000000,0.226157,-0.514314,-0.062850,0.017066,0.016347,-0.900319,0.434589,0.116957,0.004174,0.016673,-0.002972,-0.285574,-0.423776,
1629325443.000000,869360924.000000,0.225814,-0.514782,-0.062807,0.016367,0.015981,-0.900791,0.433651,0.113116,0.004999,0.013897,0.029563,-0.356736,-0.420516,
1629325443.000000,874364138.000000,0.225486,-0.515236,-0.062775,0.015637,0.015563,-0.901263,0.432710,0.109137,0.005812,0.011418,0.041027,-0.238289,-0.426899,
1629325443.000000,879366875.000000,0.225084,-0.515787,-0.062750,0.015379,0.015363,-0.901735,0.431742,0.125442,0.006493,0.010425,0.018904,-0.038843,-0.432284,
1629325443.000000,974426985.000000,0.215412,-0.527810,-0.063469,0.016420,0.015095,-0.910372,0.413189,0.122548,-0.002036,0.001339,0.041016,-0.237933,-0.429640,
1629325443.000000,979429960.000000,0.214996,-0.528267,-0.063496,0.016129,0.014867,-0.910826,0.412207,0.123696,-0.002432,0.001160,0.032775,-0.069296,-0.439155,
1629325443.000000,984432936.000000,0.214572,-0.528729,-0.063522,0.016173,0.014847,-0.911277,0.411208,0.125138,-0.002815,0.001093,0.026013,0.129059,-0.426555,
1629325443.000000,989436150.000000,0.214134,-0.529255,-0.063631,0.016584,0.014995,-0.911701,0.410245,0.134134,0.002054,-0.009983,0.006114,0.155878,-0.419915,
1629325443.000000,994439840.000000,0.213581,-0.529172,-0.062374,0.017025,0.015224,-0.912079,0.409378,0.137994,0.003132,0.004954,0.001481,0.149226,-0.439021,
1629325443.000000,999442816.000000,0.213129,-0.529709,-0.062397,0.017366,0.015391,-0.912532,0.408346,0.141339,0.004900,0.001327,0.000698,0.139398,-0.459278,
1629325444.000000,4446030.000000,0.212735,-0.530152,-0.062343,0.017564,0.015511,-0.913000,0.407285,0.130157,0.003426,0.007397,0.004742,0.044883,-0.461470,
1629325444.000000,9449005.000000,0.212317,-0.530643,-0.062337,0.017592,0.015525,-0.913462,0.406247,0.128528,0.004090,0.006817,0.009183,0.005317,-0.445448,
1629325444.000000,14451981.000000,0.211908,-0.531129,-0.062326,0.017616,0.015580,-0.913912,0.405231,0.126588,0.004741,0.006933,-0.030181,0.043640,-0.450647,
1629325444.000000,19455194.000000,0.211509,-0.531606,-0.062309,0.017735,0.015783,-0.914362,0.404201,0.124478,0.005382,0.007323,-0.047520,0.120970,-0.439180,
1629325444.000000,69486856.000000,0.206470,-0.536733,-0.063789,0.017848,0.015065,-0.918564,0.394582,0.102598,-0.006816,0.004235,0.014305,-0.311598,-0.436605,
1629325444.000000,74490070.000000,0.206098,-0.537075,-0.063798,0.017241,0.014784,-0.919010,0.393580,0.099579,-0.006527,0.001139,0.017612,-0.225979,-0.438755,
1629325444.000000,79493046.000000,0.205736,-0.537408,-0.063823,0.016824,0.014567,-0.919444,0.392590,0.096742,-0.006253,-0.002098,0.035591,-0.135122,-0.425927,
1629325444.000000,84495783.000000,0.205304,-0.537825,-0.063842,0.016735,0.014442,-0.919864,0.391615,0.111197,-0.004924,-0.001314,0.036880,0.060595,-0.426918,
1629325444.000000,89498758.000000,0.204895,-0.538216,-0.063876,0.017069,0.014550,-0.920280,0.390618,0.115125,-0.004198,-0.002669,0.003765,0.186457,-0.432331,
1629325444.000000,94501972.000000,0.203950,-0.538276,-0.063308,0.017772,0.014885,-0.920625,0.389758,0.130378,-0.003952,0.006573,0.008846,0.192299,-0.431010,
1629325444.000000,99505901.000000,0.203540,-0.538694,-0.063360,0.018102,0.015012,-0.921044,0.388748,0.125564,-0.001538,-0.000564,0.008147,0.057355,-0.444803,
1629325444.000000,104509115.000000,0.203094,-0.539145,-0.063398,0.018137,0.015051,-0.921487,0.387694,0.126674,-0.000201,-0.003063,0.003604,0.062103,-0.468302,
1629325444.000000,109561443.000000,0.202642,-0.539608,-0.063444,0.018315,0.015157,-0.921936,0.386613,0.128298,0.001147,-0.005327,-0.015308,0.052296,-0.457778,
1629325444.000000,114564657.000000,0.202211,-0.540035,-0.063462,0.018294,0.015245,-0.922364,0.385588,0.123646,0.000099,-0.002592,-0.026242,-0.000886,-0.435219,
1629325444.000000,154589415.000000,0.197370,-0.545067,-0.065057,0.019100,0.015002,-0.925649,0.377604,0.114234,-0.016998,0.036591,0.081633,0.125111,-0.405023,
1629325444.000000,159592628.000000,0.196371,-0.545029,-0.064504,0.019829,0.015124,-0.925938,0.376851,0.106522,-0.023524,0.037399,0.050528,0.027119,-0.410362,
1629325444.000000,164595366.000000,0.196043,-0.545359,-0.064691,0.019697,0.015002,-0.926330,0.375899,0.097547,-0.012567,0.005168,0.016528,-0.213352,-0.411412,
1629325444.000000,169598341.000000,0.195663,-0.545644,-0.064697,0.018955,0.014703,-0.926734,0.374953,0.091945,-0.011464,-0.000233,0.012085,-0.355951,-0.416715,
1629325444.000000,174602509.000000,0.195305,-0.545912,-0.064729,0.018166,0.014377,-0.927150,0.373974,0.086113,-0.010380,-0.005589,0.002777,-0.322128,-0.442233,
1629325444.000000,179605484.000000,0.194864,-0.546229,-0.064684,0.017527,0.014135,-0.927577,0.372954,0.097570,-0.013502,0.004242,0.019489,-0.193331,-0.431852,
1629325444.000000,184608698.000000,0.194459,-0.546520,-0.064683,0.017297,0.013972,-0.927974,0.371980,0.099135,-0.014090,0.004477,0.041117,-0.032821,-0.419782,
1629325444.000000,189611673.000000,0.194047,-0.546814,-0.064679,0.017403,0.013933,-0.928368,0.370993,0.100609,-0.014670,0.004949,0.037794,0.109929,-0.425298,
1629325444.000000,194614410.000000,0.193271,-0.548147,-0.064155,0.017995,0.014225,-0.928706,0.370107,0.129120,-0.001883,0.002766,0.016441,0.259263,-0.438889,
1629325444.000000,199617624.000000,0.192790,-0.548595,-0.064184,0.018606,0.014488,-0.929106,0.369062,0.133369,0.000029,0.000052,-0.013370,0.221091,-0.449612,
1629325444.000000,244646788.000000,0.186886,-0.553707,-0.065545,0.018830,0.014767,-0.932665,0.359950,0.122538,-0.019194,0.027539,0.142221,0.053066,-0.457732,
1629325444.000000,249649525.000000,0.186351,-0.554042,-0.065397,0.019279,0.014604,-0.933078,0.358861,0.119242,-0.024809,0.040169,0.108393,0.184178,-0.454804,
1629325444.000000,254652262.000000,0.185815,-0.554341,-0.065183,0.019738,0.014590,-0.933467,0.357823,0.115527,-0.030445,0.052631,0.069532,0.161085,-0.426930,
1629325444.000000,259655476.000000,0.184458,-0.555633,-0.064997,0.020464,0.014635,-0.933752,0.357035,0.113835,-0.011115,0.009476,0.047380,0.013430,-0.403293,
1629325444.000000,264658451.000000,0.184005,-0.555965,-0.064986,0.020288,0.014504,-0.934115,0.356100,0.108640,-0.010828,0.005900,0.017581,-0.158863,-0.404312,
1629325444.000000,269661427.000000,0.183572,-0.556279,-0.064994,0.019778,0.014300,-0.934487,0.355159,0.103442,-0.010559,0.002020,0.018479,-0.270947,-0.402324,
1629325444.000000,274665594.000000,0.183066,-0.556633,-0.065007,0.019038,0.013985,-0.934865,0.354217,0.108979,-0.012202,-0.000139,0.017669,-0.365184,-0.422358,
1629325444.000000,279668570.000000,0.182625,-0.556939,-0.065032,0.018280,0.013669,-0.935265,0.353211,0.106445,-0.012505,-0.002779,0.034439,-0.220990,-0.438593,
1629325444.000000,284671307.000000,0.182189,-0.557237,-0.065066,0.018032,0.013497,-0.935660,0.352183,0.104050,-0.012813,-0.005025,0.028417,-0.052089,-0.444815,
1629325444.000000,289674520.000000,0.181683,-0.557622,-0.065067,0.018066,0.013471,-0.936048,0.351149,0.119035,-0.010183,-0.000167,0.033329,0.105751,-0.427961,
1629325444.000000,334702730.000000,0.175455,-0.562194,-0.064680,0.019625,0.014570,-0.939321,0.342166,0.135134,-0.009651,0.015808,0.014264,0.029587,-0.447529,
1629325444.000000,339705467.000000,0.174902,-0.562583,-0.064620,0.019781,0.014547,-0.939707,0.341097,0.132554,-0.013097,0.023054,0.062384,0.058178,-0.449899,
1629325444.000000,344708681.000000,0.174348,-0.562948,-0.064521,0.019943,0.014402,-0.940090,0.340038,0.129969,-0.016546,0.030251,0.117624,0.041691,-0.453913,
1629325444.000000,349712610.000000,0.173835,-0.563264,-0.064431,0.020196,0.014169,-0.940477,0.338960,0.120806,-0.018579,0.030578,0.132829,0.104135,-0.445632,
1629325444.000000,354715586.000000,0.173311,-0.563570,-0.064294,0.020659,0.014061,-0.940843,0.337919,0.116051,-0.021477,0.035260,0.090080,0.228163,-0.436882,
1629325444.000000,359718800.000000,0.172374,-0.564190,-0.063463,0.021493,0.014178,-0.941099,0.337148,0.115448,-0.023098,0.048137,0.038890,0.043147,-0.398586,
1629325444.000000,364721537.000000,0.171923,-0.564531,-0.063518,0.021276,0.014040,-0.941429,0.336247,0.111042,-0.014113,0.021344,0.040851,-0.187480,-0.385414,
1629325444.000000,369724274.000000,0.171455,-0.564825,-0.063471,0.020714,0.013777,-0.941780,0.335308,0.106638,-0.013103,0.014289,0.006202,-0.306399,-0.418644,
1629325444.000000,374727488.000000,0.171002,-0.565113,-0.063462,0.019887,0.013537,-0.942153,0.334320,0.102731,-0.012085,0.006924,-0.002947,-0.349204,-0.419869,
1629325444.000000,379731417.000000,0.170568,-0.565390,-0.063470,0.019112,0.013246,-0.942519,0.333342,0.098791,-0.011084,0.000421,0.029417,-0.301267,-0.428111,
1629325444.000000,469787598.000000,0.159599,-0.572753,-0.062967,0.021483,0.013157,-0.948728,0.315089,0.096440,-0.017755,0.026278,0.014748,-0.299639,-0.389299,
1629325444.000000,474790812.000000,0.159092,-0.573013,-0.062815,0.020655,0.012905,-0.949060,0.314152,0.102168,-0.018745,0.029178,0.006789,-0.324987,-0.409660,
1629325444.000000,479793549.000000,0.158622,-0.573245,-0.062693,0.019950,0.012660,-0.949404,0.313167,0.100769,-0.019020,0.027557,0.012518,-0.298244,-0.426710,
1629325444.000000,484796286.000000,0.158159,-0.573470,-0.062580,0.019309,0.012428,-0.949752,0.312159,0.099498,-0.019292,0.025716,0.035626,-0.194495,-0.423578,
1629325444.000000,489800453.000000,0.157700,-0.573689,-0.062476,0.019093,0.012256,-0.950088,0.311156,0.098262,-0.019569,0.023840,0.046641,-0.023089,-0.426618,
1629325444.000000,494803429.000000,0.156417,-0.575633,-0.063019,0.019374,0.012397,-0.950370,0.310270,0.143424,-0.005723,0.012633,0.024194,0.194833,-0.438216,
1629325444.000000,499806404.000000,0.155808,-0.576046,-0.062994,0.019995,0.012593,-0.950696,0.309221,0.149108,-0.004951,0.011709,0.004889,0.289875,-0.431889,
1629325444.000000,504809618.000000,0.155181,-0.576471,-0.062972,0.020552,0.012785,-0.951015,0.308196,0.154770,-0.004176,0.010578,0.010227,0.150999,-0.427502,
1629325444.000000,509812593.000000,0.154706,-0.576858,-0.062993,0.020770,0.012838,-0.951346,0.307155,0.142761,0.002196,0.004910,0.023065,0.074709,-0.448802,
1629325444.000000,514815331.000000,0.154138,-0.577289,-0.063012,0.020926,0.012887,-0.951692,0.306071,0.142867,0.004656,0.001756,-0.015082,0.039603,-0.451120,
1629325444.000000,559844732.000000,0.148341,-0.581693,-0.063356,0.022731,0.012720,-0.954574,0.296832,0.110499,-0.017110,0.036047,0.059410,0.054418,-0.411291,
1629325444.000000,564847708.000000,0.147839,-0.581928,-0.063195,0.022744,0.012643,-0.954878,0.295858,0.104827,-0.019940,0.038973,0.028482,-0.065106,-0.404899,
1629325444.000000,569850683.000000,0.147391,-0.582215,-0.063248,0.022385,0.012501,-0.955185,0.294897,0.101777,-0.012351,0.015946,0.017873,-0.253515,-0.401735,
1629325444.000000,574853659.000000,0.146944,-0.582448,-0.063204,0.021626,0.012239,-0.955499,0.293947,0.097028,-0.011807,0.010474,0.027432,-0.344310,-0.401711,
1629325444.000000,579856634.000000,0.146522,-0.582664,-0.063183,0.020825,0.011943,-0.955819,0.292973,0.091905,-0.011284,0.005161,0.024389,-0.334209,-0.427204,
1629325444.000000,584859610.000000,0.145996,-0.582945,-0.063088,0.020215,0.011725,-0.956153,0.291935,0.107230,-0.011858,0.014928,0.026339,-0.121105,-0.437022,
1629325444.000000,589862823.000000,0.145509,-0.583202,-0.063036,0.020165,0.011665,-0.956468,0.290907,0.110475,-0.011741,0.015338,0.020133,0.004639,-0.421961,
1629325444.000000,594865561.000000,0.144550,-0.583124,-0.063155,0.020315,0.011731,-0.956734,0.290018,0.128680,-0.010490,0.017604,0.042282,0.126028,-0.412181,
1629325444.000000,599869490.000000,0.144021,-0.583481,-0.063204,0.020799,0.011784,-0.957026,0.289014,0.130830,-0.003789,0.004505,0.031012,0.227783,-0.423867,
1629325444.000000,604872465.000000,0.143466,-0.583832,-0.063209,0.021318,0.011936,-0.957326,0.287975,0.133790,-0.001418,0.001013,0.002922,0.200889,-0.433572,
1629325444.000000,654823780.000000,0.137736,-0.587866,-0.063990,0.022516,0.012026,-0.960414,0.277404,0.118815,-0.019364,0.035596,0.121690,0.212761,-0.446285,
1629325444.000000,659826756.000000,0.137175,-0.588094,-0.063820,0.023112,0.011991,-0.960704,0.276352,0.115007,-0.024337,0.046541,0.076317,0.218193,-0.415384,
1629325444.000000,664830923.000000,0.135923,-0.588380,-0.063548,0.023615,0.011940,-0.960926,0.275537,0.106039,-0.017617,0.031350,0.044665,-0.014332,-0.393839,
1629325444.000000,669833660.000000,0.135434,-0.588585,-0.063425,0.023326,0.011801,-0.961205,0.274595,0.100411,-0.016607,0.026370,0.026395,-0.178951,-0.394919,
1629325444.000000,674836636.000000,0.134974,-0.588776,-0.063327,0.022771,0.011617,-0.961495,0.273633,0.094590,-0.015622,0.021329,0.008467,-0.320616,-0.411977,
1629325444.000000,679839849.000000,0.134458,-0.588968,-0.063166,0.021841,0.011358,-0.961799,0.272647,0.099431,-0.019632,0.028758,0.019936,-0.405430,-0.409983,
1629325444.000000,684842825.000000,0.133979,-0.589145,-0.063046,0.020989,0.011053,-0.962102,0.271658,0.098325,-0.020641,0.028256,0.042556,-0.288643,-0.431008,
1629325444.000000,689845800.000000,0.133501,-0.589315,-0.062926,0.020557,0.010859,-0.962411,0.270599,0.097413,-0.021640,0.028118,0.027650,-0.071317,-0.437763,
1629325444.000000,694848776.000000,0.132664,-0.588779,-0.063739,0.020725,0.011000,-0.962682,0.269616,0.120246,-0.016509,0.011380,0.027411,0.140629,-0.423575,
1629325444.000000,699851751.000000,0.132091,-0.589033,-0.063732,0.021179,0.011084,-0.962958,0.268590,0.126564,-0.015507,0.008738,0.014946,0.181749,-0.423607,
1629325444.000000,749883652.000000,0.125202,-0.592606,-0.063939,0.022576,0.011603,-0.965840,0.257893,0.130183,-0.023301,0.029050,0.109611,0.108005,-0.456491,
1629325444.000000,754886627.000000,0.124566,-0.592830,-0.063801,0.022944,0.011398,-0.966128,0.256787,0.129403,-0.027094,0.037627,0.139533,0.155453,-0.441737,
1629325444.000000,759889603.000000,0.123995,-0.593020,-0.063689,0.023475,0.011229,-0.966400,0.255722,0.119209,-0.027187,0.036958,0.111878,0.215108,-0.438307,
1629325444.000000,764893770.000000,0.123845,-0.593472,-0.063740,0.024217,0.011250,-0.966625,0.254801,0.103166,-0.022554,0.038026,0.065855,0.066508,-0.407623,
1629325444.000000,769896746.000000,0.123346,-0.593620,-0.063566,0.024103,0.011126,-0.966882,0.253839,0.097238,-0.024981,0.041527,0.027557,-0.161087,-0.404006,
1629325444.000000,774899721.000000,0.122923,-0.593826,-0.063658,0.023500,0.010971,-0.967160,0.252843,0.091896,-0.016240,0.014314,-0.007608,-0.328294,-0.416081,
1629325444.000000,779902935.000000,0.122492,-0.593978,-0.063616,0.022629,0.010774,-0.967443,0.251844,0.086596,-0.015204,0.008974,0.023046,-0.342543,-0.422290,
1629325444.000000,784905672.000000,0.122086,-0.594120,-0.063597,0.021865,0.010495,-0.967729,0.250824,0.081391,-0.014186,0.003795,0.042701,-0.320526,-0.419246,
1629325444.000000,789908648.000000,0.121542,-0.594313,-0.063482,0.021243,0.010246,-0.968007,0.249814,0.099665,-0.017095,0.016933,0.056167,-0.153192,-0.426519,
1629325444.000000,794911861.000000,0.120195,-0.595329,-0.064033,0.021093,0.010250,-0.968264,0.248827,0.123590,-0.012077,0.012122,0.035201,0.093544,-0.432957,
1629325444.000000,839940786.000000,0.114683,-0.598219,-0.064602,0.023010,0.011165,-0.970613,0.239281,0.119454,-0.004533,0.001674,-0.004287,-0.058562,-0.441244,
1629325444.000000,844943523.000000,0.114136,-0.598476,-0.064639,0.022851,0.011127,-0.970885,0.238196,0.118262,-0.005943,0.003405,0.035949,0.013028,-0.458280,
1629325444.000000,849946499.000000,0.113597,-0.598719,-0.064658,0.023062,0.011048,-0.971157,0.237064,0.116886,-0.007355,0.005457,0.083023,0.087977,-0.461637,
1629325444.000000,854949713.000000,0.113043,-0.598881,-0.064443,0.023359,0.010881,-0.971424,0.235947,0.112230,-0.017296,0.032702,0.129754,0.158612,-0.452986,
1629325444.000000,859952688.000000,0.111316,-0.598839,-0.064864,0.023957,0.010612,-0.971633,0.235039,0.115054,-0.025427,0.051665,0.140517,0.183081,-0.428455,
1629325444.000000,864955664.000000,0.110738,-0.598984,-0.064602,0.024420,0.010448,-0.971870,0.234014,0.111922,-0.029696,0.062720,0.083041,0.163358,-0.412304,
1629325444.000000,869959831.000000,0.110354,-0.599207,-0.064771,0.024697,0.010423,-0.972104,0.233012,0.098579,-0.015044,0.023655,0.016738,0.000078,-0.404972,
1629325444.000000,874962568.000000,0.109890,-0.599362,-0.064685,0.024336,0.010352,-0.972347,0.232037,0.092709,-0.013727,0.019704,0.001801,-0.288754,-0.402765,
1629325444.000000,879965782.000000,0.109460,-0.599507,-0.064622,0.023443,0.010129,-0.972609,0.231040,0.086486,-0.012427,0.015091,0.033789,-0.393244,-0.429358,
