1629325855.843898,0.000000,0.499176,-0.523805,0.198635,
1629325855.849452,0.000000,0.498988,-0.523691,0.198771,
1629325855.855008,0.000000,0.499094,-0.523705,0.198676,
1629325855.860563,0.000000,0.499102,-0.523820,0.198717,
1629325855.866117,0.000000,0.499002,-0.523710,0.198772,
1629325855.871673,0.000000,0.499086,-0.523827,0.198733,
1629325855.877239,0.000000,0.499093,-0.523705,0.198692,
1629325855.882786,0.000000,0.499092,-0.523825,0.198721,
1629325855.888339,0.000000,0.499098,-0.523827,0.198735,
1629325855.893893,0.000000,0.498991,-0.523699,0.198761,
1629325855.899448,0.000000,0.499002,-0.523707,0.198787,
1629325855.904989,0.000000,0.499091,-0.523707,0.198691,
1629325855.910537,0.000000,0.499174,-0.523812,0.198637,
1629325855.916094,0.000000,0.499180,-0.523813,0.198639,
1629325855.921733,0.000000,0.499076,-0.523809,0.198735,
1629325855.927218,0.000000,0.499109,-0.523832,0.198723,
1629325855.932764,0.000000,0.498993,-0.523699,0.198779,
1629325855.938320,0.000000,0.499007,-0.523706,0.198760,
1629325855.943886,0.000000,0.498987,-0.523707,0.198788,
1629325855.949431,0.000000,0.499182,-0.523812,0.198634,
1629325855.954987,0.000000,0.499014,-0.523705,0.198761,
1629325855.960546,0.000000,0.499009,-0.523723,0.198769,
1629325855.966099,0.000000,0.499101,-0.523834,0.198727,
1629325855.971663,0.000000,0.499179,-0.523821,0.198643,
1629325855.977212,0.000000,0.499082,-0.523820,0.198728,
1629325855.982764,0.000000,0.499096,-0.523828,0.198718,
1629325866.593923,0.000000,0.499176,-0.523816,0.198640,
1629325866.599476,0.000000,0.499180,-0.523824,0.198656,
1629325866.605038,0.000000,0.499098,-0.523830,0.198736,
1629325866.610594,0.000000,0.499097,-0.523719,0.198701,
1629325866.616167,0.000000,0.499109,-0.523825,0.198720,
1629325866.621710,0.000000,0.499096,-0.523832,0.198725,
1629325866.627251,0.000000,0.499119,-0.523828,0.198713,
1629325866.632816,0.000000,0.499087,-0.523708,0.198684,
1629325866.638390,0.000000,0.499095,-0.523821,0.198731,
1629325866.643935,0.000000,0.499094,-0.523832,0.198732,
1629325866.693918,0.000000,0.500436,-0.523947,0.198707,
1629325866.699479,0.000000,0.501107,-0.524096,0.198721,
1629325866.705024,0.000000,0.501719,-0.524234,0.198826,
1629325866.710583,0.000000,0.502437,-0.524473,0.198968,
1629325866.716142,0.000000,0.503111,-0.524587,0.199080,
1629325866.721694,0.000000,0.503741,-0.524564,0.199071,
1629325866.727257,0.000000,0.504451,-0.524588,0.199046,
1629325866.732809,0.000000,0.505210,-0.524644,0.199075,
1629325866.738361,0.000000,0.505962,-0.524768,0.199046,
1629325866.743914,0.000000,0.506589,-0.524726,0.199105,
1629325866.794014,0.000000,0.513384,-0.525573,0.198757,
1629325866.799468,0.000000,0.514225,-0.525721,0.198770,
1629325866.805021,0.000000,0.515002,-0.525895,0.198834,
1629325866.810583,0.000000,0.516069,-0.526321,0.198475,
1629325866.816148,0.000000,0.516426,-0.526258,0.198972,
1629325866.821701,0.000000,0.517092,-0.526384,0.198970,
1629325866.827249,0.000000,0.517849,-0.526613,0.199052,
1629325866.832805,0.000000,0.518510,-0.526745,0.199019,
1629325866.838362,0.000000,0.519158,-0.526890,0.199003,
1629325866.843914,0.000000,0.519855,-0.527045,0.199029,
1629325866.893924,0.000000,0.527022,-0.528260,0.198546,
1629325866.899479,0.000000,0.527804,-0.528423,0.198568,
1629325866.905039,0.000000,0.528519,-0.528608,0.198606,
1629325866.910583,0.000000,0.529134,-0.528665,0.198687,
1629325866.916144,0.000000,0.529826,-0.528828,0.198728,
1629325866.921687,0.000000,0.530496,-0.529018,0.198839,
1629325866.927241,0.000000,0.531153,-0.529245,0.198888,
1629325866.932803,0.000000,0.531763,-0.529405,0.198948,
1629325866.938445,0.000000,0.532452,-0.529603,0.198937,
1629325866.943927,0.000000,0.533082,-0.529751,0.198900,
1629325866.993908,0.000000,0.540151,-0.531189,0.198263,
1629325866.999470,0.000000,0.540856,-0.531330,0.198249,
1629325867.005026,0.000000,0.541427,-0.531372,0.198482,
1629325867.010576,0.000000,0.542385,-0.531780,0.198338,
1629325867.016128,0.000000,0.543049,-0.532038,0.198444,
1629325867.021678,0.000000,0.543701,-0.532243,0.198518,
1629325867.027253,0.000000,0.544300,-0.532456,0.198561,
1629325867.032806,0.000000,0.544922,-0.532674,0.198581,
1629325867.038350,0.000000,0.545577,-0.532862,0.198621,
1629325867.043909,0.000000,0.546222,-0.533065,0.198624,
1629325867.093914,0.000000,0.551652,-0.535281,0.199206,
1629325867.099471,0.000000,0.552163,-0.535526,0.199355,
1629325867.105027,0.000000,0.552708,-0.535795,0.199615,
1629325867.110585,0.000000,0.553345,-0.536047,0.199614,
1629325867.116145,0.000000,0.554051,-0.536590,0.199574,
1629325867.121687,0.000000,0.554711,-0.536890,0.199565,
1629325867.127235,0.000000,0.555451,-0.537241,0.199642,
1629325867.132801,0.000000,0.555998,-0.537450,0.199665,
1629325867.138360,0.000000,0.556516,-0.537378,0.199783,
1629325867.143925,0.000000,0.557230,-0.537598,0.199807,
1629325867.193906,0.000000,0.564754,-0.539834,0.198876,
1629325867.199470,0.000000,0.565548,-0.540017,0.198998,
1629325867.205030,0.000000,0.566539,-0.540187,0.198585,
1629325867.210529,0.000000,0.567052,-0.540084,0.198602,
1629325867.216090,0.000000,0.567696,-0.540149,0.198511,
1629325867.221641,0.000000,0.568923,-0.540449,0.198136,
1629325867.227280,0.000000,0.569572,-0.540686,0.198174,
1629325867.232750,0.000000,0.570263,-0.540919,0.198233,
1629325867.238316,0.000000,0.570954,-0.541148,0.198188,
1629325867.243865,0.000000,0.571766,-0.541295,0.198154,
1629325867.293876,0.000000,0.577999,-0.543950,0.197544,
1629325867.299435,0.000000,0.578786,-0.544127,0.197448,
1629325867.304983,0.000000,0.579476,-0.544338,0.197495,
1629325867.310572,0.000000,0.580069,-0.544482,0.197602,
1629325867.316129,0.000000,0.580711,-0.544823,0.197733,
1629325867.321685,0.000000,0.581560,-0.545329,0.197755,
1629325867.327237,0.000000,0.582184,-0.545621,0.197743,
1629325867.332810,0.000000,0.582743,-0.545859,0.197719,
1629325867.338366,0.000000,0.583395,-0.546049,0.197670,
1629325867.343910,0.000000,0.583959,-0.546378,0.197865,
1629325867.393921,0.000000,0.590068,-0.548748,0.197549,
1629325867.399486,0.000000,0.590757,-0.549012,0.197585,
1629325867.405098,0.000000,0.591584,-0.549361,0.197512,
1629325867.410597,0.000000,0.592109,-0.549618,0.197670,
1629325867.416147,0.000000,0.592957,-0.550172,0.197752,
1629325867.421646,0.000000,0.593559,-0.550518,0.197867,
1629325867.427219,0.000000,0.594135,-0.550733,0.197874,
1629325867.432777,0.000000,0.594646,-0.551002,0.198033,
1629325867.438327,0.000000,0.595337,-0.551353,0.197917,
1629325867.443896,0.000000,0.595948,-0.551752,0.197954,
1629325867.493900,0.000000,0.601916,-0.554455,0.197714,
1629325867.499470,0.000000,0.602733,-0.554835,0.197553,
1629325867.504987,0.000000,0.603418,-0.555105,0.197513,
1629325867.510552,0.000000,0.603889,-0.554836,0.197544,
1629325867.516221,0.000000,0.604970,-0.555943,0.197495,
1629325867.521662,0.000000,0.605514,-0.556226,0.197587,
1629325867.527259,0.000000,0.606108,-0.556570,0.197631,
1629325867.532822,0.000000,0.606693,-0.556861,0.197667,
1629325867.538361,0.000000,0.607239,-0.557131,0.197726,
1629325867.543922,0.000000,0.607912,-0.557569,0.197704,
1629325867.593935,0.000000,0.613640,-0.560476,0.197574,
1629325867.599474,0.000000,0.614423,-0.560935,0.197486,
1629325867.605035,0.000000,0.615092,-0.561263,0.197391,
1629325867.610591,0.000000,0.615722,-0.561584,0.197406,
1629325867.616146,0.000000,0.616319,-0.561912,0.197539,
1629325867.621717,0.000000,0.616939,-0.562250,0.197655,
1629325867.627207,0.000000,0.617459,-0.562547,0.197765,
1629325867.632767,0.000000,0.618122,-0.563039,0.197747,
1629325867.638330,0.000000,0.618716,-0.563423,0.197750,
1629325867.643886,0.000000,0.619269,-0.563784,0.197779,
1629325867.693892,0.000000,0.625112,-0.567416,0.197518,
1629325867.699442,0.000000,0.625817,-0.567725,0.197384,
1629325867.705001,0.000000,0.626294,-0.567340,0.197334,
1629325867.710559,0.000000,0.627135,-0.567799,0.197291,
1629325867.716115,0.000000,0.627801,-0.568217,0.197265,
1629325867.721666,0.000000,0.628345,-0.568566,0.197347,
1629325867.727225,0.000000,0.628986,-0.569630,0.197590,
1629325867.732800,0.000000,0.629489,-0.570000,0.197654,
1629325867.738355,0.000000,0.630018,-0.570328,0.197673,
1629325867.743914,0.000000,0.630626,-0.570829,0.197610,
1629325867.793915,0.000000,0.636362,-0.574756,0.197409,
1629325867.799536,0.000000,0.637039,-0.575051,0.197347,
1629325867.805103,0.000000,0.637688,-0.575445,0.197317,
1629325867.810574,0.000000,0.638332,-0.575788,0.197339,
1629325867.816132,0.000000,0.638733,-0.575484,0.197380,
1629325867.821692,0.000000,0.639503,-0.576130,0.197304,
1629325867.827240,0.000000,0.640000,-0.576542,0.197402,
1629325867.832810,0.000000,0.640561,-0.577669,0.197713,
1629325867.838379,0.000000,0.641060,-0.578063,0.197716,
1629325867.843930,0.000000,0.641561,-0.578443,0.197750,
1629325867.893917,0.000000,0.646908,-0.581472,0.197587,
1629325867.899480,0.000000,0.647544,-0.581939,0.197503,
1629325867.905040,0.000000,0.648238,-0.582415,0.197404,
1629325867.910586,0.000000,0.648894,-0.582812,0.197332,
1629325867.916143,0.000000,0.649657,-0.583939,0.197521,
1629325867.921702,0.000000,0.650343,-0.584499,0.197426,
1629325867.927246,0.000000,0.650858,-0.584898,0.197518,
1629325867.932810,0.000000,0.651338,-0.585533,0.197654,
1629325867.938372,0.000000,0.651852,-0.586043,0.197673,
1629325867.943861,0.000000,0.652354,-0.586596,0.197745,
1629325867.993878,0.000000,0.657432,-0.589855,0.197751,
1629325867.999473,0.000000,0.658041,-0.590322,0.197702,
1629325868.004990,0.000000,0.658716,-0.590714,0.197624,
1629325868.010556,0.000000,0.659353,-0.591194,0.197581,
1629325868.016111,0.000000,0.660019,-0.591717,0.197536,
1629325868.021658,0.000000,0.660686,-0.592792,0.197478,
1629325868.027201,0.000000,0.661165,-0.593238,0.197588,
1629325868.032760,0.000000,0.661646,-0.593714,0.197637,
1629325868.038314,0.000000,0.661584,-0.593434,0.198387,
1629325868.043883,0.000000,0.662468,-0.594618,0.197788,
1629325868.093931,0.000000,0.667698,-0.599378,0.197752,
1629325868.099431,0.000000,0.668353,-0.599832,0.197566,
1629325868.104983,0.000000,0.668986,-0.600352,0.197551,
1629325868.110540,0.000000,0.669784,-0.600927,0.197301,
1629325868.116089,0.000000,0.670319,-0.601341,0.197303,
1629325868.121646,0.000000,0.670854,-0.601879,0.197448,
1629325868.127192,0.000000,0.671423,-0.602341,0.197471,
1629325868.132755,0.000000,0.671888,-0.602961,0.197608,
1629325868.138309,0.000000,0.672390,-0.603392,0.197673,
1629325868.143871,0.000000,0.672580,-0.603581,0.197959,
1629325868.193941,0.000000,0.677257,-0.607593,0.198167,
1629325868.199527,0.000000,0.677927,-0.608134,0.198132,
1629325868.205020,0.000000,0.678579,-0.608704,0.198099,
1629325868.210591,0.000000,0.679098,-0.609105,0.198091,
1629325868.216146,0.000000,0.679648,-0.609708,0.198053,
1629325868.221701,0.000000,0.680487,-0.610595,0.197649,
1629325868.227241,0.000000,0.680821,-0.611179,0.198168,
1629325868.232817,0.000000,0.681414,-0.612072,0.198041,
1629325868.238361,0.000000,0.681814,-0.612442,0.198178,
1629325868.244048,0.000000,0.682337,-0.613055,0.198158,
1629325868.293923,0.000000,0.687606,-0.618547,0.197484,
1629325868.299483,0.000000,0.688237,-0.619082,0.197183,
1629325868.305031,0.000000,0.688794,-0.619602,0.197053,
1629325868.310590,0.000000,0.689284,-0.619940,0.197060,
1629325868.316149,0.000000,0.689816,-0.620571,0.197299,
1629325868.321695,0.000000,0.690350,-0.621226,0.197381,
1629325868.327255,0.000000,0.690779,-0.621706,0.197445,
1629325868.332799,0.000000,0.691303,-0.622312,0.197490,
1629325868.338338,0.000000,0.691817,-0.623022,0.197354,
1629325868.343913,0.000000,0.692240,-0.623685,0.197383,
1629325868.393890,0.000000,0.696779,-0.628467,0.197172,
1629325868.399507,0.000000,0.697324,-0.628960,0.197291,
1629325868.404997,0.000000,0.697806,-0.629727,0.197384,
1629325868.410572,0.000000,0.698343,-0.629963,0.197314,
1629325868.416133,0.000000,0.698819,-0.630493,0.197105,
1629325868.421674,0.000000,0.699300,-0.631163,0.197048,
1629325868.427223,0.000000,0.699763,-0.631856,0.197265,
1629325868.432772,0.000000,0.700130,-0.632405,0.197380,
1629325868.438333,0.000000,0.700408,-0.632696,0.197393,
1629325868.443910,0.000000,0.700940,-0.633288,0.197370,
1629325868.493903,0.000000,0.705373,-0.638902,0.197289,
1629325868.499450,0.000000,0.705719,-0.639183,0.197461,
1629325868.505000,0.000000,0.706298,-0.639859,0.197232,
1629325868.510567,0.000000,0.706793,-0.640554,0.197154,
1629325868.516135,0.000000,0.707016,-0.640879,0.197517,
1629325868.521674,0.000000,0.707461,-0.641640,0.197647,
1629325868.527214,0.000000,0.708077,-0.642266,0.197597,
1629325868.532847,0.000000,0.708554,-0.642841,0.197691,
1629325868.538342,0.000000,0.708833,-0.643325,0.197707,
1629325868.543903,0.000000,0.709364,-0.644137,0.197403,
1629325868.593904,0.000000,0.712771,-0.648668,0.198362,
1629325868.599448,0.000000,0.713325,-0.649174,0.198213,
1629325868.605002,0.000000,0.713875,-0.649690,0.198118,
1629325868.610565,0.000000,0.714275,-0.650130,0.198113,
1629325868.616121,0.000000,0.714749,-0.650729,0.198063,
1629325868.621685,0.000000,0.715085,-0.651292,0.198152,
1629325868.627222,0.000000,0.715823,-0.653006,0.197697,
1629325868.632779,0.000000,0.715796,-0.652782,0.198455,
1629325868.638340,0.000000,0.716265,-0.653201,0.198257,
1629325868.643902,0.000000,0.716603,-0.653854,0.198299,
1629325868.693855,0.000000,0.720297,-0.659070,0.198040,
1629325868.699410,0.000000,0.720616,-0.659692,0.198626,
1629325868.704967,0.000000,0.721639,-0.660868,0.197614,
1629325868.710544,0.000000,0.722305,-0.661643,0.197309,
1629325868.716082,0.000000,0.722640,-0.662116,0.197428,
1629325868.721639,0.000000,0.722962,-0.662691,0.197600,
1629325868.727189,0.000000,0.723193,-0.663506,0.198034,
1629325868.732735,0.000000,0.723712,-0.664352,0.197639,
1629325868.738291,0.000000,0.723988,-0.664903,0.197807,
1629325868.743851,0.000000,0.724202,-0.665199,0.198034,
1629325868.793849,0.000000,0.727575,-0.670687,0.198148,
1629325868.799389,0.000000,0.728090,-0.671257,0.197857,
1629325868.804959,0.000000,0.729122,-0.673169,0.196618,
1629325868.810521,0.000000,0.728755,-0.672572,0.198210,
1629325868.816065,0.000000,0.729132,-0.673186,0.198258,
1629325868.821710,0.000000,0.729927,-0.674034,0.197413,
1629325868.827214,0.000000,0.730261,-0.674706,0.197555,
1629325868.832732,0.000000,0.730581,-0.675528,0.197591,
1629325868.838303,0.000000,0.730848,-0.675996,0.197686,
1629325868.843858,0.000000,0.731121,-0.676785,0.197830,
1629325868.893896,0.000000,0.734175,-0.682170,0.198045,
1629325868.899439,0.000000,0.735208,-0.683838,0.196575,
1629325868.905061,0.000000,0.735584,-0.684465,0.196572,
1629325868.910560,0.000000,0.736088,-0.685215,0.196507,
1629325868.916108,0.000000,0.736599,-0.686112,0.196125,
1629325868.921663,0.000000,0.737047,-0.686914,0.195926,
1629325868.927232,0.000000,0.737185,-0.687208,0.196388,
1629325868.932781,0.000000,0.737410,-0.687691,0.196629,
1629325868.938348,0.000000,0.737710,-0.688186,0.196665,
1629325868.943896,0.000000,0.737983,-0.688922,0.196787,
1629325868.993885,0.000000,0.740629,-0.694607,0.196969,
1629325868.999485,0.000000,0.741125,-0.695431,0.196665,
1629325869.005001,0.000000,0.741448,-0.696069,0.196843,
1629325869.010556,0.000000,0.741926,-0.696849,0.196643,
1629325869.016108,0.000000,0.742288,-0.697486,0.196650,
1629325869.021664,0.000000,0.742730,-0.698261,0.196379,
1629325869.027201,0.000000,0.743002,-0.698749,0.196512,
1629325869.032779,0.000000,0.743284,-0.699333,0.196573,
1629325869.038329,0.000000,0.743580,-0.700105,0.196624,
1629325869.043894,0.000000,0.743820,-0.700710,0.196761,
1629325869.093891,0.000000,0.746373,-0.706460,0.196896,
1629325869.099501,0.000000,0.746702,-0.707141,0.196871,
1629325869.104997,0.000000,0.747023,-0.707803,0.196820,
1629325869.110625,0.000000,0.747348,-0.708519,0.196759,
1629325869.116116,0.000000,0.747937,-0.709588,0.196210,
1629325869.121671,0.000000,0.748185,-0.710163,0.196312,
1629325869.127224,0.000000,0.748414,-0.710399,0.196493,
1629325869.132767,0.000000,0.748651,-0.711205,0.196663,
1629325869.138326,0.000000,0.748937,-0.711674,0.196714,
1629325869.143882,0.000000,0.749001,-0.712746,0.196948,
1629325869.193894,0.000000,0.751433,-0.718894,0.196594,
1629325869.199409,0.000000,0.751699,-0.719728,0.196558,
1629325869.204953,0.000000,0.752195,-0.720878,0.196125,
1629325869.210510,0.000000,0.752744,-0.721849,0.195778,
1629325869.216068,0.000000,0.752804,-0.722137,0.196073,
1629325869.221641,0.000000,0.753119,-0.722821,0.196005,
1629325869.227161,0.000000,0.753529,-0.723588,0.195910,
1629325869.232730,0.000000,0.753786,-0.724445,0.195859,
1629325869.238280,0.000000,0.754099,-0.725348,0.195837,
1629325869.243839,0.000000,0.754086,-0.725574,0.196321,
1629325869.293840,0.000000,0.756262,-0.732411,0.195524,
1629325869.299455,0.000000,0.756418,-0.732839,0.195841,
1629325869.304981,0.000000,0.756653,-0.733478,0.195887,
1629325869.310545,0.000000,0.757023,-0.734237,0.195739,
1629325869.316104,0.000000,0.757236,-0.735048,0.195847,
1629325869.321658,0.000000,0.757707,-0.735900,0.195520,
1629325869.327210,0.000000,0.758182,-0.736982,0.195211,
1629325869.332776,0.000000,0.758189,-0.737369,0.195556,
1629325869.338333,0.000000,0.758553,-0.738358,0.195245,
1629325869.343882,0.000000,0.758699,-0.739020,0.195299,
1629325869.393881,0.000000,0.760223,-0.745135,0.195480,
1629325869.399506,0.000000,0.760500,-0.745887,0.195383,
1629325869.405009,0.000000,0.760778,-0.746617,0.195316,
1629325869.410549,0.000000,0.761096,-0.747332,0.195234,
1629325869.416098,0.000000,0.761325,-0.748055,0.195197,
1629325869.421666,0.000000,0.761538,-0.748725,0.195249,
1629325869.427224,0.000000,0.761359,-0.748987,0.196202,
1629325869.432771,0.000000,0.761653,-0.750047,0.195940,
1629325869.438312,0.000000,0.761796,-0.750677,0.196029,
1629325869.443874,0.000000,0.761933,-0.751280,0.196135,
1629325869.493890,0.000000,0.763494,-0.757810,0.195480,
1629325869.499442,0.000000,0.763481,-0.758134,0.195779,
1629325869.505010,0.000000,0.763754,-0.759262,0.195440,
1629325869.510547,0.000000,0.764011,-0.760036,0.195432,
1629325869.516105,0.000000,0.764735,-0.760824,0.195109,
1629325869.521647,0.000000,0.764918,-0.761526,0.195086,
1629325869.527264,0.000000,0.765088,-0.762521,0.194893,
1629325869.532757,0.000000,0.765307,-0.763269,0.194920,
1629325869.538324,0.000000,0.764921,-0.763103,0.195696,
1629325869.543989,0.000000,0.765488,-0.764771,0.195074,
1629325869.593859,0.000000,0.766593,-0.771190,0.195280,
1629325869.599426,0.000000,0.766414,-0.771730,0.195472,
1629325869.604988,0.000000,0.766520,-0.772356,0.195399,
1629325869.610548,0.000000,0.766613,-0.772686,0.195651,
1629325869.616103,0.000000,0.766814,-0.773439,0.195585,
1629325869.621652,0.000000,0.767065,-0.774498,0.195389,
1629325869.627215,0.000000,0.767158,-0.775140,0.195460,
1629325869.632752,0.000000,0.767494,-0.776258,0.195004,
1629325869.638335,0.000000,0.767560,-0.777018,0.195100,
1629325869.643880,0.000000,0.767458,-0.777427,0.195519,
1629325869.693879,0.000000,0.768157,-0.783746,0.195990,
1629325869.699429,0.000000,0.768299,-0.784504,0.195947,
1629325869.704989,0.000000,0.768504,-0.785326,0.195798,
1629325869.710549,0.000000,0.768741,-0.786274,0.195412,
1629325869.716091,0.000000,0.769059,-0.787130,0.195389,
1629325869.721650,0.000000,0.769208,-0.787789,0.195415,
1629325869.727208,0.000000,0.769441,-0.788743,0.195064,
1629325869.732765,0.000000,0.769448,-0.789418,0.195259,
1629325869.738325,0.000000,0.769497,-0.790211,0.195284,
1629325869.743874,0.000000,0.769385,-0.790836,0.195533,
1629325869.793878,0.000000,0.770065,-0.797400,0.195605,
1629325869.799425,0.000000,0.770154,-0.798107,0.195587,
1629325869.804976,0.000000,0.770191,-0.798816,0.195540,
1629325869.810545,0.000000,0.770310,-0.799603,0.195459,
1629325869.816097,0.000000,0.770506,-0.800727,0.195165,
1629325869.821681,0.000000,0.770620,-0.801560,0.195093,
1629325869.827216,0.000000,0.770666,-0.802170,0.195206,
1629325869.832777,0.000000,0.770748,-0.802873,0.195258,
1629325869.838466,0.000000,0.770737,-0.803668,0.195287,
1629325869.843874,0.000000,0.770758,-0.804373,0.195332,
1629325869.893875,0.000000,0.771150,-0.811168,0.195445,
1629325869.899421,0.000000,0.771076,-0.811914,0.195735,
1629325869.905000,0.000000,0.771053,-0.812697,0.195664,
1629325869.910584,0.000000,0.771165,-0.813412,0.195562,
1629325869.916097,0.000000,0.771271,-0.814149,0.195500,
1629325869.921646,0.000000,0.771592,-0.814971,0.195316,
1629325869.927201,0.000000,0.771628,-0.815635,0.195436,
1629325869.932759,0.000000,0.771666,-0.816461,0.195390,
1629325869.938307,0.000000,0.771673,-0.817253,0.195239,
1629325869.943857,0.000000,0.771631,-0.818186,0.195309,
1629325869.993867,0.000000,0.771739,-0.824464,0.195657,
1629325869.999436,0.000000,0.771792,-0.825201,0.195626,
1629325870.004985,0.000000,0.771702,-0.826020,0.195560,
1629325870.010530,0.000000,0.771824,-0.826808,0.195442,
1629325870.016093,0.000000,0.771892,-0.827536,0.195391,
1629325870.021656,0.000000,0.772013,-0.828526,0.195209,
1629325870.027211,0.000000,0.772018,-0.829335,0.195164,
1629325870.032752,0.000000,0.771941,-0.830007,0.195166,
1629325870.038305,0.000000,0.771861,-0.831069,0.195073,
1629325870.043894,0.000000,0.771830,-0.831754,0.195136,
1629325870.093872,0.000000,0.771512,-0.838205,0.195397,
1629325870.099427,0.000000,0.771467,-0.838927,0.195331,
1629325870.104985,0.000000,0.771542,-0.839750,0.195280,
1629325870.110537,0.000000,0.771505,-0.840588,0.195165,
1629325870.116099,0.000000,0.771554,-0.841413,0.195011,
1629325870.121656,0.000000,0.771605,-0.842131,0.194954,
1629325870.127300,0.000000,0.771559,-0.842965,0.194850,
1629325870.132745,0.000000,0.771850,-0.843731,0.194771,
1629325870.138305,0.000000,0.772090,-0.844911,0.194556,
1629325870.143870,0.000000,0.771991,-0.845667,0.194612,
1629325870.193869,0.000000,0.770729,-0.851711,0.195103,
1629325870.199415,0.000000,0.770652,-0.852428,0.195082,
1629325870.204976,0.000000,0.770635,-0.853180,0.195060,
1629325870.210533,0.000000,0.770755,-0.854013,0.194986,
1629325870.216085,0.000000,0.770771,-0.854803,0.194867,
1629325870.221642,0.000000,0.770819,-0.855642,0.194700,
1629325870.227200,0.000000,0.771109,-0.856412,0.194658,
1629325870.232756,0.000000,0.771062,-0.857258,0.194554,
1629325870.238310,0.000000,0.770939,-0.857954,0.194524,
1629325870.243874,0.000000,0.770652,-0.858718,0.194719,
1629325870.293878,0.000000,0.770125,-0.865171,0.194758,
1629325870.299407,0.000000,0.770020,-0.865865,0.194698,
1629325870.304987,0.000000,0.769859,-0.866481,0.194653,
1629325870.310537,0.000000,0.769821,-0.867255,0.194557,
1629325870.316092,0.000000,0.769826,-0.868066,0.194451,
1629325870.321650,0.000000,0.769501,-0.868931,0.194436,
1629325870.327210,0.000000,0.769582,-0.869670,0.194331,
1629325870.332758,0.000000,0.769512,-0.870483,0.194235,
1629325870.338307,0.000000,0.769373,-0.871278,0.194233,
1629325870.343855,0.000000,0.769261,-0.872102,0.194286,
1629325870.360541,0.000000,0.768895,-0.874359,0.194614,
1629325870.366097,0.000000,0.768838,-0.875017,0.194731,
1629325870.371642,0.000000,0.768695,-0.875619,0.194676,
1629325870.377198,0.000000,0.768573,-0.876307,0.194646,
1629325870.382765,0.000000,0.768218,-0.876973,0.194668,
1629325870.388306,0.000000,0.768228,-0.877816,0.194619,
1629325870.393870,0.000000,0.767974,-0.878399,0.194611,
1629325870.399425,0.000000,0.767850,-0.879137,0.194597,
1629325870.404976,0.000000,0.767756,-0.879849,0.194549,
1629325870.410530,0.000000,0.767665,-0.880644,0.194477,
1629325870.493767,0.000000,0.765547,-0.891564,0.194388,
1629325870.499356,0.000000,0.765454,-0.892232,0.194346,
1629325870.504921,0.000000,0.765357,-0.892988,0.194384,
1629325870.510482,0.000000,0.765327,-0.893772,0.194322,
1629325870.516044,0.000000,0.765294,-0.894533,0.194276,
1629325870.521596,0.000000,0.765221,-0.895272,0.194156,
1629325870.527148,0.000000,0.764964,-0.896066,0.194100,
1629325870.532708,0.000000,0.764938,-0.897036,0.194002,
1629325870.538302,0.000000,0.764774,-0.897797,0.193937,
1629325870.543870,0.000000,0.764590,-0.898534,0.193903,
1629325870.593894,0.000000,0.762768,-0.904605,0.194384,
1629325870.599416,0.000000,0.762521,-0.905217,0.194423,
1629325870.604978,0.000000,0.762441,-0.905979,0.194356,
1629325870.610533,0.000000,0.762189,-0.906586,0.194280,
1629325870.616090,0.000000,0.762019,-0.907327,0.194243,
1629325870.621653,0.000000,0.761864,-0.908099,0.194133,
1629325870.627206,0.000000,0.761730,-0.908812,0.194009,
1629325870.632759,0.000000,0.761738,-0.909750,0.193849,
1629325870.638295,0.000000,0.761568,-0.910701,0.193790,
1629325870.643856,0.000000,0.761341,-0.911546,0.193717,
1629325870.693862,0.000000,0.759226,-0.917240,0.193975,
1629325870.699425,0.000000,0.759049,-0.917951,0.193981,
1629325870.705048,0.000000,0.758739,-0.918749,0.194042,
1629325870.710529,0.000000,0.758562,-0.919425,0.193948,
1629325870.716079,0.000000,0.758385,-0.920133,0.193911,
1629325870.721631,0.000000,0.758187,-0.920873,0.193823,
1629325870.727194,0.000000,0.758006,-0.921575,0.193705,
1629325870.732757,0.000000,0.757906,-0.922475,0.193576,
1629325870.738293,0.000000,0.757575,-0.923273,0.193441,
1629325870.743814,0.000000,0.757408,-0.924106,0.193547,
1629325870.793828,0.000000,0.755255,-0.929965,0.193609,
1629325870.799390,0.000000,0.754987,-0.930692,0.193741,
1629325870.804943,0.000000,0.754764,-0.931343,0.193700,
1629325870.810488,0.000000,0.754644,-0.932015,0.193703,
1629325870.816037,0.000000,0.754437,-0.932750,0.193586,
1629325870.821598,0.000000,0.754275,-0.933495,0.193467,
1629325870.827161,0.000000,0.754130,-0.934191,0.193376,
1629325870.832719,0.000000,0.753956,-0.934936,0.193230,
1629325870.838275,0.000000,0.753640,-0.936026,0.193165,
1629325870.843878,0.000000,0.753436,-0.936769,0.193273,
1629325870.893847,0.000000,0.750740,-0.942514,0.193628,
1629325870.899407,0.000000,0.750481,-0.943140,0.193590,
1629325870.904988,0.000000,0.750280,-0.943829,0.193574,
1629325870.910527,0.000000,0.750377,-0.944214,0.193299,
1629325870.916076,0.000000,0.750083,-0.945123,0.193566,
1629325870.921635,0.000000,0.749682,-0.946037,0.193665,
1629325870.927227,0.000000,0.749402,-0.946910,0.193559,
1629325870.932751,0.000000,0.749142,-0.947642,0.193409,
1629325870.938305,0.000000,0.748956,-0.948261,0.193326,
1629325870.943845,0.000000,0.748782,-0.948974,0.193270,
1629325870.993928,0.000000,0.746039,-0.954715,0.193499,
1629325870.999452,0.000000,0.745738,-0.955312,0.193478,
1629325871.004969,0.000000,0.745451,-0.955998,0.193475,
1629325871.010512,0.000000,0.745032,-0.956576,0.193272,
1629325871.016068,0.000000,0.744638,-0.957402,0.193615,
1629325871.021635,0.000000,0.744381,-0.958078,0.193478,
1629325871.027183,0.000000,0.744130,-0.958788,0.193428,
1629325871.032736,0.000000,0.743891,-0.959832,0.193261,
1629325871.038291,0.000000,0.743623,-0.960529,0.193136,
1629325871.043856,0.000000,0.743334,-0.961221,0.193116,
1629325871.093857,0.000000,0.740245,-0.966760,0.193529,
1629325871.099415,0.000000,0.739926,-0.967517,0.193478,
1629325871.105009,0.000000,0.739618,-0.968283,0.193554,
1629325871.110523,0.000000,0.739390,-0.968626,0.193444,
1629325871.116084,0.000000,0.739148,-0.969506,0.193458,
1629325871.121641,0.000000,0.738653,-0.970089,0.193296,
1629325871.127189,0.000000,0.738338,-0.970695,0.193247,
1629325871.132749,0.000000,0.738287,-0.971853,0.193119,
1629325871.138376,0.000000,0.738057,-0.972409,0.193032,
1629325871.143848,0.000000,0.737448,-0.973248,0.193147,
1629325871.193845,0.000000,0.734257,-0.978629,0.193578,
1629325871.199407,0.000000,0.733854,-0.979234,0.193593,
1629325871.204964,0.000000,0.733408,-0.980052,0.193532,
1629325871.210584,0.000000,0.733018,-0.980766,0.193502,
1629325871.216075,0.000000,0.732660,-0.981508,0.193451,
1629325871.221622,0.000000,0.732504,-0.982250,0.193214,
1629325871.227181,0.000000,0.732208,-0.982815,0.193186,
1629325871.232737,0.000000,0.731685,-0.983555,0.193262,
1629325871.238301,0.000000,0.731383,-0.984192,0.193206,
1629325871.243863,0.000000,0.731033,-0.984954,0.193097,
1629325871.293850,0.000000,0.727404,-0.990058,0.193580,
1629325871.299403,0.000000,0.727085,-0.990890,0.193459,
1629325871.304985,0.000000,0.726693,-0.991584,0.193358,
1629325871.310509,0.000000,0.726437,-0.992283,0.193161,
1629325871.316086,0.000000,0.726132,-0.992759,0.193191,
1629325871.321630,0.000000,0.725633,-0.993842,0.192990,
1629325871.327193,0.000000,0.725153,-0.994412,0.193121,
1629325871.332742,0.000000,0.724624,-0.995115,0.193186,
1629325871.338299,0.000000,0.724213,-0.995835,0.193050,
1629325871.343840,0.000000,0.723849,-0.996556,0.192924,
1629325871.393803,0.000000,0.720243,-1.001469,0.193465,
1629325871.399399,0.000000,0.719726,-1.002168,0.193443,
1629325871.404933,0.000000,0.719349,-1.002665,0.193529,
1629325871.410474,0.000000,0.718939,-1.003307,0.193560,
1629325871.416047,0.000000,0.718467,-1.003658,0.193326,
1629325871.421593,0.000000,0.718029,-1.004352,0.193217,
1629325871.427221,0.000000,0.717460,-1.005621,0.193407,
1629325871.432698,0.000000,0.717281,-1.006288,0.193135,
1629325871.438263,0.000000,0.716916,-1.006877,0.192883,
1629325871.443811,0.000000,0.716520,-1.007569,0.192785,
1629325871.493850,0.000000,0.712447,-1.012753,0.193374,
1629325871.499408,0.000000,0.711944,-1.013305,0.193306,
1629325871.504969,0.000000,0.711492,-1.013779,0.193396,
1629325871.510521,0.000000,0.711111,-1.014373,0.193332,
1629325871.516126,0.000000,0.710713,-1.015064,0.193218,
1629325871.521620,0.000000,0.710169,-1.015973,0.193123,
1629325871.527231,0.000000,0.709744,-1.016412,0.193223,
1629325871.532740,0.000000,0.709324,-1.016998,0.193210,
1629325871.538301,0.000000,0.708853,-1.017616,0.193101,
1629325871.543854,0.000000,0.708507,-1.018361,0.192951,
1629325871.593849,0.000000,0.703934,-1.023131,0.193766,
1629325871.599421,0.000000,0.703553,-1.023940,0.193587,
1629325871.604956,0.000000,0.703151,-1.024545,0.193519,
1629325871.610510,0.000000,0.702736,-1.025087,0.193390,
1629325871.616071,0.000000,0.702259,-1.025718,0.193122,
1629325871.621629,0.000000,0.701777,-1.026433,0.193122,
1629325871.627181,0.000000,0.701266,-1.027079,0.193095,
1629325871.632736,0.000000,0.700941,-1.027774,0.192995,
1629325871.638284,0.000000,0.700431,-1.028548,0.193035,
1629325871.643848,0.000000,0.699988,-1.029134,0.192900,
1629325871.693848,0.000000,0.695632,-1.033820,0.193197,
1629325871.699389,0.000000,0.695136,-1.034389,0.193222,
1629325871.704940,0.000000,0.694550,-1.034984,0.193253,
1629325871.710520,0.000000,0.693978,-1.035515,0.193271,
1629325871.716075,0.000000,0.693504,-1.035945,0.193297,
1629325871.721731,0.000000,0.693050,-1.036663,0.193145,
1629325871.727176,0.000000,0.692524,-1.037352,0.193055,
1629325871.732732,0.000000,0.692120,-1.037877,0.192976,
1629325871.738287,0.000000,0.691593,-1.038545,0.192924,
1629325871.743845,0.000000,0.691047,-1.039361,0.192665,
1629325871.793862,0.000000,0.686433,-1.043802,0.192931,
1629325871.799425,0.000000,0.686140,-1.044212,0.192953,
1629325871.804952,0.000000,0.685470,-1.044784,0.193042,
1629325871.810505,0.000000,0.685003,-1.045293,0.193108,
1629325871.816059,0.000000,0.684419,-1.045879,0.192984,
1629325871.821612,0.000000,0.683989,-1.046437,0.192838,
1629325871.827173,0.000000,0.683417,-1.047066,0.192834,
1629325871.832729,0.000000,0.683002,-1.047682,0.192747,
1629325871.838361,0.000000,0.682396,-1.048403,0.192518,
1629325871.843830,0.000000,0.681849,-1.049025,0.192393,
1629325871.893793,0.000000,0.677036,-1.053163,0.192736,
1629325871.899353,0.000000,0.676505,-1.053506,0.192839,
1629325871.904898,0.000000,0.675924,-1.054004,0.192824,
1629325871.910460,0.000000,0.675405,-1.054865,0.192666,
1629325871.916014,0.000000,0.674760,-1.055264,0.192712,
1629325871.921577,0.000000,0.674277,-1.055788,0.192659,
1629325871.927131,0.000000,0.673615,-1.056534,0.192533,
1629325871.932697,0.000000,0.673189,-1.056906,0.192567,
1629325871.938234,0.000000,0.672580,-1.057682,0.192309,
1629325871.943791,0.000000,0.672081,-1.058320,0.192146,
1629325871.993810,0.000000,0.666531,-1.061997,0.193370,
1629325871.999406,0.000000,0.665990,-1.062420,0.193390,
1629325872.004922,0.000000,0.666035,-1.062928,0.192660,
1629325872.010588,0.000000,0.665460,-1.063520,0.192635,
1629325872.016031,0.000000,0.664419,-1.064631,0.192196,
1629325872.021586,0.000000,0.663916,-1.065161,0.192091,
1629325872.027152,0.000000,0.663285,-1.065612,0.192277,
1629325872.032694,0.000000,0.662541,-1.065926,0.192598,
1629325872.038259,0.000000,0.661921,-1.066458,0.192568,
1629325872.043816,0.000000,0.661500,-1.066583,0.192963,
1629325872.093931,0.000000,0.657022,-1.070971,0.192421,
1629325872.099489,0.000000,0.656411,-1.071352,0.192462,
1629325872.105051,0.000000,0.655944,-1.071824,0.192452,
1629325872.110600,0.000000,0.655372,-1.072263,0.192440,
1629325872.116159,0.000000,0.654834,-1.072730,0.192371,
1629325872.121716,0.000000,0.654046,-1.073483,0.192107,
1629325872.127267,0.000000,0.653563,-1.073762,0.192256,
1629325872.132815,0.000000,0.653060,-1.074268,0.192218,
1629325872.138376,0.000000,0.652480,-1.074788,0.192125,
1629325872.143942,0.000000,0.651943,-1.075323,0.192101,
1629325872.193963,0.000000,0.646478,-1.079128,0.192396,
1629325872.199498,0.000000,0.645964,-1.079508,0.192345,
1629325872.205036,0.000000,0.645456,-1.079867,0.192331,
1629325872.210602,0.000000,0.644963,-1.080215,0.192335,
1629325872.216155,0.000000,0.644429,-1.080587,0.192345,
1629325872.221711,0.000000,0.643779,-1.080985,0.192386,
1629325872.227268,0.000000,0.642925,-1.081475,0.192324,
1629325872.232834,0.000000,0.642339,-1.081938,0.192281,
1629325872.238378,0.000000,0.641828,-1.082450,0.192147,
1629325872.243940,0.000000,0.641199,-1.082911,0.192134,
1629325872.293936,0.000000,0.635636,-1.086551,0.191972,
1629325872.299578,0.000000,0.635087,-1.086924,0.191988,
1629325872.305040,0.000000,0.634491,-1.087292,0.191945,
1629325872.310595,0.000000,0.634016,-1.087586,0.192012,
1629325872.316154,0.000000,0.633331,-1.087992,0.192020,
1629325872.321710,0.000000,0.632709,-1.088416,0.192260,
1629325872.327307,0.000000,0.632208,-1.088926,0.192081,
1629325872.332825,0.000000,0.631396,-1.089509,0.191945,
1629325872.338422,0.000000,0.630835,-1.089981,0.191841,
1629325872.343940,0.000000,0.630270,-1.090442,0.191834,
1629325872.393932,0.000000,0.624728,-1.093784,0.191746,
1629325872.399528,0.000000,0.624133,-1.094119,0.191855,
1629325872.405038,0.000000,0.623360,-1.094429,0.191816,
1629325872.410596,0.000000,0.622808,-1.094836,0.191681,
1629325872.416154,0.000000,0.622030,-1.095074,0.191780,
1629325872.421714,0.000000,0.621416,-1.095540,0.191921,
1629325872.427263,0.000000,0.620657,-1.095979,0.191899,
1629325872.432817,0.000000,0.620261,-1.096488,0.191680,
1629325872.438366,0.000000,0.619720,-1.096986,0.191584,
1629325872.443996,0.000000,0.618731,-1.097223,0.191913,
1629325872.493926,0.000000,0.612612,-1.100210,0.192443,
1629325872.499474,0.000000,0.612154,-1.100345,0.192342,
1629325872.505031,0.000000,0.611701,-1.100801,0.192217,
1629325872.510590,0.000000,0.611171,-1.101098,0.192176,
1629325872.516145,0.000000,0.610470,-1.101458,0.192105,
1629325872.521708,0.000000,0.609579,-1.101518,0.192416,
1629325872.527308,0.000000,0.608968,-1.102022,0.192202,
1629325872.532820,0.000000,0.608473,-1.102734,0.191989,
1629325872.538365,0.000000,0.607844,-1.102994,0.192038,
1629325872.543921,0.000000,0.607146,-1.103418,0.191900,
1629325872.593957,0.000000,0.601127,-1.106443,0.192218,
1629325872.599487,0.000000,0.600536,-1.106749,0.192246,
1629325872.605043,0.000000,0.599966,-1.107008,0.192040,
1629325872.610600,0.000000,0.598990,-1.107209,0.192353,
1629325872.616154,0.000000,0.598407,-1.107538,0.192318,
1629325872.621705,0.000000,0.597860,-1.107798,0.192283,
1629325872.627271,0.000000,0.597359,-1.108117,0.192258,
1629325872.632819,0.000000,0.596739,-1.108497,0.192101,
1629325872.638371,0.000000,0.596159,-1.108933,0.191998,
1629325872.643939,0.000000,0.595497,-1.109300,0.191949,
1629325872.693894,0.000000,0.589380,-1.112189,0.192405,
1629325872.699447,0.000000,0.588814,-1.112424,0.192422,
1629325872.705005,0.000000,0.587965,-1.112615,0.192655,
1629325872.710567,0.000000,0.587498,-1.112940,0.192536,
1629325872.716120,0.000000,0.586888,-1.113166,0.192556,
1629325872.721680,0.000000,0.586309,-1.113453,0.192549,
1629325872.727232,0.000000,0.585624,-1.113767,0.192368,
1629325872.732879,0.000000,0.584502,-1.114030,0.192449,
1629325872.738337,0.000000,0.583990,-1.114447,0.192311,
1629325872.743893,0.000000,0.583336,-1.114732,0.192265,
1629325872.793894,0.000000,0.577153,-1.117116,0.192475,
1629325872.799463,0.000000,0.576621,-1.117282,0.192578,
1629325872.805027,0.000000,0.575969,-1.117409,0.192537,
1629325872.810570,0.000000,0.575213,-1.117708,0.192563,
1629325872.816142,0.000000,0.574732,-1.117809,0.192541,
1629325872.821701,0.000000,0.573879,-1.118089,0.192562,
1629325872.827237,0.000000,0.573194,-1.118476,0.192329,
1629325872.832805,0.000000,0.572385,-1.118858,0.192151,
1629325872.838341,0.000000,0.571663,-1.119135,0.192086,
1629325872.843935,0.000000,0.570987,-1.119443,0.191988,
1629325872.893905,0.000000,0.564658,-1.121695,0.192269,
1629325872.899484,0.000000,0.563904,-1.121787,0.192693,
1629325872.905024,0.000000,0.563185,-1.122024,0.192633,
1629325872.910597,0.000000,0.562583,-1.122187,0.192726,
1629325872.916147,0.000000,0.561904,-1.122408,0.192740,
1629325872.921696,0.000000,0.561151,-1.122725,0.192636,
1629325872.927247,0.000000,0.560513,-1.123067,0.192602,
1629325872.932804,0.000000,0.559781,-1.123276,0.192618,
1629325872.938364,0.000000,0.559114,-1.123625,0.192492,
1629325872.943923,0.000000,0.558272,-1.123840,0.192448,
1629325872.993921,0.000000,0.551701,-1.125713,0.192635,
1629325872.999509,0.000000,0.551150,-1.125975,0.192523,
1629325873.005042,0.000000,0.550395,-1.126055,0.192630,
1629325873.010594,0.000000,0.549669,-1.126216,0.192651,
1629325873.016149,0.000000,0.549026,-1.126402,0.192654,
1629325873.021802,0.000000,0.548295,-1.126658,0.192637,
1629325873.027272,0.000000,0.547589,-1.126873,0.192623,
1629325873.032811,0.000000,0.546901,-1.127164,0.192538,
1629325873.038340,0.000000,0.546137,-1.127414,0.192444,
1629325873.043934,0.000000,0.545301,-1.127468,0.192513,
1629325873.093922,0.000000,0.538648,-1.129436,0.192449,
1629325873.099474,0.000000,0.537981,-1.129555,0.192727,
1629325873.105023,0.000000,0.537277,-1.129624,0.192813,
1629325873.110607,0.000000,0.536622,-1.129813,0.192737,
1629325873.116127,0.000000,0.535926,-1.129925,0.192786,
1629325873.121678,0.000000,0.535291,-1.130083,0.192695,
1629325873.127261,0.000000,0.534486,-1.130185,0.192750,
1629325873.132803,0.000000,0.533614,-1.130542,0.192680,
1629325873.138352,0.000000,0.532777,-1.130707,0.192721,
1629325873.143913,0.000000,0.532165,-1.131052,0.192652,
1629325873.193908,0.000000,0.525477,-1.132557,0.192541,
1629325873.199465,0.000000,0.524822,-1.132706,0.192533,
1629325873.205031,0.000000,0.523669,-1.132469,0.192817,
1629325873.210584,0.000000,0.523139,-1.132637,0.192674,
1629325873.216145,0.000000,0.522470,-1.132853,0.192659,
1629325873.221691,0.000000,0.521601,-1.132985,0.192915,
1629325873.227245,0.000000,0.520871,-1.133135,0.192957,
1629325873.232803,0.000000,0.519977,-1.133216,0.193147,
1629325873.238363,0.000000,0.519220,-1.133413,0.192936,
1629325873.243923,0.000000,0.518580,-1.133709,0.192673,
1629325873.293941,0.000000,0.511693,-1.134736,0.192733,
1629325873.299523,0.000000,0.511115,-1.134863,0.192723,
1629325873.305034,0.000000,0.510542,-1.134915,0.192696,
1629325873.310580,0.000000,0.509879,-1.134977,0.192762,
1629325873.316221,0.000000,0.509215,-1.134899,0.192842,
1629325873.321697,0.000000,0.508397,-1.135155,0.192689,
1629325873.327315,0.000000,0.507593,-1.135407,0.192993,
1629325873.332801,0.000000,0.506908,-1.135621,0.192843,
1629325873.338354,0.000000,0.506120,-1.135754,0.192539,
1629325873.343919,0.000000,0.505090,-1.135746,0.192669,
1629325873.393910,0.000000,0.497950,-1.136336,0.192802,
1629325873.399473,0.000000,0.497377,-1.136465,0.192603,
1629325873.405022,0.000000,0.496937,-1.136700,0.192772,
1629325873.410568,0.000000,0.496115,-1.136624,0.193117,
1629325873.416132,0.000000,0.495683,-1.136572,0.192934,
1629325873.421689,0.000000,0.494999,-1.136778,0.192951,
1629325873.427239,0.000000,0.494318,-1.136945,0.192614,
1629325873.432793,0.000000,0.493396,-1.137121,0.192834,
1629325873.438348,0.000000,0.492644,-1.137164,0.192922,
1629325873.443908,0.000000,0.492120,-1.137263,0.192730,
1629325873.493908,0.000000,0.485343,-1.137965,0.192493,
1629325873.499529,0.000000,0.484688,-1.137922,0.192622,
1629325873.505021,0.000000,0.483971,-1.137955,0.192949,
1629325873.510572,0.000000,0.483303,-1.137993,0.192928,
1629325873.516139,0.000000,0.482599,-1.137895,0.193327,
1629325873.521681,0.000000,0.481783,-1.137976,0.193182,
1629325873.527246,0.000000,0.481242,-1.138068,0.192948,
1629325873.532794,0.000000,0.480428,-1.138080,0.193024,
1629325873.538349,0.000000,0.479769,-1.138274,0.192795,
1629325873.543909,0.000000,0.479069,-1.138473,0.192398,
1629325873.593913,0.000000,0.471979,-1.138390,0.192339,
1629325873.599456,0.000000,0.471212,-1.138626,0.192441,
1629325873.605105,0.000000,0.470412,-1.138628,0.192476,
1629325873.610576,0.000000,0.469796,-1.138712,0.192419,
1629325873.616139,0.000000,0.469146,-1.138740,0.192514,
1629325873.621690,0.000000,0.468477,-1.138705,0.192468,
1629325873.627236,0.000000,0.467642,-1.138748,0.192371,
1629325873.632800,0.000000,0.466978,-1.138699,0.192412,
1629325873.638321,0.000000,0.466172,-1.138598,0.192669,
1629325873.643875,0.000000,0.465508,-1.138752,0.192487,
1629325873.693870,0.000000,0.458833,-1.138871,0.192476,
1629325873.699507,0.000000,0.458193,-1.138867,0.192867,
1629325873.704996,0.000000,0.457592,-1.138888,0.192850,
1629325873.710541,0.000000,0.457079,-1.138966,0.192832,
1629325873.716097,0.000000,0.456365,-1.138815,0.192982,
1629325873.721647,0.000000,0.455794,-1.138821,0.193001,
1629325873.727200,0.000000,0.454951,-1.138667,0.192910,
1629325873.732768,0.000000,0.454062,-1.138249,0.192932,
1629325873.738332,0.000000,0.453448,-1.138506,0.192385,
1629325873.743871,0.000000,0.452673,-1.138839,0.192177,
1629325873.793894,0.000000,0.445607,-1.138640,0.192277,
1629325873.799423,0.000000,0.444981,-1.138591,0.192323,
1629325873.804988,0.000000,0.444244,-1.138016,0.192764,
1629325873.810542,0.000000,0.443476,-1.138348,0.192259,
1629325873.816095,0.000000,0.442821,-1.138241,0.192236,
1629325873.821662,0.000000,0.442275,-1.138217,0.192250,
1629325873.827201,0.000000,0.441563,-1.138125,0.192281,
1629325873.832771,0.000000,0.440803,-1.137480,0.192894,
1629325873.838320,0.000000,0.440082,-1.137701,0.192105,
1629325873.843862,0.000000,0.439794,-1.138001,0.191453,
1629325873.893995,0.000000,0.432564,-1.137557,0.192301,
1629325873.899464,0.000000,0.431621,-1.137184,0.192493,
1629325873.905019,0.000000,0.431108,-1.137085,0.192584,
1629325873.910570,0.000000,0.430455,-1.137038,0.192546,
1629325873.916128,0.000000,0.429837,-1.136980,0.192530,
1629325873.921702,0.000000,0.429115,-1.136932,0.192510,
1629325873.927242,0.000000,0.428406,-1.136861,0.192530,
1629325873.932789,0.000000,0.427774,-1.136793,0.192552,
1629325873.938345,0.000000,0.427036,-1.136799,0.192418,
1629325873.943911,0.000000,0.426324,-1.136726,0.192421,
1629325873.993892,0.000000,0.419487,-1.135897,0.192542,
1629325873.999459,0.000000,0.418792,-1.135720,0.192608,
1629325874.005022,0.000000,0.417992,-1.135482,0.192620,
1629325874.010578,0.000000,0.417519,-1.135462,0.192511,
1629325874.016124,0.000000,0.416907,-1.135350,0.192429,
1629325874.021692,0.000000,0.416259,-1.135226,0.192567,
1629325874.027236,0.000000,0.415321,-1.135049,0.192741,
1629325874.032787,0.000000,0.414536,-1.134743,0.192868,
1629325874.038430,0.000000,0.413809,-1.134787,0.192925,
1629325874.043898,0.000000,0.413153,-1.134807,0.192673,
1629325874.093892,0.000000,0.406434,-1.133625,0.192496,
1629325874.099449,0.000000,0.405672,-1.133245,0.192873,
1629325874.105004,0.000000,0.404996,-1.133016,0.193258,
1629325874.110555,0.000000,0.404517,-1.132973,0.193222,
1629325874.116118,0.000000,0.403852,-1.133007,0.192437,
1629325874.121669,0.000000,0.403110,-1.132976,0.192706,
1629325874.127225,0.000000,0.402646,-1.132876,0.192850,
1629325874.132785,0.000000,0.401821,-1.132764,0.192665,
1629325874.138344,0.000000,0.400845,-1.132392,0.192507,
1629325874.143893,0.000000,0.400282,-1.132428,0.192334,
