1629325764.000000,319955349.000000,-0.000061,0.000275,0.000385,-0.008329,0.036879,-0.000502,0.999285,-0.001056,-0.000378,0.008242,0.001983,-0.011486,-0.000157,
1629325764.000000,324958324.000000,-0.000065,0.000274,0.000428,-0.008324,0.036861,-0.000489,0.999286,-0.001483,-0.000387,0.008608,-0.003219,-0.000807,0.008493,
1629325764.000000,329961300.000000,-0.000071,0.000273,0.000471,-0.008334,0.036856,-0.000474,0.999286,-0.002112,-0.000401,0.008844,0.001929,-0.011258,-0.001073,
1629325764.000000,334964037.000000,-0.000078,0.000272,0.000509,-0.008319,0.036833,-0.000483,0.999287,-0.002148,-0.000410,0.008311,0.005307,0.006442,-0.000141,
1629325764.000000,339967012.000000,-0.000085,0.000270,0.000552,-0.008315,0.036874,-0.000482,0.999285,-0.002258,-0.000421,0.008457,-0.001189,0.012133,-0.004237,
1629325764.000000,344971180.000000,-0.000092,0.000269,0.000595,-0.008319,0.036875,-0.000496,0.999285,-0.002263,-0.000431,0.008544,-0.000114,-0.008235,-0.001216,
1629325764.000000,349974155.000000,-0.000300,0.000579,-0.000016,-0.008351,0.036867,-0.000489,0.999285,-0.000074,0.003599,0.001612,0.003106,0.001226,0.002124,
1629325764.000000,354977131.000000,-0.000300,0.000597,-0.000008,-0.008347,0.036867,-0.000491,0.999285,0.000144,0.003594,0.002007,-0.001155,-0.013340,-0.002230,
1629325764.000000,359980345.000000,-0.000297,0.000615,0.000002,-0.008354,0.036838,-0.000494,0.999286,0.000463,0.003589,0.002372,-0.003323,0.010569,0.000975,
1629325764.000000,364983082.000000,-0.000295,0.000633,0.000015,-0.008358,0.036882,-0.000491,0.999285,0.000369,0.003579,0.002844,0.000948,-0.000441,-0.001111,
1629325764.000000,415014267.000000,-0.000343,0.000439,0.000492,-0.008326,0.036936,-0.000506,0.999283,-0.001711,-0.000893,0.012892,0.005133,-0.009069,-0.002144,
1629325764.000000,420018435.000000,-0.000348,0.000436,0.000557,-0.008312,0.036833,-0.000513,0.999287,-0.001994,-0.000902,0.013306,-0.002139,-0.075977,0.001974,
1629325764.000000,425021172.000000,-0.000354,0.000431,0.000624,-0.008375,0.036140,-0.000511,0.999312,-0.002388,-0.000939,0.014058,-0.054337,-0.599565,-0.016980,
1629325764.000000,430024385.000000,-0.000154,0.000351,0.000692,-0.008561,0.034083,-0.000620,0.999382,0.018577,-0.008577,0.015864,-0.074867,-0.872712,-0.100070,
1629325764.000000,435027361.000000,-0.000044,0.000303,0.000763,-0.008770,0.032104,-0.000959,0.999446,0.024411,-0.010886,0.016270,-0.090513,-0.708318,-0.182346,
1629325764.000000,440030336.000000,0.000100,0.000244,0.000827,-0.009000,0.030476,-0.001457,0.999494,0.030718,-0.013167,0.016036,-0.057922,-0.609556,-0.228103,
1629325764.000000,445033312.000000,0.000641,0.000118,0.000824,-0.009109,0.029308,-0.002090,0.999527,0.089224,-0.023112,0.009246,-0.027578,-0.225639,-0.298221,
1629325764.000000,450036049.000000,0.002124,-0.000203,0.000096,-0.009189,0.029371,-0.002952,0.999522,0.153940,-0.034261,0.001401,0.018878,0.288801,-0.408007,
1629325764.000000,455039978.000000,0.002963,-0.000394,0.000057,-0.009072,0.030707,-0.004050,0.999479,0.180700,-0.039206,0.001816,0.095757,0.812304,-0.429747,
1629325764.000000,460043192.000000,0.003688,-0.000341,-0.000022,-0.008839,0.033149,-0.005098,0.999398,0.180445,-0.014402,-0.001805,0.082246,1.049209,-0.386716,
1629325764.000000,550099373.000000,0.010732,-0.002847,0.000073,-0.007805,0.036471,-0.023742,0.999022,0.119935,-0.015627,0.008295,-0.015966,0.076287,-0.397099,
1629325764.000000,555103064.000000,0.011262,-0.002952,0.000022,-0.007909,0.036524,-0.024747,0.998995,0.117536,-0.012554,0.001686,-0.034148,-0.018366,-0.413007,
1629325764.000000,560106277.000000,0.011856,-0.003035,-0.000015,-0.008007,0.036489,-0.025825,0.998968,0.121131,-0.008697,-0.000549,-0.002268,0.028959,-0.456674,
1629325764.000000,565109253.000000,0.012471,-0.003102,-0.000061,-0.008028,0.036718,-0.027003,0.998929,0.125053,-0.004796,-0.002326,-0.001886,0.161836,-0.472881,
1629325764.000000,570111990.000000,0.013075,-0.003227,-0.000057,-0.008087,0.037201,-0.028172,0.998878,0.124870,-0.011882,0.004266,-0.011842,0.207713,-0.460991,
1629325764.000000,575115204.000000,0.013701,-0.003323,-0.000079,-0.008140,0.037689,-0.029315,0.998826,0.126926,-0.012369,0.005314,-0.012708,0.189362,-0.451413,
1629325764.000000,580118179.000000,0.014336,-0.003424,-0.000097,-0.008207,0.038102,-0.030431,0.998777,0.129002,-0.012854,0.006317,-0.013886,0.138656,-0.439707,
1629325764.000000,585121155.000000,0.016801,-0.004442,-0.000625,-0.008172,0.037925,-0.031615,0.998747,0.123043,-0.034533,0.023768,0.029735,-0.000972,-0.439746,
1629325764.000000,590124369.000000,0.017404,-0.004661,-0.000527,-0.008058,0.037733,-0.032739,0.998719,0.118969,-0.038383,0.033020,0.098079,-0.124276,-0.457905,
1629325764.000000,595128298.000000,0.017988,-0.004899,-0.000369,-0.007823,0.037475,-0.033914,0.998691,0.114940,-0.042222,0.042945,0.119530,-0.014664,-0.473928,
1629325764.000000,640156269.000000,0.024988,-0.006452,-0.000630,-0.007275,0.036461,-0.043484,0.998362,0.131574,-0.032276,0.002403,0.010695,0.107823,-0.410110,
1629325764.000000,645159245.000000,0.025634,-0.006672,-0.000667,-0.007254,0.036793,-0.044508,0.998305,0.134171,-0.032506,0.001463,0.024613,0.131756,-0.415302,
1629325764.000000,650162458.000000,0.026979,-0.007292,-0.000168,-0.007212,0.037384,-0.045668,0.998231,0.147754,-0.036557,0.014929,0.018407,0.152038,-0.423042,
1629325764.000000,655166388.000000,0.027706,-0.007543,-0.000145,-0.007230,0.037689,-0.046733,0.998170,0.149990,-0.036744,0.015248,-0.014664,0.044126,-0.431433,
1629325764.000000,660169363.000000,0.028445,-0.007797,-0.000115,-0.007331,0.037600,-0.047827,0.998121,0.152321,-0.036911,0.015637,-0.020166,-0.068479,-0.445360,
1629325764.000000,665172100.000000,0.029149,-0.007906,-0.000221,-0.007425,0.037481,-0.048949,0.998070,0.151298,-0.027189,0.006746,-0.024187,-0.002496,-0.455988,
1629325764.000000,670175076.000000,0.029886,-0.008111,-0.000232,-0.007527,0.037601,-0.050083,0.998009,0.152496,-0.025318,0.005736,-0.020135,0.097412,-0.448610,
1629325764.000000,675178289.000000,0.030632,-0.008310,-0.000260,-0.007575,0.037893,-0.051186,0.997941,0.153890,-0.023449,0.004286,0.002347,0.126172,-0.435717,
1629325764.000000,680181265.000000,0.031752,-0.008383,-0.001354,-0.007607,0.037892,-0.052273,0.997885,0.156110,-0.023950,0.004135,-0.013367,0.131312,-0.437913,
1629325764.000000,685184002.000000,0.032516,-0.008585,-0.001379,-0.007675,0.038174,-0.053378,0.997815,0.156259,-0.024167,0.006969,-0.004193,0.084941,-0.445444,
1629325764.000000,730213165.000000,0.038081,-0.010016,-0.001249,-0.006828,0.037234,-0.063068,0.997291,0.124606,-0.032368,0.007880,0.035562,-0.304049,-0.433800,
1629325764.000000,735216379.000000,0.038682,-0.010258,-0.001251,-0.006817,0.036637,-0.064161,0.997244,0.124510,-0.033074,0.006752,0.032336,-0.114025,-0.436073,
1629325764.000000,740219355.000000,0.039394,-0.010473,-0.001275,-0.006795,0.036618,-0.065235,0.997175,0.139982,-0.027229,0.004861,0.016322,0.066302,-0.424243,
1629325764.000000,745222092.000000,0.040085,-0.010697,-0.001303,-0.006782,0.036871,-0.066283,0.997096,0.145886,-0.025283,0.003645,0.016235,0.148265,-0.413607,
1629325764.000000,750225306.000000,0.040350,-0.010535,-0.000711,-0.006782,0.037641,-0.067438,0.996990,0.150305,-0.019549,0.008887,0.004717,0.221401,-0.429590,
1629325764.000000,755228281.000000,0.041099,-0.010731,-0.000729,-0.006796,0.038167,-0.068544,0.996895,0.155783,-0.017532,0.007051,-0.005081,0.179356,-0.450010,
1629325764.000000,760231256.000000,0.041753,-0.010880,-0.000734,-0.006808,0.038442,-0.069669,0.996806,0.148723,-0.012987,0.006585,0.018383,0.041346,-0.447850,
1629325764.000000,765235424.000000,0.042488,-0.011042,-0.000768,-0.006813,0.038384,-0.070792,0.996729,0.150723,-0.010221,0.004381,0.000553,-0.065900,-0.456263,
1629325764.000000,770238400.000000,0.043235,-0.011195,-0.000812,-0.006912,0.038309,-0.071938,0.996649,0.152771,-0.007440,0.002361,-0.033836,0.069022,-0.459605,
1629325764.000000,775241375.000000,0.043962,-0.011355,-0.000839,-0.007031,0.038657,-0.073061,0.996553,0.150922,-0.007993,0.003637,-0.045474,0.151208,-0.440389,
1629325764.000000,820269346.000000,0.049881,-0.013569,-0.001400,-0.006019,0.037918,-0.082110,0.995884,0.113475,-0.034296,0.010845,0.027103,-0.352230,-0.390449,
1629325764.000000,825272322.000000,0.050413,-0.013832,-0.001395,-0.006028,0.037175,-0.083102,0.995829,0.113257,-0.034376,0.005799,0.044153,-0.212007,-0.405425,
1629325764.000000,830275059.000000,0.050945,-0.014096,-0.001413,-0.005975,0.036785,-0.084105,0.995760,0.113418,-0.034444,0.000979,0.050577,-0.119118,-0.390607,
1629325764.000000,835279226.000000,0.051586,-0.014359,-0.001294,-0.005886,0.036575,-0.085065,0.995687,0.127012,-0.032077,0.019950,0.068577,-0.012952,-0.383995,
1629325764.000000,840282202.000000,0.052204,-0.014625,-0.001226,-0.005723,0.036665,-0.086044,0.995600,0.132241,-0.031141,0.024398,0.076190,0.077807,-0.395832,
1629325764.000000,845285177.000000,0.052372,-0.014074,0.000763,-0.005580,0.037381,-0.087156,0.995478,0.135522,-0.022216,0.060313,0.081335,0.150027,-0.401262,
1629325764.000000,850288391.000000,0.052979,-0.014297,0.000997,-0.005353,0.037701,-0.088171,0.995377,0.132043,-0.022310,0.060436,0.110110,0.061223,-0.405520,
1629325764.000000,855291367.000000,0.053637,-0.014522,0.001255,-0.005096,0.037639,-0.089205,0.995289,0.134097,-0.021646,0.063064,0.123036,-0.044093,-0.418267,
1629325764.000000,860294104.000000,0.054306,-0.014746,0.001538,-0.004877,0.037522,-0.090280,0.995197,0.136045,-0.020966,0.066547,0.080486,-0.023393,-0.437476,
1629325764.000000,865298271.000000,0.054970,-0.014961,0.001728,-0.004777,0.037458,-0.091384,0.995100,0.136976,-0.019033,0.054606,0.047163,-0.020072,-0.440736,
1629325764.000000,910326242.000000,0.061884,-0.016844,0.000189,-0.004610,0.037021,-0.101417,0.994144,0.151277,-0.011904,0.002113,-0.003806,0.057740,-0.455727,
1629325764.000000,915329218.000000,0.063031,-0.017169,0.000027,-0.004565,0.037404,-0.102555,0.994013,0.158928,-0.009781,0.004912,-0.006734,0.102037,-0.463162,
1629325764.000000,920332193.000000,0.063800,-0.017376,-0.000011,-0.004618,0.037624,-0.103708,0.993885,0.160042,-0.008241,0.002961,-0.018522,0.075226,-0.456930,
1629325764.000000,925335169.000000,0.064575,-0.017579,-0.000062,-0.004691,0.037777,-0.104823,0.993762,0.161231,-0.006712,0.000794,-0.015368,0.049765,-0.445060,
1629325764.000000,930338144.000000,0.065340,-0.017770,-0.000143,-0.004765,0.037914,-0.105938,0.993638,0.159701,-0.004648,-0.003903,-0.030115,0.073961,-0.456773,
1629325764.000000,935342312.000000,0.066113,-0.017959,-0.000230,-0.004893,0.038132,-0.107073,0.993508,0.159624,-0.002902,-0.006812,-0.052644,0.082823,-0.450555,
1629325764.000000,940345287.000000,0.066885,-0.018140,-0.000331,-0.005063,0.038267,-0.108175,0.993382,0.159438,-0.001166,-0.009839,-0.059006,0.003387,-0.448205,
1629325764.000000,945348263.000000,0.067650,-0.018326,-0.000366,-0.005242,0.038290,-0.109297,0.993258,0.158186,-0.001454,-0.001586,-0.047315,0.056507,-0.455803,
1629325764.000000,950351238.000000,0.068789,-0.018410,-0.000738,-0.005246,0.038541,-0.110469,0.993118,0.162320,0.000027,0.001693,-0.025939,0.103411,-0.443197,
1629325764.000000,955354214.000000,0.069581,-0.018587,-0.000784,-0.005275,0.038800,-0.111549,0.992987,0.162638,0.000924,0.003730,0.018706,0.135269,-0.428194,
1629325765.000000,45411110.000000,0.081457,-0.023763,-0.001532,-0.005169,0.037425,-0.130695,0.990703,0.152630,-0.025426,0.014773,0.032836,0.076115,-0.438144,
1629325765.000000,50414324.000000,0.082177,-0.024091,-0.001512,-0.005072,0.037717,-0.131779,0.990548,0.158024,-0.026612,0.015396,0.049701,0.210446,-0.432806,
1629325765.000000,55417299.000000,0.082889,-0.024325,-0.001612,-0.004918,0.038392,-0.132850,0.990380,0.157713,-0.016678,0.002296,0.014878,0.317334,-0.424314,
1629325765.000000,60420275.000000,0.083638,-0.024611,-0.001658,-0.004872,0.039077,-0.133901,0.990212,0.161448,-0.014235,-0.000460,-0.000560,0.200884,-0.426368,
1629325765.000000,65423250.000000,0.084407,-0.024893,-0.001725,-0.004867,0.039322,-0.134962,0.990058,0.165227,-0.011773,-0.003616,0.000916,0.009591,-0.424354,
1629325765.000000,70426226.000000,0.085132,-0.025151,-0.001739,-0.004935,0.039197,-0.136036,0.989916,0.158370,-0.009576,0.002309,-0.000377,-0.083827,-0.457125,
1629325765.000000,75430155.000000,0.085881,-0.025406,-0.001786,-0.005018,0.039035,-0.137197,0.989762,0.157225,-0.007200,0.002118,-0.023561,-0.015082,-0.463959,
1629325765.000000,80433369.000000,0.087096,-0.025654,-0.002898,-0.005170,0.039153,-0.138314,0.989601,0.156480,-0.002986,-0.007421,-0.049246,-0.029861,-0.449893,
1629325765.000000,85436344.000000,0.087808,-0.025986,-0.002837,-0.005345,0.039015,-0.139410,0.989451,0.154533,-0.014051,0.010730,-0.030197,-0.065780,-0.436187,
1629325765.000000,90439320.000000,0.088536,-0.026274,-0.002815,-0.005394,0.038885,-0.140469,0.989307,0.153769,-0.016185,0.017431,0.047580,-0.034690,-0.423296,
1629325765.000000,135467052.000000,0.093482,-0.028994,-0.001747,-0.004342,0.037699,-0.149999,0.987958,0.130122,-0.022622,0.014241,0.007144,-0.199036,-0.441529,
1629325765.000000,140470266.000000,0.094083,-0.029294,-0.001731,-0.004398,0.037378,-0.151084,0.987804,0.133406,-0.020529,0.012042,0.016845,-0.015117,-0.433015,
1629325765.000000,145474195.000000,0.093288,-0.029239,-0.001213,-0.004488,0.037605,-0.152229,0.987619,0.135982,-0.014535,0.018205,0.031752,0.086720,-0.423422,
1629325765.000000,150477409.000000,0.093962,-0.029530,-0.001176,-0.004396,0.037821,-0.153264,0.987451,0.143208,-0.013343,0.017112,0.043508,0.125911,-0.406486,
1629325765.000000,155480146.000000,0.094646,-0.029812,-0.001151,-0.004295,0.038157,-0.154292,0.987279,0.148467,-0.011480,0.015432,0.015933,0.137159,-0.439197,
1629325765.000000,160483122.000000,0.095359,-0.030096,-0.001137,-0.004289,0.038485,-0.155423,0.987089,0.153904,-0.009564,0.013715,-0.008819,0.151366,-0.457798,
1629325765.000000,165486336.000000,0.096047,-0.030367,-0.001147,-0.004309,0.038843,-0.156542,0.986898,0.152038,-0.008188,0.009462,-0.020383,0.107599,-0.455319,
1629325765.000000,170489311.000000,0.096764,-0.030640,-0.001164,-0.004372,0.039009,-0.157670,0.986711,0.154010,-0.006481,0.007140,-0.006701,0.043353,-0.454430,
1629325765.000000,175492287.000000,0.097492,-0.030909,-0.001191,-0.004393,0.039127,-0.158773,0.986530,0.156068,-0.004772,0.004933,-0.000056,0.068855,-0.438386,
1629325765.000000,180496454.000000,0.097694,-0.031254,-0.002289,-0.004414,0.039047,-0.159882,0.986354,0.140433,-0.011761,-0.000908,-0.019255,0.101129,-0.445735,
1629325765.000000,225524187.000000,0.102658,-0.034473,0.000383,-0.003436,0.039137,-0.169544,0.984739,0.128730,-0.050725,0.118806,0.032927,-0.367075,-0.411762,
1629325765.000000,230527163.000000,0.103197,-0.034569,-0.000216,-0.003591,0.038248,-0.170597,0.984592,0.124231,-0.030659,0.053414,-0.002246,-0.345971,-0.441749,
1629325765.000000,235530138.000000,0.103738,-0.034919,0.000021,-0.003782,0.037517,-0.171698,0.984428,0.122409,-0.029852,0.050970,-0.006635,-0.218240,-0.451363,
1629325765.000000,240533113.000000,0.104282,-0.035267,0.000218,-0.003857,0.037165,-0.172794,0.984249,0.121164,-0.029031,0.047460,0.034937,-0.081945,-0.435385,
1629325765.000000,245537043.000000,0.104358,-0.035458,-0.001199,-0.003790,0.037328,-0.173913,0.984046,0.136351,-0.022834,0.018174,0.062881,0.100792,-0.426745,
1629325765.000000,250540018.000000,0.104977,-0.035804,-0.001156,-0.003610,0.037798,-0.174971,0.983841,0.141745,-0.022405,0.019165,0.035176,0.294938,-0.426817,
1629325765.000000,255543232.000000,0.105623,-0.036158,-0.001111,-0.003482,0.038531,-0.176030,0.983624,0.147101,-0.021954,0.020331,-0.002266,0.249093,-0.432104,
1629325765.000000,260546207.000000,0.106204,-0.036428,-0.001179,-0.003461,0.038946,-0.177107,0.983415,0.141015,-0.015194,0.007907,0.002971,0.109202,-0.442782,
1629325765.000000,265549183.000000,0.106845,-0.036743,-0.001204,-0.003462,0.039110,-0.178213,0.983208,0.142875,-0.012758,0.004216,-0.004194,0.032111,-0.456622,
1629325765.000000,270552158.000000,0.107499,-0.037051,-0.001250,-0.003524,0.039139,-0.179339,0.983002,0.144932,-0.010304,0.000382,-0.003431,0.003399,-0.454574,
1629325765.000000,325587511.000000,0.114925,-0.040911,-0.001437,-0.002740,0.039688,-0.191304,0.980724,0.112374,-0.019499,0.017691,0.007459,-0.289220,-0.426909,
1629325765.000000,330590248.000000,0.115409,-0.041206,-0.001418,-0.002953,0.038848,-0.192374,0.980548,0.108050,-0.017541,0.011771,-0.001287,-0.350625,-0.448207,
1629325765.000000,335592985.000000,0.115865,-0.041482,-0.001402,-0.003101,0.038108,-0.193490,0.980357,0.103516,-0.015608,0.006756,0.038183,-0.221157,-0.458911,
1629325765.000000,340596199.000000,0.116490,-0.041862,-0.001294,-0.003108,0.037733,-0.194604,0.980151,0.122665,-0.018635,0.016397,0.030004,-0.082918,-0.441900,
1629325765.000000,345599174.000000,0.116574,-0.042508,-0.001096,-0.003110,0.037724,-0.195700,0.979933,0.134872,-0.022559,0.024775,0.037979,0.055186,-0.413041,
1629325765.000000,350603104.000000,0.117164,-0.042873,-0.001002,-0.002991,0.037996,-0.196715,0.979720,0.137561,-0.022248,0.027053,0.021496,0.156549,-0.421447,
1629325765.000000,355606318.000000,0.117826,-0.043193,-0.001019,-0.002915,0.038443,-0.197787,0.979486,0.144557,-0.014588,0.017691,0.018795,0.229047,-0.450362,
1629325765.000000,360609055.000000,0.118478,-0.043540,-0.000992,-0.002809,0.038941,-0.198909,0.979240,0.148475,-0.012018,0.015133,0.000177,0.128390,-0.456810,
1629325765.000000,365612030.000000,0.119150,-0.043883,-0.000986,-0.002846,0.039073,-0.200036,0.979005,0.152310,-0.009430,0.012144,0.005986,0.021029,-0.470495,
1629325765.000000,370615244.000000,0.119771,-0.044201,-0.000994,-0.002840,0.039182,-0.201191,0.978764,0.145723,-0.008039,0.008792,-0.004060,0.095502,-0.460088,
1629325765.000000,410640240.000000,0.125297,-0.047194,-0.001115,-0.002165,0.040103,-0.210123,0.976850,0.136368,-0.037641,0.075233,0.083159,0.292922,-0.423673,
1629325765.000000,415643215.000000,0.125826,-0.047468,-0.001171,-0.001938,0.040537,-0.211136,0.976614,0.124880,-0.023252,0.040881,0.066874,0.073936,-0.394054,
1629325765.000000,420647144.000000,0.126368,-0.047836,-0.001039,-0.001844,0.040400,-0.212105,0.976410,0.121222,-0.021928,0.036505,0.045985,-0.137377,-0.413953,
1629325765.000000,425650358.000000,0.126887,-0.048188,-0.000915,-0.001940,0.039870,-0.213163,0.976201,0.117324,-0.020603,0.032443,0.007385,-0.278090,-0.439953,
1629325765.000000,430653334.000000,0.127469,-0.048572,-0.000756,-0.002146,0.039093,-0.214236,0.975997,0.126327,-0.020667,0.036170,0.005237,-0.339675,-0.442942,
1629325765.000000,435656309.000000,0.128012,-0.048932,-0.000623,-0.002317,0.038298,-0.215332,0.975787,0.127196,-0.019877,0.035333,0.036146,-0.281469,-0.455742,
1629325765.000000,440659523.000000,0.128562,-0.049291,-0.000497,-0.002359,0.037800,-0.216442,0.975561,0.128243,-0.019068,0.034792,0.038508,-0.079231,-0.443090,
1629325765.000000,445662260.000000,0.128739,-0.049600,-0.001007,-0.002446,0.037724,-0.217536,0.975320,0.142397,-0.014461,0.021204,0.018095,0.073942,-0.429018,
1629325765.000000,450665951.000000,0.129371,-0.049970,-0.000948,-0.002390,0.037997,-0.218589,0.975074,0.148213,-0.012454,0.019825,0.015869,0.150048,-0.429184,
1629325765.000000,455669165.000000,0.130026,-0.050342,-0.000900,-0.002297,0.038415,-0.219655,0.974818,0.153633,-0.010422,0.018473,0.010701,0.199741,-0.451397,
1629325765.000000,545725346.000000,0.140604,-0.058166,-0.001398,-0.001852,0.037752,-0.239325,0.970204,0.148784,-0.018785,0.015412,0.036348,0.136416,-0.442030,
1629325765.000000,550728321.000000,0.141236,-0.058602,-0.001372,-0.001703,0.038204,-0.240380,0.969925,0.154456,-0.017970,0.015568,0.028725,0.218308,-0.428072,
1629325765.000000,555732250.000000,0.141850,-0.058972,-0.001433,-0.001556,0.038730,-0.241427,0.969645,0.152163,-0.011526,0.005511,0.008653,0.234693,-0.435528,
1629325765.000000,560735226.000000,0.142503,-0.059378,-0.001464,-0.001471,0.039252,-0.242502,0.969355,0.155106,-0.008812,0.002640,-0.002208,0.167407,-0.450499,
1629325765.000000,565737963.000000,0.143177,-0.059781,-0.001514,-0.001450,0.039527,-0.243602,0.969068,0.158228,-0.006075,-0.000485,-0.004177,0.074643,-0.453729,
1629325765.000000,570741177.000000,0.143867,-0.060180,-0.001582,-0.001497,0.039574,-0.244699,0.968790,0.161257,-0.003325,-0.003678,-0.003210,-0.061447,-0.452608,
1629325765.000000,575744152.000000,0.144469,-0.060573,-0.001588,-0.001603,0.039394,-0.245796,0.968519,0.152766,-0.006334,0.001066,-0.015847,-0.020388,-0.453687,
1629325765.000000,580747128.000000,0.144628,-0.061368,-0.002463,-0.001635,0.039431,-0.246884,0.968241,0.144939,-0.013423,-0.006009,-0.044618,0.090108,-0.455847,
1629325765.000000,585750341.000000,0.145230,-0.061772,-0.002557,-0.001751,0.039629,-0.247978,0.967953,0.144092,-0.012646,-0.006892,-0.041583,0.018310,-0.448439,
1629325765.000000,590754271.000000,0.145803,-0.062260,-0.002447,-0.001836,0.039596,-0.249057,0.967677,0.143708,-0.021536,0.012467,0.028688,-0.007123,-0.448336,
1629325765.000000,635782242.000000,0.149758,-0.066244,-0.001174,-0.001040,0.038516,-0.258539,0.965232,0.118784,-0.026652,0.028187,0.014076,-0.244581,-0.436744,
1629325765.000000,640785456.000000,0.150221,-0.066662,-0.001074,-0.001161,0.037988,-0.259589,0.964971,0.121001,-0.026311,0.028809,0.046833,-0.141586,-0.433463,
1629325765.000000,645788431.000000,0.150641,-0.066771,-0.001252,-0.001163,0.038010,-0.260699,0.964671,0.126932,-0.022603,0.023325,0.035561,0.062199,-0.437735,
1629325765.000000,650791168.000000,0.151244,-0.067194,-0.001272,-0.001066,0.038366,-0.261762,0.964369,0.139507,-0.016399,0.014118,0.004322,0.233923,-0.440960,
1629325765.000000,655795336.000000,0.151821,-0.067620,-0.001259,-0.000942,0.038954,-0.262819,0.964058,0.144753,-0.014069,0.011754,0.003325,0.208008,-0.432458,
1629325765.000000,660798311.000000,0.152421,-0.068049,-0.001260,-0.000874,0.039310,-0.263868,0.963757,0.149698,-0.011729,0.009300,0.005513,0.107520,-0.445093,
1629325765.000000,665801287.000000,0.152953,-0.068445,-0.001240,-0.000852,0.039529,-0.264961,0.963448,0.140669,-0.011829,0.010703,-0.002993,0.087472,-0.453822,
1629325765.000000,670804262.000000,0.153530,-0.068854,-0.001241,-0.000876,0.039677,-0.266049,0.963142,0.140380,-0.010459,0.009776,-0.010508,0.005378,-0.452630,
1629325765.000000,675807238.000000,0.154107,-0.069257,-0.001246,-0.000963,0.039626,-0.267137,0.962843,0.140124,-0.009090,0.008746,-0.010489,-0.015642,-0.449498,
1629325765.000000,680809975.000000,0.155053,-0.070091,-0.002216,-0.000999,0.039489,-0.268186,0.962557,0.144319,-0.009927,-0.004314,-0.038040,0.078192,-0.461163,
1629325765.000000,725839138.000000,0.158972,-0.074274,-0.000976,0.000024,0.040267,-0.277679,0.959830,0.109753,-0.031671,0.035278,0.021349,-0.221818,-0.400405,
1629325765.000000,730842352.000000,0.159412,-0.074712,-0.000864,-0.000144,0.039661,-0.278665,0.959569,0.113723,-0.028654,0.030907,0.010933,-0.261962,-0.420748,
1629325765.000000,735845327.000000,0.159824,-0.075137,-0.000756,-0.000337,0.039086,-0.279703,0.959291,0.112865,-0.027367,0.027754,0.008634,-0.190104,-0.444184,
1629325765.000000,740848064.000000,0.160236,-0.075556,-0.000664,-0.000429,0.038743,-0.280774,0.958992,0.112249,-0.026068,0.024466,0.033181,-0.095352,-0.437925,
1629325765.000000,745851278.000000,0.160698,-0.075753,-0.001235,-0.000518,0.038522,-0.281862,0.958681,0.117524,-0.018902,0.012467,0.039776,-0.039292,-0.433457,
1629325765.000000,750854254.000000,0.161147,-0.076149,-0.001223,-0.000464,0.038578,-0.282909,0.958371,0.117537,-0.017574,0.010195,0.020487,0.149595,-0.433586,
1629325765.000000,755858421.000000,0.161598,-0.076541,-0.001222,-0.000336,0.039092,-0.283944,0.958043,0.117533,-0.016250,0.008009,-0.009305,0.219988,-0.431386,
1629325765.000000,760861397.000000,0.162199,-0.076958,-0.001245,-0.000270,0.039530,-0.284977,0.957719,0.127779,-0.010859,0.005681,0.008543,0.152167,-0.430360,
1629325765.000000,765864372.000000,0.162715,-0.077355,-0.001288,-0.000195,0.039748,-0.286021,0.957399,0.130334,-0.008621,0.002417,0.018548,0.015029,-0.444122,
1629325765.000000,770867348.000000,0.163248,-0.077750,-0.001335,-0.000227,0.039739,-0.287104,0.957075,0.132877,-0.006361,-0.000156,-0.006157,0.053862,-0.454912,
1629325765.000000,815895319.000000,0.168604,-0.082684,-0.001525,0.000643,0.040899,-0.296608,0.954123,0.125398,-0.033874,0.045059,0.102488,0.087012,-0.401470,
1629325765.000000,820899248.000000,0.169033,-0.083186,-0.001327,0.000842,0.040914,-0.297578,0.953820,0.122524,-0.036313,0.050355,0.059119,0.000655,-0.406857,
1629325765.000000,825902224.000000,0.169477,-0.083539,-0.001425,0.000818,0.040774,-0.298561,0.953519,0.116183,-0.023058,0.022483,-0.004071,-0.130041,-0.413313,
1629325765.000000,830905199.000000,0.169890,-0.083958,-0.001364,0.000585,0.040258,-0.299547,0.953232,0.112297,-0.020807,0.017828,-0.006253,-0.302117,-0.413296,
1629325765.000000,835908175.000000,0.170288,-0.084355,-0.001326,0.000326,0.039478,-0.300543,0.952951,0.108239,-0.018573,0.012669,0.030087,-0.304716,-0.424953,
1629325765.000000,840911150.000000,0.170745,-0.084821,-0.001230,0.000193,0.038875,-0.301574,0.952650,0.118626,-0.021234,0.020933,0.035601,-0.171820,-0.432525,
1629325765.000000,845914364.000000,0.171618,-0.085426,-0.001940,-0.000031,0.038551,-0.302615,0.952333,0.135322,-0.019101,0.015215,0.021602,0.014538,-0.419690,
1629325765.000000,850917339.000000,0.172124,-0.085899,-0.001909,0.000031,0.038697,-0.303602,0.952013,0.137618,-0.018760,0.016510,0.023729,0.077810,-0.410020,
1629325765.000000,855921507.000000,0.172712,-0.086371,-0.002023,0.000097,0.038882,-0.304591,0.951689,0.147026,-0.012707,0.001953,0.003646,0.114971,-0.422789,
1629325765.000000,860924244.000000,0.173284,-0.086852,-0.002073,0.000150,0.039230,-0.305620,0.951345,0.151520,-0.010498,-0.001285,-0.007242,0.154774,-0.440975,
1629325765.000000,950980186.000000,0.181383,-0.095789,-0.001828,0.000611,0.038744,-0.324228,0.945185,0.134074,-0.017856,0.013534,0.025006,0.094753,-0.426166,
1629325765.000000,955984354.000000,0.181874,-0.096278,-0.001811,0.000724,0.039017,-0.325220,0.944833,0.139351,-0.016130,0.012842,0.019660,0.163932,-0.423665,
1629325765.000000,960987329.000000,0.182390,-0.096777,-0.001798,0.000854,0.039405,-0.326242,0.944464,0.144486,-0.014378,0.012263,0.009021,0.135017,-0.434579,
1629325765.000000,965990305.000000,0.182902,-0.097249,-0.001829,0.000909,0.039661,-0.327277,0.944095,0.143562,-0.010748,0.005910,-0.000601,0.114957,-0.446147,
1629325765.000000,970993280.000000,0.183440,-0.097735,-0.001860,0.000943,0.039910,-0.328336,0.943717,0.145906,-0.008221,0.002978,-0.003787,0.058700,-0.444190,
1629325765.000000,975996256.000000,0.184083,-0.098790,-0.002193,0.000969,0.039996,-0.329325,0.943369,0.154357,-0.008125,-0.006051,-0.008018,-0.004492,-0.430214,
1629325765.000000,980999231.000000,0.184600,-0.099299,-0.002206,0.000907,0.040044,-0.330340,0.943012,0.150624,-0.010324,-0.000653,-0.020779,0.062147,-0.439683,
1629325765.000000,986002207.000000,0.185150,-0.099803,-0.002268,0.000865,0.040287,-0.331385,0.942635,0.150620,-0.009311,-0.001203,-0.042094,0.096751,-0.443085,
1629325765.000000,991006374.000000,0.185704,-0.100307,-0.002344,0.000790,0.040497,-0.332417,0.942262,0.150803,-0.008298,-0.002418,-0.024170,0.049813,-0.439736,
1629325765.000000,996009111.000000,0.186215,-0.100844,-0.002296,0.000732,0.040523,-0.333460,0.941893,0.147588,-0.015820,0.013706,0.000601,-0.045392,-0.446175,
1629325766.000000,41037083.000000,0.190078,-0.105581,-0.001526,0.001240,0.039388,-0.342573,0.938664,0.112144,-0.021217,0.015575,0.004674,-0.206399,-0.434577,
1629325766.000000,46040297.000000,0.190491,-0.106279,-0.001917,0.001023,0.038914,-0.343599,0.938309,0.133077,-0.021367,0.022610,0.032428,-0.112326,-0.420574,
1629325766.000000,51043272.000000,0.190943,-0.106796,-0.001853,0.001032,0.038762,-0.344582,0.937955,0.135505,-0.020393,0.022944,0.036887,0.012783,-0.415245,
1629325766.000000,56047201.000000,0.191406,-0.107317,-0.001785,0.001141,0.038968,-0.345559,0.937587,0.137851,-0.019413,0.023603,0.019697,0.197927,-0.416320,
1629325766.000000,61050415.000000,0.191951,-0.107850,-0.001825,0.001311,0.039474,-0.346539,0.937204,0.147116,-0.013676,0.013369,-0.003685,0.163189,-0.419527,
1629325766.000000,66053152.000000,0.192481,-0.108385,-0.001814,0.001343,0.039708,-0.347535,0.936825,0.151722,-0.011213,0.011267,0.004648,0.070494,-0.434392,
1629325766.000000,71056128.000000,0.193035,-0.108928,-0.001815,0.001363,0.039825,-0.348575,0.936434,0.156305,-0.008715,0.009294,-0.000354,0.014134,-0.450449,
1629325766.000000,76059341.000000,0.193093,-0.109190,-0.002055,0.001503,0.040178,-0.349619,0.936029,0.145538,-0.009653,0.001757,-0.015392,0.042158,-0.450451,
1629325766.000000,81062317.000000,0.193613,-0.109703,-0.002102,0.001463,0.040305,-0.350656,0.935635,0.146529,-0.008152,0.000214,-0.011172,0.025816,-0.435499,
1629325766.000000,86066484.000000,0.194139,-0.110213,-0.002158,0.001428,0.040395,-0.351667,0.935252,0.147466,-0.006655,-0.001341,-0.011051,0.078938,-0.433288,
1629325766.000000,145998716.000000,0.199304,-0.116968,-0.002211,0.001572,0.038881,-0.363732,0.930690,0.124790,-0.023030,0.019688,0.018861,-0.105559,-0.436620,
1629325766.000000,151001692.000000,0.199689,-0.117477,-0.002161,0.001547,0.038796,-0.364723,0.930306,0.124581,-0.022835,0.019605,0.029319,0.046712,-0.414150,
1629325766.000000,156005859.000000,0.200240,-0.118078,-0.002190,0.001685,0.038994,-0.365675,0.929924,0.142977,-0.017860,0.013368,0.037044,0.133851,-0.403477,
1629325766.000000,161008835.000000,0.200718,-0.118639,-0.002180,0.001849,0.039345,-0.366627,0.929534,0.148383,-0.016243,0.011738,0.008223,0.192797,-0.419408,
1629325766.000000,166011810.000000,0.201221,-0.119214,-0.002186,0.001991,0.039791,-0.367621,0.929122,0.153843,-0.014587,0.009767,0.010130,0.161552,-0.431286,
1629325766.000000,171015024.000000,0.201722,-0.119751,-0.002217,0.002059,0.039976,-0.368635,0.928712,0.151937,-0.009872,0.005278,0.008308,-0.009175,-0.444984,
1629325766.000000,176017761.000000,0.202249,-0.120307,-0.002253,0.001972,0.039894,-0.369686,0.928298,0.154171,-0.006967,0.002566,-0.012100,-0.003946,-0.455773,
1629325766.000000,181020737.000000,0.203798,-0.120347,-0.003424,0.002052,0.040219,-0.370717,0.927872,0.160302,0.016939,-0.011602,-0.029115,0.001813,-0.449349,
1629325766.000000,186023951.000000,0.204383,-0.120845,-0.003521,0.001953,0.040256,-0.371739,0.927462,0.158689,0.014945,-0.010832,-0.014296,0.053416,-0.433337,
1629325766.000000,191027880.000000,0.205006,-0.121337,-0.003643,0.001976,0.040482,-0.372731,0.927054,0.159642,0.016336,-0.012059,-0.014042,0.090683,-0.425833,
1629325766.000000,231052637.000000,0.209443,-0.125192,-0.003775,0.003213,0.041502,-0.380767,0.923733,0.133036,0.006393,0.015790,0.024070,-0.106185,-0.402394,
1629325766.000000,236055613.000000,0.209934,-0.125629,-0.003763,0.003036,0.041083,-0.381703,0.923366,0.128225,0.008053,0.009917,0.003970,-0.265565,-0.404530,
1629325766.000000,241058588.000000,0.210412,-0.126043,-0.003779,0.002675,0.040284,-0.382647,0.923012,0.123341,0.009694,0.003684,0.015516,-0.404856,-0.413004,
1629325766.000000,246061802.000000,0.211379,-0.126650,-0.004860,0.002153,0.039291,-0.383670,0.922632,0.147543,0.016885,-0.012303,0.035009,-0.281344,-0.437576,
1629325766.000000,251064777.000000,0.211952,-0.127111,-0.004989,0.002027,0.038897,-0.384699,0.922220,0.150163,0.016928,-0.012659,0.015961,-0.044315,-0.444090,
1629325766.000000,256068945.000000,0.212541,-0.127590,-0.005127,0.002044,0.038962,-0.385701,0.921799,0.153406,0.016984,-0.013210,0.022001,0.084109,-0.420611,
1629325766.000000,261071682.000000,0.213200,-0.128075,-0.005332,0.002211,0.039223,-0.386661,0.921385,0.161869,0.023991,-0.022961,0.044662,0.184202,-0.418309,
1629325766.000000,266074657.000000,0.213856,-0.128569,-0.005515,0.002452,0.039688,-0.387647,0.920950,0.166929,0.026858,-0.026713,0.008538,0.217593,-0.434427,
1629325766.000000,271077871.000000,0.214536,-0.129071,-0.005722,0.002579,0.040158,-0.388651,0.920506,0.172057,0.029762,-0.030685,-0.014186,0.182226,-0.436583,
1629325766.000000,276080847.000000,0.215243,-0.129581,-0.005956,0.002635,0.040432,-0.389653,0.920070,0.177165,0.032687,-0.034511,0.005140,0.008064,-0.436516,
1629325766.000000,326112747.000000,0.221073,-0.134619,-0.005960,0.003897,0.041800,-0.400061,0.915527,0.140303,0.017238,0.024688,0.074344,0.107343,-0.402699,
1629325766.000000,331115723.000000,0.221614,-0.135073,-0.005905,0.004002,0.041697,-0.400968,0.915134,0.135760,0.017719,0.021794,0.054524,-0.127527,-0.394011,
1629325766.000000,336118698.000000,0.222137,-0.135506,-0.005858,0.003815,0.041203,-0.401895,0.914750,0.130893,0.018181,0.019241,-0.001032,-0.265333,-0.411209,
1629325766.000000,341121674.000000,0.222693,-0.135963,-0.005813,0.003447,0.040535,-0.402852,0.914360,0.135154,0.019609,0.018071,-0.006571,-0.325540,-0.422940,
1629325766.000000,346124887.000000,0.223001,-0.136831,-0.006590,0.002903,0.039379,-0.403897,0.913952,0.137836,0.018840,-0.003982,0.021604,-0.324584,-0.429508,
1629325766.000000,351127625.000000,0.223531,-0.137273,-0.006668,0.002664,0.038739,-0.404897,0.913538,0.136631,0.019701,-0.006223,0.045968,-0.170385,-0.443329,
1629325766.000000,356131554.000000,0.224186,-0.137825,-0.006749,0.002676,0.038582,-0.405911,0.913094,0.155186,0.022438,-0.006029,0.033423,0.066428,-0.430708,
1629325766.000000,361134768.000000,0.224800,-0.138336,-0.006836,0.002842,0.038909,-0.406872,0.912652,0.160863,0.023956,-0.006691,0.022438,0.215988,-0.417693,
1629325766.000000,366137743.000000,0.225435,-0.138861,-0.006930,0.003083,0.039422,-0.407825,0.912203,0.166367,0.025495,-0.007274,0.008865,0.224514,-0.414632,
1629325766.000000,371140718.000000,0.226070,-0.139336,-0.007038,0.003249,0.039877,-0.408783,0.911754,0.162360,0.031035,-0.009709,0.004350,0.175414,-0.434711,
1629325766.000000,411165714.000000,0.228502,-0.145131,-0.006526,0.003494,0.040269,-0.417033,0.907992,0.160107,-0.006396,0.039766,0.096118,0.126907,-0.468312,
1629325766.000000,416168928.000000,0.229007,-0.145775,-0.006358,0.003837,0.040423,-0.418082,0.907501,0.160083,-0.009338,0.049282,0.131405,0.129235,-0.443732,
1629325766.000000,421172857.000000,0.229436,-0.146336,-0.006289,0.004242,0.040629,-0.419084,0.907028,0.148820,-0.010770,0.043367,0.117602,0.161346,-0.436133,
1629325766.000000,426175833.000000,0.229880,-0.146944,-0.006118,0.004575,0.040883,-0.420069,0.906559,0.144868,-0.013289,0.047907,0.069589,0.133915,-0.417182,
1629325766.000000,431179047.000000,0.230299,-0.147546,-0.005921,0.004708,0.040980,-0.420993,0.906126,0.140879,-0.015859,0.052291,0.031138,-0.041629,-0.402039,
1629325766.000000,436182022.000000,0.230725,-0.148076,-0.005876,0.004557,0.040614,-0.421904,0.905719,0.134258,-0.008697,0.031705,0.018365,-0.250957,-0.394740,
1629325766.000000,441184759.000000,0.231128,-0.148614,-0.005782,0.004228,0.039908,-0.422819,0.905325,0.129790,-0.007404,0.025949,0.010999,-0.337930,-0.422208,
1629325766.000000,446187735.000000,0.230789,-0.149372,-0.006315,0.003744,0.039015,-0.423874,0.904873,0.119576,-0.007150,-0.001099,0.023751,-0.288162,-0.430164,
1629325766.000000,451190710.000000,0.231271,-0.150041,-0.006249,0.003513,0.038440,-0.424838,0.904446,0.140683,-0.008946,0.010054,0.029259,-0.204082,-0.421412,
1629325766.000000,456194639.000000,0.231693,-0.150620,-0.006245,0.003398,0.038114,-0.425797,0.904009,0.144477,-0.008629,0.010636,0.033354,-0.029853,-0.423601,
1629325766.000000,546251059.000000,0.237319,-0.164058,-0.004143,0.004562,0.038855,-0.443375,0.895482,0.130353,-0.028722,0.026740,0.033286,-0.376433,-0.415111,
1629325766.000000,551254749.000000,0.237607,-0.164661,-0.004063,0.004248,0.038113,-0.444339,0.895038,0.128813,-0.027861,0.025005,0.025991,-0.234250,-0.431305,
1629325766.000000,556257486.000000,0.237892,-0.165260,-0.003989,0.004079,0.037762,-0.445300,0.894575,0.127553,-0.027018,0.023443,0.015106,-0.076007,-0.423762,
1629325766.000000,561260700.000000,0.238272,-0.165949,-0.003937,0.004073,0.037721,-0.446243,0.894107,0.145766,-0.023229,0.020622,0.025831,0.057289,-0.418406,
1629325766.000000,566263676.000000,0.238635,-0.166614,-0.003888,0.004253,0.038014,-0.447185,0.893623,0.152258,-0.021165,0.018754,0.024845,0.241396,-0.425833,
1629325766.000000,571266651.000000,0.239023,-0.167300,-0.003850,0.004553,0.038598,-0.448144,0.893116,0.158769,-0.019069,0.017096,0.010945,0.226664,-0.431242,
1629325766.000000,576269865.000000,0.238574,-0.167784,-0.001767,0.005043,0.039475,-0.449096,0.892597,0.166036,-0.018538,0.035036,0.013995,0.123633,-0.420544,
1629325766.000000,581272840.000000,0.239016,-0.168524,-0.001657,0.005134,0.039652,-0.450039,0.892113,0.172168,-0.016404,0.033412,0.012017,0.029873,-0.433188,
1629325766.000000,586276770.000000,0.239481,-0.169283,-0.001552,0.005098,0.039681,-0.451017,0.891618,0.178302,-0.014237,0.031933,-0.018885,0.018614,-0.436615,
1629325766.000000,591279745.000000,0.239711,-0.169815,-0.001336,0.005030,0.039796,-0.451975,0.891128,0.158123,-0.017140,0.037346,-0.027597,0.028890,-0.428990,
1629325766.000000,636307955.000000,0.242453,-0.175752,-0.000949,0.006007,0.040043,-0.460761,0.886600,0.133318,-0.035565,0.076186,0.089882,-0.127534,-0.390627,
1629325766.000000,641310930.000000,0.241740,-0.175666,-0.002652,0.005753,0.039672,-0.461590,0.886187,0.115973,-0.022848,0.013662,0.002372,-0.247665,-0.402359,
1629325766.000000,646314859.000000,0.241979,-0.176197,-0.002626,0.005320,0.039042,-0.462496,0.885745,0.111647,-0.020883,0.008754,-0.019463,-0.332715,-0.410941,
1629325766.000000,651317835.000000,0.242210,-0.176702,-0.002633,0.004893,0.038305,-0.463429,0.885292,0.107215,-0.018935,0.003214,0.018222,-0.321078,-0.433201,
1629325766.000000,656320572.000000,0.242536,-0.177405,-0.002497,0.004624,0.037708,-0.464410,0.884805,0.127273,-0.021793,0.017306,0.042705,-0.160288,-0.437674,
1629325766.000000,661323786.000000,0.242818,-0.178001,-0.002454,0.004629,0.037546,-0.465370,0.884307,0.130713,-0.021288,0.017776,0.048059,0.049977,-0.430030,
1629325766.000000,666326761.000000,0.243111,-0.178612,-0.002406,0.004820,0.037772,-0.466316,0.883798,0.134176,-0.020773,0.018671,0.028889,0.175085,-0.419482,
1629325766.000000,671329498.000000,0.243458,-0.179234,-0.002436,0.005051,0.038220,-0.467245,0.883287,0.141589,-0.014785,0.008550,-0.003114,0.235279,-0.431021,
1629325766.000000,676332712.000000,0.242226,-0.179183,-0.000613,0.005606,0.039150,-0.468229,0.882722,0.144064,-0.016284,0.019910,0.000908,0.192151,-0.438653,
1629325766.000000,681335688.000000,0.242578,-0.179834,-0.000576,0.005732,0.039399,-0.469196,0.882196,0.148915,-0.013519,0.015700,0.025585,0.028809,-0.440670,
1629325766.000000,726364851.000000,0.244546,-0.185568,-0.001334,0.006088,0.039521,-0.478116,0.877386,0.125203,-0.042062,0.073585,0.120424,0.166537,-0.445044,
1629325766.000000,731367826.000000,0.244717,-0.186225,-0.000984,0.006444,0.039782,-0.479067,0.876853,0.122753,-0.046661,0.084676,0.058525,0.155823,-0.414092,
1629325766.000000,736370802.000000,0.244946,-0.186739,-0.000994,0.006590,0.039897,-0.479959,0.876359,0.114429,-0.033074,0.049971,0.048625,-0.059622,-0.403312,
1629325766.000000,741374731.000000,0.245607,-0.187302,-0.003069,0.006333,0.039465,-0.480831,0.875902,0.104003,-0.019908,0.000828,0.046837,-0.225150,-0.414058,
1629325766.000000,746377945.000000,0.245796,-0.187779,-0.003110,0.006063,0.038897,-0.481759,0.875419,0.098894,-0.018534,-0.005006,0.010568,-0.259615,-0.427879,
1629325766.000000,751380920.000000,0.246075,-0.188359,-0.003015,0.005706,0.038320,-0.482704,0.874926,0.109172,-0.015814,0.006621,0.007152,-0.270147,-0.425847,
1629325766.000000,756383896.000000,0.246302,-0.188859,-0.003018,0.005422,0.037770,-0.483641,0.874434,0.108946,-0.014025,0.005806,0.038192,-0.189964,-0.432064,
1629325766.000000,761386871.000000,0.246537,-0.189357,-0.003028,0.005353,0.037497,-0.484601,0.873915,0.108777,-0.012228,0.005338,0.041521,-0.004433,-0.435437,
1629325766.000000,766389847.000000,0.246834,-0.189934,-0.003065,0.005462,0.037628,-0.485547,0.873383,0.123249,-0.009898,0.002379,0.011621,0.127412,-0.430008,
1629325766.000000,771392584.000000,0.247128,-0.190493,-0.003098,0.005609,0.037948,-0.486488,0.872845,0.128845,-0.007854,0.001213,0.007185,0.153715,-0.435325,
1629325766.000000,816421986.000000,0.249420,-0.197019,-0.004391,0.005853,0.038779,-0.495256,0.867862,0.135964,-0.022687,0.022967,0.093509,0.100176,-0.470513,
1629325766.000000,821424723.000000,0.249667,-0.197670,-0.004287,0.006233,0.038986,-0.496271,0.867269,0.135096,-0.026087,0.032205,0.124291,0.153159,-0.448259,
1629325766.000000,826427698.000000,0.249914,-0.198275,-0.004289,0.006654,0.039157,-0.497225,0.866712,0.129741,-0.022851,0.022048,0.123375,0.171101,-0.428855,
1629325766.000000,831430674.000000,0.250142,-0.198890,-0.004212,0.007060,0.039409,-0.498154,0.866164,0.126645,-0.023643,0.023679,0.086015,0.141288,-0.418355,
1629325766.000000,836433887.000000,0.250359,-0.199498,-0.004137,0.007227,0.039476,-0.499046,0.865645,0.123583,-0.024466,0.025243,0.031685,-0.030599,-0.402320,
1629325766.000000,841437817.000000,0.250343,-0.200691,-0.004734,0.006983,0.039284,-0.499878,0.865176,0.121028,-0.021616,0.009915,0.014409,-0.245053,-0.405410,
1629325766.000000,846441031.000000,0.250553,-0.201262,-0.004732,0.006616,0.038626,-0.500792,0.864680,0.118426,-0.019802,0.006010,0.025252,-0.323499,-0.435299,
1629325766.000000,851443768.000000,0.250768,-0.201825,-0.004756,0.006253,0.037932,-0.501754,0.864155,0.116282,-0.017969,0.002060,0.034810,-0.270473,-0.437601,
1629325766.000000,856446743.000000,0.250979,-0.202369,-0.004799,0.006012,0.037426,-0.502692,0.863634,0.113830,-0.016168,-0.002026,0.028499,-0.164293,-0.427822,
1629325766.000000,861449957.000000,0.251257,-0.203064,-0.004768,0.005911,0.037178,-0.503615,0.863108,0.131255,-0.017420,0.006363,0.040019,-0.028824,-0.420455,
1629325766.000000,921487808.000000,0.254459,-0.210726,-0.004680,0.006750,0.038637,-0.515268,0.856131,0.130180,-0.022554,0.035856,0.108365,0.204939,-0.462073,
1629325766.000000,926490784.000000,0.254663,-0.211362,-0.004523,0.007215,0.038963,-0.516227,0.855535,0.127583,-0.025978,0.044322,0.114518,0.220146,-0.423691,
1629325766.000000,931493759.000000,0.254844,-0.211991,-0.004313,0.007643,0.039195,-0.517113,0.854985,0.124694,-0.029436,0.053031,0.104074,0.085118,-0.406475,
1629325766.000000,936496735.000000,0.255064,-0.212538,-0.004310,0.007771,0.039096,-0.517997,0.854453,0.117686,-0.018911,0.027046,0.050758,-0.063075,-0.414046,
1629325766.000000,941500664.000000,0.256002,-0.213553,-0.005276,0.007558,0.038876,-0.518889,0.853924,0.120536,-0.007908,-0.002083,0.000457,-0.202499,-0.427877,
1629325766.000000,946503878.000000,0.256243,-0.214093,-0.005341,0.007161,0.038299,-0.519820,0.853387,0.117075,-0.005768,-0.008149,0.008994,-0.346531,-0.436473,
1629325766.000000,951506853.000000,0.256530,-0.214762,-0.005310,0.006722,0.037524,-0.520767,0.852848,0.129614,-0.007045,0.002821,0.046380,-0.295448,-0.444920,
1629325766.000000,956509829.000000,0.256794,-0.215354,-0.005355,0.006525,0.037046,-0.521725,0.852284,0.131213,-0.006034,0.001404,0.035954,-0.102904,-0.441825,
1629325766.000000,961513042.000000,0.257067,-0.215955,-0.005402,0.006498,0.036956,-0.522648,0.851722,0.133133,-0.005011,0.000241,0.024942,0.024399,-0.420472,
1629325766.000000,966515779.000000,0.257351,-0.216567,-0.005454,0.006613,0.037087,-0.523536,0.851170,0.135307,-0.003980,-0.000646,0.021987,0.132094,-0.418227,
1629325767.000000,11544704.000000,0.259942,-0.222432,-0.004966,0.007087,0.038732,-0.532178,0.845717,0.140132,0.003326,0.001517,0.014059,-0.034446,-0.460036,
1629325767.000000,16547680.000000,0.260148,-0.223109,-0.004689,0.007091,0.038575,-0.533164,0.845102,0.136638,-0.010818,0.036064,0.087776,-0.068939,-0.470567,
1629325767.000000,21550894.000000,0.260395,-0.223761,-0.004545,0.007247,0.038383,-0.534176,0.844470,0.134542,-0.014925,0.046388,0.125150,0.085668,-0.470704,
1629325767.000000,26553631.000000,0.260620,-0.224420,-0.004330,0.007694,0.038629,-0.535152,0.843837,0.132770,-0.019057,0.057846,0.092198,0.237667,-0.442976,
1629325767.000000,31556606.000000,0.260861,-0.224997,-0.004239,0.008095,0.038962,-0.536051,0.843247,0.125136,-0.012306,0.042054,0.085357,0.133684,-0.405641,
1629325767.000000,36560774.000000,0.261077,-0.225591,-0.004071,0.008288,0.038934,-0.536900,0.842706,0.121213,-0.012143,0.041676,0.070939,-0.055399,-0.401250,
1629325767.000000,41563749.000000,0.260783,-0.226489,-0.004255,0.008137,0.038739,-0.537785,0.842152,0.110330,-0.014655,0.024677,0.027933,-0.175085,-0.429094,
1629325767.000000,46566963.000000,0.261031,-0.227092,-0.004225,0.007810,0.038232,-0.538714,0.841585,0.117175,-0.009308,0.017583,0.000404,-0.297930,-0.439915,
1629325767.000000,51569939.000000,0.261244,-0.227653,-0.004182,0.007350,0.037589,-0.539649,0.841018,0.116403,-0.007455,0.014303,0.011903,-0.277355,-0.449310,
1629325767.000000,56572676.000000,0.261460,-0.228202,-0.004154,0.007071,0.037109,-0.540609,0.840425,0.115652,-0.005595,0.010861,0.033485,-0.157031,-0.451609,
1629325767.000000,151632786.000000,0.264598,-0.240740,-0.003885,0.007669,0.036772,-0.558446,0.828690,0.116728,-0.010578,0.010990,0.026823,-0.273314,-0.443159,
1629325767.000000,156635761.000000,0.264822,-0.241468,-0.003786,0.007381,0.036266,-0.559373,0.828090,0.134075,-0.011153,0.018495,0.035440,-0.124034,-0.445317,
1629325767.000000,161638737.000000,0.265029,-0.242123,-0.003739,0.007408,0.036224,-0.560297,0.827466,0.138209,-0.010164,0.018186,0.031139,0.099478,-0.443214,
1629325767.000000,166641951.000000,0.265247,-0.242795,-0.003695,0.007648,0.036528,-0.561212,0.826830,0.142306,-0.009159,0.018089,0.020493,0.204291,-0.443168,
1629325767.000000,171645880.000000,0.265497,-0.243452,-0.003701,0.007954,0.036966,-0.562121,0.826190,0.143694,-0.003417,0.011120,0.019358,0.226421,-0.434722,
1629325767.000000,176648855.000000,0.265221,-0.243710,-0.002908,0.008548,0.037629,-0.563066,0.825511,0.145602,-0.001734,0.015293,0.005634,0.122965,-0.453711,
1629325767.000000,181651831.000000,0.265494,-0.244402,-0.002900,0.008604,0.037794,-0.564024,0.824848,0.148575,0.001224,0.012411,-0.004111,0.074110,-0.463627,
1629325767.000000,186654806.000000,0.265716,-0.245036,-0.002855,0.008605,0.037911,-0.564974,0.824192,0.141334,-0.000467,0.014663,-0.019923,-0.029396,-0.465502,
1629325767.000000,191658020.000000,0.265974,-0.245697,-0.002838,0.008428,0.037831,-0.565933,0.823540,0.140611,0.000922,0.013907,-0.016953,-0.014181,-0.458246,
1629325767.000000,196660995.000000,0.266234,-0.246349,-0.002818,0.008437,0.037983,-0.566867,0.822890,0.139764,0.002295,0.013355,-0.023058,0.107930,-0.459088,
1629325767.000000,241689682.000000,0.267489,-0.253681,-0.004986,0.009226,0.037841,-0.574997,0.817228,0.113615,-0.008745,-0.002958,0.008562,-0.259244,-0.401548,
1629325767.000000,246692657.000000,0.267638,-0.254215,-0.005052,0.008788,0.037233,-0.575864,0.816650,0.108934,-0.006507,-0.009067,0.015110,-0.306797,-0.435866,
1629325767.000000,251695871.000000,0.267813,-0.254895,-0.005009,0.008355,0.036613,-0.576777,0.816038,0.121912,-0.008414,0.001458,0.018320,-0.283229,-0.445487,
1629325767.000000,256698847.000000,0.267978,-0.255483,-0.005041,0.008025,0.036111,-0.577686,0.815421,0.122766,-0.007468,0.000853,0.033155,-0.158570,-0.437971,
1629325767.000000,261703014.000000,0.268147,-0.256075,-0.005075,0.007945,0.035902,-0.578580,0.814797,0.123552,-0.006522,0.000515,0.033318,-0.018173,-0.435795,
1629325767.000000,266705751.000000,0.268362,-0.256737,-0.005152,0.008059,0.036016,-0.579472,0.814156,0.135791,-0.003145,-0.004629,0.019345,0.189826,-0.439030,
1629325767.000000,271708727.000000,0.268575,-0.257391,-0.005225,0.008405,0.036516,-0.580362,0.813496,0.141151,-0.001186,-0.006927,0.002359,0.239960,-0.437969,
1629325767.000000,276711941.000000,0.268804,-0.258068,-0.005317,0.008642,0.036901,-0.581252,0.812841,0.146455,0.000800,-0.009521,0.012844,0.143516,-0.443249,
1629325767.000000,281714916.000000,0.269043,-0.258300,-0.004255,0.009091,0.037413,-0.582230,0.812112,0.148004,0.002450,0.001926,0.010945,0.060988,-0.459295,
1629325767.000000,286717892.000000,0.269293,-0.258993,-0.004300,0.009109,0.037512,-0.583171,0.811432,0.148310,0.004239,0.000172,-0.010518,0.040631,-0.463652,
1629325767.000000,331746578.000000,0.272218,-0.265195,-0.006200,0.009634,0.037891,-0.591420,0.805416,0.126963,0.008364,-0.004025,0.089630,0.090443,-0.429504,
1629325767.000000,336749792.000000,0.272436,-0.265768,-0.006281,0.009819,0.037923,-0.592273,0.804785,0.122134,0.007511,-0.004090,0.039545,-0.010456,-0.407260,
1629325767.000000,341752768.000000,0.272640,-0.266317,-0.006367,0.009683,0.037704,-0.593077,0.804205,0.117210,0.006624,-0.004728,0.019035,-0.166972,-0.394289,
1629325767.000000,346755743.000000,0.272882,-0.266860,-0.006526,0.009335,0.037208,-0.593885,0.803635,0.116019,0.011970,-0.016251,0.016093,-0.317002,-0.402906,
1629325767.000000,351758718.000000,0.272950,-0.267198,-0.006210,0.008672,0.036536,-0.594751,0.803033,0.110825,0.009863,-0.002002,0.023383,-0.269225,-0.421079,
1629325767.000000,356762648.000000,0.273159,-0.267706,-0.006264,0.008379,0.036111,-0.595622,0.802409,0.108307,0.011476,-0.004728,0.011866,-0.152683,-0.439214,
1629325767.000000,361765862.000000,0.273424,-0.268404,-0.006245,0.008193,0.035868,-0.596503,0.801767,0.128063,0.011994,0.003302,0.029634,-0.073637,-0.427601,
1629325767.000000,366768837.000000,0.273672,-0.269014,-0.006280,0.008222,0.035805,-0.597361,0.801130,0.133112,0.013315,0.003170,0.033255,0.075566,-0.436901,
1629325767.000000,371771812.000000,0.273934,-0.269649,-0.006312,0.008454,0.036100,-0.598247,0.800454,0.138261,0.014670,0.003545,0.007434,0.226348,-0.437239,
1629325767.000000,376775026.000000,0.274226,-0.270272,-0.006401,0.008795,0.036602,-0.599104,0.799786,0.140033,0.020284,-0.004219,0.003161,0.242498,-0.430582,
1629325767.000000,421802998.000000,0.275174,-0.275934,-0.007589,0.009059,0.037585,-0.607149,0.793647,0.129106,0.005597,0.015691,0.103316,0.015749,-0.454044,
1629325767.000000,426806688.000000,0.275353,-0.276533,-0.007517,0.009290,0.037431,-0.608070,0.792946,0.124732,0.001315,0.026772,0.157386,0.053912,-0.446957,
1629325767.000000,431809664.000000,0.275515,-0.277129,-0.007354,0.009667,0.037427,-0.608949,0.792267,0.120450,-0.002958,0.040185,0.063393,0.110034,-0.443348,
1629325767.000000,436812878.000000,0.275654,-0.277719,-0.007120,0.009821,0.037613,-0.609829,0.791579,0.116246,-0.007256,0.053893,0.025750,0.098993,-0.435173,
1629325767.000000,441815615.000000,0.275934,-0.278246,-0.007321,0.010003,0.037634,-0.610675,0.790924,0.115628,0.010488,0.012361,0.102213,-0.019129,-0.422128,
1629325767.000000,446818590.000000,0.275279,-0.278960,-0.007329,0.010046,0.037479,-0.611527,0.790271,0.113387,0.017951,0.005142,0.065293,-0.109949,-0.423309,
1629325767.000000,451822758.000000,0.275515,-0.279480,-0.007353,0.009801,0.037242,-0.612353,0.789646,0.110432,0.020970,0.002117,-0.075798,-0.150875,-0.401096,
1629325767.000000,456825733.000000,0.275720,-0.280059,-0.007333,0.009264,0.036999,-0.613147,0.789048,0.113115,0.017633,0.004316,-0.075333,-0.275607,-0.426264,
1629325767.000000,461828947.000000,0.275945,-0.280574,-0.007353,0.008759,0.036407,-0.614007,0.788412,0.110431,0.018724,0.003331,0.094339,-0.284013,-0.413058,
1629325767.000000,466831923.000000,0.276170,-0.281072,-0.007355,0.008639,0.035775,-0.614816,0.787812,0.107552,0.019775,0.004256,0.112421,-0.160465,-0.413428,
1629325767.000000,511859894.000000,0.275221,-0.287204,-0.009491,0.008966,0.036894,-0.622713,0.781528,0.136600,0.015852,-0.033470,-0.038570,0.022500,-0.451260,
1629325767.000000,516862869.000000,0.275277,-0.287857,-0.009354,0.008971,0.036977,-0.623579,0.780834,0.130876,-0.002197,0.005600,0.052611,0.016867,-0.436309,
1629325767.000000,521866083.000000,0.275401,-0.288507,-0.009362,0.009178,0.036865,-0.624440,0.780149,0.129238,-0.006354,0.016080,0.144768,0.076163,-0.441570,
1629325767.000000,526870012.000000,0.275504,-0.289150,-0.009275,0.009631,0.036933,-0.625331,0.779426,0.127270,-0.010485,0.028787,0.113955,0.190351,-0.462940,
1629325767.000000,531872749.000000,0.275629,-0.289708,-0.009307,0.010090,0.037255,-0.626231,0.778682,0.118107,-0.005617,0.016807,0.051748,0.251568,-0.447125,
1629325767.000000,536875725.000000,0.275726,-0.290285,-0.009265,0.010482,0.037594,-0.627063,0.777990,0.113486,-0.006209,0.019282,0.068683,0.116740,-0.410719,
1629325767.000000,541878700.000000,0.275816,-0.290842,-0.009204,0.010579,0.037451,-0.627855,0.777357,0.108718,-0.006831,0.021872,0.077636,-0.137278,-0.401083,
1629325767.000000,546881676.000000,0.274802,-0.290739,-0.009230,0.010350,0.037201,-0.628741,0.776655,0.095834,-0.012002,0.001864,0.027622,-0.234314,-0.410846,
1629325767.000000,551885843.000000,0.274922,-0.291225,-0.009359,0.009908,0.036717,-0.629562,0.776019,0.094997,-0.004663,-0.009655,-0.019513,-0.307366,-0.430015,
1629325767.000000,556888580.000000,0.274995,-0.291680,-0.009448,0.009306,0.036104,-0.630407,0.775369,0.090944,-0.003032,-0.013520,-0.005693,-0.328425,-0.425889,
1629325767.000000,646945477.000000,0.277226,-0.303483,-0.011055,0.010886,0.036952,-0.645700,0.762619,0.090180,-0.006964,0.001408,0.071541,-0.290803,-0.388751,
1629325767.000000,651948690.000000,0.277263,-0.303914,-0.011081,0.010386,0.036290,-0.646481,0.761995,0.082333,-0.006690,0.000009,-0.006487,-0.351689,-0.417707,
1629325767.000000,656951666.000000,0.277373,-0.304546,-0.011155,0.009762,0.035729,-0.647296,0.761338,0.103974,-0.001674,-0.004425,-0.041822,-0.267364,-0.427350,
1629325767.000000,661954641.000000,0.277452,-0.305060,-0.011209,0.009302,0.035356,-0.648103,0.760674,0.105780,0.000215,-0.006140,-0.006645,-0.224989,-0.415594,
1629325767.000000,666957855.000000,0.277540,-0.305579,-0.011277,0.009005,0.034971,-0.648893,0.760023,0.107474,0.002106,-0.008245,0.051036,-0.097100,-0.411246,
1629325767.000000,671960831.000000,0.277637,-0.306107,-0.011369,0.009113,0.034914,-0.649684,0.759347,0.109333,0.004001,-0.010934,0.057595,0.113635,-0.416629,
1629325767.000000,676963568.000000,0.277753,-0.306743,-0.011411,0.009445,0.035197,-0.650485,0.758644,0.122319,0.005096,-0.005967,0.023345,0.231140,-0.430440,
1629325767.000000,681967735.000000,0.278463,-0.307443,-0.011049,0.010066,0.035786,-0.651435,0.757793,0.137885,0.010704,-0.003064,-0.004265,0.210891,-0.435979,
1629325767.000000,686970711.000000,0.278623,-0.308126,-0.011119,0.010263,0.036117,-0.652266,0.757060,0.143646,0.012465,-0.004807,-0.015987,0.101491,-0.451834,
1629325767.000000,691973925.000000,0.278803,-0.308660,-0.011213,0.010315,0.036282,-0.653123,0.756312,0.131592,0.017844,-0.009064,-0.003236,0.066115,-0.445661,
1629325767.000000,742005825.000000,0.278389,-0.314055,-0.012786,0.011380,0.036793,-0.661584,0.748881,0.097036,-0.006424,0.010464,0.050155,0.020280,-0.396666,
1629325767.000000,747008562.000000,0.277370,-0.313396,-0.012776,0.011509,0.036762,-0.662411,0.748150,0.077673,-0.012932,0.013498,0.032944,-0.169668,-0.386129,
1629325767.000000,752011776.000000,0.277395,-0.313830,-0.012872,0.011052,0.036162,-0.663151,0.747530,0.078721,-0.008940,-0.001035,0.032177,-0.427204,-0.391568,
1629325767.000000,757014751.000000,0.277402,-0.314218,-0.012908,0.010296,0.035272,-0.663918,0.746902,0.074943,-0.008051,-0.004977,0.016109,-0.415736,-0.421274,
1629325767.000000,762017488.000000,0.277407,-0.314586,-0.012957,0.009702,0.034670,-0.664743,0.746204,0.071181,-0.007184,-0.008446,-0.031679,-0.270200,-0.447045,
1629325767.000000,767020702.000000,0.277439,-0.315104,-0.012932,0.009296,0.034380,-0.665572,0.745483,0.091351,-0.005714,0.001105,0.001843,-0.076100,-0.433197,
1629325767.000000,772023678.000000,0.277467,-0.315574,-0.012948,0.009344,0.034350,-0.666361,0.744779,0.097077,-0.004575,0.001913,0.051517,0.054171,-0.413873,
1629325767.000000,777027845.000000,0.277502,-0.316072,-0.012966,0.009595,0.034474,-0.667131,0.744081,0.102692,-0.003417,0.002904,0.059751,0.204490,-0.412826,
1629325767.000000,782030821.000000,0.278437,-0.316930,-0.013003,0.010323,0.035076,-0.668074,0.743196,0.120503,0.003609,0.009541,0.015356,0.279606,-0.432164,
1629325767.000000,787033796.000000,0.278593,-0.317461,-0.013121,0.010646,0.035523,-0.668880,0.742445,0.119178,0.012997,-0.001862,-0.021260,0.156272,-0.436572,
1629325767.000000,832061768.000000,0.278914,-0.323911,-0.016021,0.010557,0.035483,-0.676341,0.735658,0.115772,-0.001469,0.001708,0.106806,0.222399,-0.470687,
1629325767.000000,837064981.000000,0.278943,-0.324484,-0.016028,0.011125,0.035835,-0.677195,0.734846,0.112609,-0.005130,0.011459,0.064158,0.244746,-0.441154,
1629325767.000000,842068911.000000,0.278955,-0.325044,-0.015987,0.011493,0.036054,-0.677963,0.734122,0.109394,-0.008817,0.020613,0.082978,0.096615,-0.403506,
1629325767.000000,847071886.000000,0.278341,-0.326022,-0.016196,0.011873,0.035993,-0.678765,0.733377,0.094955,-0.012066,-0.007707,0.068749,-0.095035,-0.394142,
1629325767.000000,852074862.000000,0.278313,-0.326481,-0.016274,0.011628,0.035619,-0.679499,0.732719,0.088052,-0.011382,-0.012812,0.027833,-0.208040,-0.398416,
1629325767.000000,857077837.000000,0.278285,-0.326901,-0.016377,0.011170,0.035127,-0.680249,0.732054,0.080987,-0.010716,-0.018062,-0.006046,-0.351092,-0.412271,
1629325767.000000,862080574.000000,0.278264,-0.327435,-0.016428,0.010430,0.034426,-0.681027,0.731374,0.094382,-0.010686,-0.011777,-0.003119,-0.395792,-0.427222,
1629325767.000000,867084742.000000,0.278243,-0.327908,-0.016516,0.009885,0.033856,-0.681832,0.730659,0.095523,-0.010238,-0.012822,0.017393,-0.193128,-0.444223,
1629325767.000000,872087717.000000,0.278224,-0.328385,-0.016610,0.009727,0.033661,-0.682649,0.729906,0.096875,-0.009777,-0.013715,0.025823,-0.024914,-0.437967,
1629325767.000000,877090693.000000,0.278236,-0.328952,-0.016720,0.009849,0.033707,-0.683430,0.729171,0.110305,-0.005658,-0.015273,0.050272,0.161684,-0.417593,
1629325767.000000,927121878.000000,0.277879,-0.336337,-0.018987,0.010539,0.034504,-0.691499,0.721476,0.121340,-0.012801,0.001761,0.085795,0.096034,-0.465772,
1629325767.000000,932125807.000000,0.277831,-0.336947,-0.018993,0.010928,0.034602,-0.692354,0.720645,0.121565,-0.016428,0.010934,0.109232,0.197575,-0.472255,
1629325767.000000,937129021.000000,0.277766,-0.337565,-0.018949,0.011536,0.034914,-0.693195,0.719812,0.122050,-0.020048,0.020685,0.091160,0.341599,-0.456269,
1629325767.000000,942131758.000000,0.277731,-0.338065,-0.018992,0.012205,0.035380,-0.693983,0.719018,0.106803,-0.015680,0.010374,0.070732,0.232659,-0.420041,
1629325767.000000,947134733.000000,0.276998,-0.338684,-0.019169,0.012659,0.035379,-0.694784,0.718237,0.090461,-0.023349,0.005747,0.078361,-0.067420,-0.382861,
1629325767.000000,952137947.000000,0.276893,-0.339122,-0.019164,0.012434,0.034932,-0.695484,0.717584,0.083647,-0.023941,0.005909,0.056205,-0.277465,-0.398645,
1629325767.000000,957141876.000000,0.276833,-0.339572,-0.019290,0.011877,0.034297,-0.696240,0.716891,0.082975,-0.018862,-0.008073,0.005985,-0.371591,-0.420284,
1629325767.000000,962144852.000000,0.276751,-0.339976,-0.019363,0.011177,0.033667,-0.697008,0.716185,0.078391,-0.017652,-0.012271,-0.022842,-0.343127,-0.429690,
1629325767.000000,967147827.000000,0.276672,-0.340354,-0.019460,0.010568,0.033167,-0.697797,0.715449,0.073740,-0.016453,-0.016939,-0.013271,-0.277015,-0.442546,
1629325767.000000,972150564.000000,0.276587,-0.340876,-0.019496,0.010221,0.032819,-0.698589,0.714697,0.092451,-0.017710,-0.008998,0.045278,-0.053295,-0.429836,
1629325768.000000,17178774.000000,0.277933,-0.347439,-0.021669,0.011170,0.033904,-0.705729,0.707582,0.116539,0.010153,-0.024046,-0.030062,0.063605,-0.426849,
1629325768.000000,22181749.000000,0.277888,-0.348041,-0.021719,0.011132,0.033967,-0.706480,0.706830,0.117036,0.002218,-0.013393,0.003054,-0.025714,-0.435166,
1629325768.000000,27185917.000000,0.277895,-0.348619,-0.021813,0.011137,0.033912,-0.707282,0.706030,0.116362,0.001224,-0.009932,0.065822,0.050105,-0.468335,
1629325768.000000,32188654.000000,0.277898,-0.349195,-0.021888,0.011413,0.033916,-0.708124,0.705180,0.115999,0.000248,-0.006158,0.106553,0.077780,-0.471641,
1629325768.000000,37191868.000000,0.277845,-0.349737,-0.021830,0.011750,0.033900,-0.708952,0.704344,0.109621,-0.008182,0.013277,0.123410,0.168568,-0.461900,
1629325768.000000,42194843.000000,0.277794,-0.350280,-0.021776,0.012303,0.034109,-0.709753,0.703517,0.106525,-0.012162,0.022570,0.081085,0.228237,-0.438587,
1629325768.000000,47197819.000000,0.277436,-0.351163,-0.021289,0.012954,0.034318,-0.710551,0.702689,0.091636,-0.028859,0.043800,0.053082,0.112243,-0.397112,
1629325768.000000,52201986.000000,0.277419,-0.351512,-0.021512,0.012980,0.034206,-0.711231,0.702005,0.078347,-0.017211,0.005959,0.046947,-0.186254,-0.379947,
1629325768.000000,57204962.000000,0.277333,-0.351886,-0.021516,0.012473,0.033611,-0.711927,0.701338,0.071652,-0.016484,0.000132,0.033040,-0.367655,-0.403410,
1629325768.000000,62207699.000000,0.277245,-0.352225,-0.021547,0.011830,0.032968,-0.712677,0.700617,0.064841,-0.015794,-0.005423,-0.008369,-0.328928,-0.436535,
1629325768.000000,117164373.000000,0.277049,-0.360749,-0.024350,0.011464,0.032763,-0.721143,0.691916,0.124858,0.006272,-0.027906,-0.044433,0.170395,-0.442005,
1629325768.000000,122168541.000000,0.277052,-0.361367,-0.024547,0.011622,0.033073,-0.721894,0.691115,0.125721,0.007258,-0.029770,-0.007247,0.092638,-0.432456,
1629325768.000000,127171516.000000,0.276971,-0.361954,-0.024507,0.011748,0.033116,-0.722649,0.690321,0.119373,-0.005592,-0.000423,0.084433,0.030835,-0.448287,
1629325768.000000,132174492.000000,0.276904,-0.362546,-0.024507,0.011988,0.033018,-0.723458,0.689475,0.117159,-0.010148,0.010008,0.109337,0.095279,-0.476152,
1629325768.000000,137177467.000000,0.276814,-0.363125,-0.024465,0.012396,0.033140,-0.724280,0.688598,0.115130,-0.014702,0.020540,0.077037,0.221705,-0.466636,
1629325768.000000,142180443.000000,0.276704,-0.363697,-0.024370,0.012853,0.033360,-0.725058,0.687760,0.113015,-0.019260,0.031364,0.087548,0.110356,-0.437748,
1629325768.000000,147183657.000000,0.277052,-0.364547,-0.024229,0.013307,0.033213,-0.725824,0.686949,0.088563,-0.016327,0.017286,0.118713,0.041851,-0.414409,
1629325768.000000,152187586.000000,0.276947,-0.364970,-0.024167,0.013454,0.033045,-0.726526,0.686213,0.081367,-0.017885,0.018051,0.059403,-0.096511,-0.391014,
1629325768.000000,157190561.000000,0.276836,-0.365355,-0.024101,0.013137,0.032708,-0.727200,0.685521,0.074006,-0.019488,0.018762,0.007660,-0.218649,-0.393015,
1629325768.000000,162193537.000000,0.276808,-0.365821,-0.024274,0.012637,0.032282,-0.727903,0.684803,0.079761,-0.010063,-0.005017,-0.015396,-0.325642,-0.418686,
1629325768.000000,252250433.000000,0.277244,-0.377836,-0.026640,0.013793,0.032024,-0.741353,0.670209,0.095970,-0.019037,0.023442,0.090361,-0.115315,-0.401923,
1629325768.000000,257253408.000000,0.277245,-0.378202,-0.026891,0.013598,0.031667,-0.742044,0.669465,0.083572,-0.007686,-0.006571,0.029738,-0.162745,-0.413667,
1629325768.000000,262256622.000000,0.277169,-0.378594,-0.026955,0.013177,0.031343,-0.742750,0.668705,0.077497,-0.006732,-0.011147,-0.023880,-0.284839,-0.418035,
1629325768.000000,267259598.000000,0.277098,-0.378954,-0.027051,0.012534,0.030844,-0.743456,0.667955,0.071459,-0.005802,-0.016952,0.020760,-0.295706,-0.416881,
1629325768.000000,272262573.000000,0.277014,-0.379418,-0.027111,0.012112,0.030364,-0.744172,0.667188,0.083836,-0.005713,-0.012170,0.043685,-0.222560,-0.429660,
1629325768.000000,277266741.000000,0.277754,-0.380777,-0.026762,0.011846,0.030101,-0.745002,0.666278,0.099126,0.000181,0.010324,0.048794,-0.006672,-0.429878,
1629325768.000000,282269478.000000,0.277702,-0.381276,-0.026725,0.012051,0.030177,-0.745710,0.665478,0.100464,0.000824,0.013389,0.025643,0.113619,-0.420218,
1629325768.000000,287272453.000000,0.277701,-0.381879,-0.026843,0.012260,0.030368,-0.746407,0.664683,0.112301,0.008281,-0.000701,0.007196,0.151518,-0.424441,
1629325768.000000,292275429.000000,0.277681,-0.382453,-0.026888,0.012573,0.030655,-0.747120,0.663863,0.116887,0.011069,-0.003262,0.011643,0.177625,-0.439393,
1629325768.000000,297278404.000000,0.277671,-0.383051,-0.026948,0.012817,0.030886,-0.747852,0.663023,0.121597,0.013884,-0.005672,0.003127,0.088554,-0.443711,
1629325768.000000,347310543.000000,0.277216,-0.390175,-0.028288,0.014090,0.031012,-0.755353,0.654433,0.090906,-0.009555,0.022168,0.044694,0.205021,-0.438688,
1629325768.000000,352313519.000000,0.277113,-0.390614,-0.028178,0.014324,0.031120,-0.756037,0.653631,0.085168,-0.009337,0.022479,0.057286,-0.049029,-0.401242,
1629325768.000000,357316494.000000,0.277016,-0.391007,-0.028080,0.014073,0.030683,-0.756701,0.652888,0.078637,-0.009153,0.021929,0.095962,-0.278093,-0.405392,
1629325768.000000,362319708.000000,0.276915,-0.391376,-0.028025,0.013618,0.030072,-0.757400,0.652117,0.072580,-0.009032,0.019677,0.037631,-0.270517,-0.427940,
1629325768.000000,367323399.000000,0.276840,-0.391835,-0.028010,0.013119,0.029693,-0.758116,0.651312,0.079709,-0.004278,0.014032,-0.026825,-0.235897,-0.439642,
1629325768.000000,372326374.000000,0.276766,-0.392221,-0.027950,0.012601,0.029365,-0.758836,0.650498,0.077770,-0.002607,0.012520,-0.005475,-0.231978,-0.433290,
1629325768.000000,377329588.000000,0.276582,-0.393867,-0.029564,0.012113,0.028894,-0.759606,0.649628,0.091637,0.000737,-0.032329,0.052245,-0.086436,-0.435348,
1629325768.000000,382332563.000000,0.276464,-0.394464,-0.029595,0.012219,0.028810,-0.760321,0.648793,0.106578,-0.000739,-0.019193,0.061036,0.103841,-0.433405,
1629325768.000000,387335539.000000,0.276374,-0.394993,-0.029722,0.012574,0.029013,-0.761010,0.647969,0.110517,0.000069,-0.019153,0.022482,0.219253,-0.420506,
1629325768.000000,392338753.000000,0.276285,-0.395541,-0.029850,0.012966,0.029358,-0.761692,0.647144,0.114166,0.000894,-0.019239,0.001083,0.169864,-0.436411,
1629325768.000000,442370415.000000,0.275283,-0.402388,-0.030849,0.013946,0.029959,-0.769062,0.638319,0.108334,-0.008214,0.015788,0.127015,0.214103,-0.456960,
1629325768.000000,447373629.000000,0.274994,-0.403322,-0.030720,0.014525,0.029861,-0.769836,0.637377,0.097201,-0.015389,0.021143,0.065174,0.174280,-0.426153,
1629325768.000000,452376604.000000,0.274827,-0.403781,-0.030628,0.014798,0.029970,-0.770494,0.636570,0.092783,-0.017293,0.025640,0.043714,0.029613,-0.405818,
1629325768.000000,457380295.000000,0.274725,-0.404174,-0.030745,0.014636,0.029724,-0.771146,0.635796,0.083581,-0.011267,0.003296,0.049212,-0.262876,-0.405850,
1629325768.000000,462383509.000000,0.274592,-0.404561,-0.030764,0.014008,0.029080,-0.771819,0.635022,0.077736,-0.010601,-0.001321,0.054520,-0.373187,-0.423944,
1629325768.000000,467386484.000000,0.274469,-0.404916,-0.030793,0.013390,0.028484,-0.772530,0.634198,0.071672,-0.009944,-0.005219,0.011065,-0.297078,-0.454868,
1629325768.000000,472389460.000000,0.274336,-0.405390,-0.030772,0.012885,0.028134,-0.773259,0.633334,0.086871,-0.007999,0.001511,-0.006434,-0.169064,-0.442299,
1629325768.000000,477392673.000000,0.274718,-0.406819,-0.031162,0.012431,0.027845,-0.774015,0.632433,0.101993,-0.003196,-0.001654,0.023715,-0.096648,-0.423959,
1629325768.000000,482395411.000000,0.274600,-0.407320,-0.031202,0.012380,0.027709,-0.774689,0.631614,0.104306,-0.001972,-0.002558,0.054701,0.051791,-0.420920,
1629325768.000000,487398386.000000,0.274486,-0.407834,-0.031244,0.012716,0.027857,-0.775353,0.630785,0.106559,-0.000735,-0.003000,0.034600,0.220038,-0.426157,
1629325768.000000,527424335.000000,0.273987,-0.413003,-0.032840,0.013618,0.029021,-0.781013,0.623691,0.108186,0.006329,-0.017489,0.008657,-0.027139,-0.456309,
1629325768.000000,532427549.000000,0.273896,-0.413525,-0.032953,0.013558,0.028867,-0.781723,0.622810,0.106783,0.006049,-0.015822,0.075099,-0.048835,-0.459163,
1629325768.000000,537430525.000000,0.273748,-0.413989,-0.032887,0.013742,0.028731,-0.782456,0.621891,0.098708,-0.004478,0.009366,0.130335,0.153182,-0.467949,
1629325768.000000,542433262.000000,0.273607,-0.414457,-0.032841,0.014367,0.028829,-0.783171,0.620972,0.094830,-0.008854,0.019814,0.127429,0.228956,-0.445532,
1629325768.000000,547436476.000000,0.273042,-0.415973,-0.032527,0.014798,0.028683,-0.783900,0.620048,0.100845,-0.024802,0.050412,0.094081,0.174650,-0.411520,
1629325768.000000,552440405.000000,0.272955,-0.416357,-0.032684,0.015064,0.028700,-0.784530,0.619243,0.087252,-0.013193,0.014783,0.048338,-0.053058,-0.407187,
1629325768.000000,557443380.000000,0.272798,-0.416754,-0.032635,0.014744,0.028378,-0.785178,0.618445,0.080829,-0.012430,0.011073,0.028981,-0.241140,-0.415833,
1629325768.000000,562446594.000000,0.272649,-0.417118,-0.032607,0.014167,0.027876,-0.785842,0.617637,0.074339,-0.011703,0.007132,0.020664,-0.392383,-0.429618,
1629325768.000000,567449570.000000,0.272480,-0.417577,-0.032548,0.013316,0.027187,-0.786539,0.616799,0.085792,-0.011369,0.011016,0.023707,-0.413853,-0.453090,
1629325768.000000,572452307.000000,0.272323,-0.417984,-0.032517,0.012706,0.026647,-0.787261,0.615913,0.086396,-0.010785,0.009972,0.038727,-0.205640,-0.463797,
1629325768.000000,617444754.000000,0.271815,-0.424160,-0.035110,0.013804,0.027519,-0.793590,0.607673,0.107459,0.008593,-0.027740,-0.013380,0.008184,-0.445971,
1629325768.000000,622448444.000000,0.271713,-0.424680,-0.035283,0.013799,0.027609,-0.794268,0.606782,0.106293,0.008940,-0.028321,-0.033392,0.062061,-0.459625,
1629325768.000000,627451420.000000,0.271613,-0.425195,-0.035464,0.013843,0.027786,-0.794971,0.605852,0.105272,0.009297,-0.029380,-0.012528,0.027878,-0.463101,
1629325768.000000,632454634.000000,0.271458,-0.425685,-0.035488,0.013834,0.027738,-0.795669,0.604939,0.102442,0.000398,-0.008144,0.064431,-0.018555,-0.461800,
1629325768.000000,637457609.000000,0.271315,-0.426170,-0.035537,0.013957,0.027569,-0.796381,0.604006,0.100408,-0.002953,-0.000109,0.124147,0.037789,-0.469381,
1629325768.000000,642460585.000000,0.271158,-0.426644,-0.035542,0.014356,0.027499,-0.797087,0.603067,0.098560,-0.006304,0.008454,0.126383,0.226043,-0.455562,
1629325768.000000,647463560.000000,0.270750,-0.427774,-0.034821,0.015115,0.027629,-0.797835,0.602053,0.092768,-0.012599,0.025962,0.109114,0.216772,-0.424783,
1629325768.000000,652467489.000000,0.270564,-0.428198,-0.034709,0.015459,0.027619,-0.798456,0.601221,0.088040,-0.013739,0.028880,0.082556,0.003986,-0.397090,
1629325768.000000,657470703.000000,0.270382,-0.428591,-0.034575,0.015347,0.027398,-0.799067,0.600421,0.082655,-0.014898,0.032176,0.020839,-0.153095,-0.421391,
1629325768.000000,662473679.000000,0.270242,-0.428975,-0.034554,0.014877,0.027095,-0.799732,0.599561,0.079019,-0.009215,0.016887,-0.013543,-0.291450,-0.440947,
1629325768.000000,752530575.000000,0.268219,-0.440045,-0.035976,0.016065,0.026679,-0.812110,0.582673,0.084934,-0.019528,0.041131,0.044266,0.015686,-0.401831,
1629325768.000000,757533550.000000,0.268144,-0.440396,-0.036169,0.015835,0.026431,-0.812700,0.581867,0.075138,-0.006794,0.005957,0.029590,-0.263429,-0.409136,
1629325768.000000,762536526.000000,0.267999,-0.440727,-0.036173,0.015154,0.025911,-0.813333,0.581024,0.068816,-0.005396,-0.000078,0.018854,-0.366684,-0.439160,
1629325768.000000,767539501.000000,0.267869,-0.441029,-0.036206,0.014409,0.025365,-0.813999,0.580134,0.062641,-0.004014,-0.006172,0.013588,-0.364950,-0.455137,
1629325768.000000,772543669.000000,0.267683,-0.441448,-0.036163,0.013717,0.024857,-0.814675,0.579223,0.078359,-0.005864,0.003613,0.026280,-0.289077,-0.457278,
1629325768.000000,777546644.000000,0.267728,-0.442900,-0.036630,0.013127,0.024423,-0.815443,0.578173,0.097644,-0.002573,0.002823,0.045667,-0.046833,-0.461617,
1629325768.000000,782549620.000000,0.267552,-0.443364,-0.036637,0.013330,0.024478,-0.816104,0.577232,0.099966,-0.002397,0.003612,0.021368,0.183974,-0.446842,
1629325768.000000,787552834.000000,0.267421,-0.443918,-0.036726,0.013787,0.024795,-0.816726,0.576328,0.109526,0.006271,-0.004750,0.020947,0.249532,-0.428568,
1629325768.000000,792555571.000000,0.267268,-0.444457,-0.036791,0.014297,0.025097,-0.817340,0.575432,0.114392,0.009243,-0.007445,0.027725,0.226007,-0.437091,
1629325768.000000,797558546.000000,0.267121,-0.445021,-0.036865,0.014687,0.025358,-0.817980,0.574500,0.119013,0.012243,-0.009726,0.004152,0.151879,-0.462695,
1629325768.000000,847590685.000000,0.266464,-0.450884,-0.037013,0.016107,0.025541,-0.824734,0.564714,0.085589,-0.017564,0.057947,0.106730,0.163340,-0.439693,
1629325768.000000,852593422.000000,0.266422,-0.451219,-0.037168,0.016483,0.025571,-0.825332,0.563827,0.073833,-0.003472,0.023009,0.064069,0.064353,-0.409740,
1629325768.000000,857596397.000000,0.266279,-0.451550,-0.037080,0.016412,0.025426,-0.825905,0.562996,0.068308,-0.002573,0.020520,0.024608,-0.176496,-0.401172,
1629325768.000000,862600565.000000,0.266147,-0.451856,-0.037003,0.015828,0.025027,-0.826495,0.562165,0.062471,-0.001715,0.017773,0.002229,-0.352832,-0.425660,
1629325768.000000,867603540.000000,0.266012,-0.452188,-0.036939,0.015051,0.024527,-0.827128,0.561276,0.064908,-0.000822,0.015166,0.008582,-0.344455,-0.451367,
1629325768.000000,872606754.000000,0.265893,-0.452486,-0.036886,0.014382,0.024062,-0.827775,0.560359,0.062310,0.000055,0.012407,0.019359,-0.316177,-0.448182,
1629325768.000000,877609730.000000,0.265176,-0.454498,-0.038172,0.013812,0.023633,-0.828471,0.559362,0.080846,0.002183,-0.008975,0.043915,-0.129838,-0.448122,
1629325768.000000,882612467.000000,0.264967,-0.455051,-0.038242,0.013879,0.023563,-0.829105,0.558423,0.100590,0.003212,-0.009742,0.042036,0.131801,-0.452489,
1629325768.000000,887615681.000000,0.264789,-0.455532,-0.038320,0.014348,0.023822,-0.829723,0.557482,0.105744,0.004204,-0.010992,0.021581,0.293740,-0.438648,
1629325768.000000,892618656.000000,0.264607,-0.456037,-0.038404,0.014956,0.024221,-0.830317,0.556564,0.110812,0.005218,-0.012196,0.004618,0.246606,-0.432148,
1629325768.000000,937647820.000000,0.262340,-0.461689,-0.039688,0.015997,0.024791,-0.836032,0.547886,0.099912,-0.007913,0.012599,0.103004,0.159375,-0.469874,
1629325768.000000,942650318.000000,0.262151,-0.462086,-0.039696,0.016464,0.024846,-0.836660,0.546911,0.090104,-0.006518,0.011775,0.099410,0.185521,-0.457776,
1629325768.000000,947653532.000000,0.260764,-0.463382,-0.039277,0.017056,0.024685,-0.837274,0.545960,0.077893,-0.020268,0.020272,0.103959,0.082257,-0.430336,
1629325768.000000,952657461.000000,0.260511,-0.463688,-0.039190,0.017217,0.024530,-0.837848,0.545080,0.071680,-0.022013,0.023503,0.086982,0.002931,-0.413060,
1629325768.000000,957660675.000000,0.260262,-0.463962,-0.039081,0.017156,0.024355,-0.838415,0.544217,0.065372,-0.023783,0.027125,0.015712,-0.153780,-0.408959,
1629325768.000000,962663651.000000,0.260116,-0.464277,-0.039244,0.016588,0.024055,-0.838976,0.543383,0.063311,-0.012970,0.001461,-0.018803,-0.314833,-0.402511,
1629325768.000000,967666626.000000,0.259936,-0.464533,-0.039263,0.015819,0.023604,-0.839547,0.542544,0.058502,-0.011028,-0.003609,0.013360,-0.388500,-0.423736,
1629325768.000000,972669601.000000,0.259772,-0.464769,-0.039308,0.015078,0.023062,-0.840153,0.541649,0.053725,-0.009110,-0.008744,0.048601,-0.282258,-0.439906,
1629325768.000000,977672577.000000,0.258718,-0.467244,-0.039932,0.014809,0.022778,-0.840735,0.540764,0.097452,-0.016351,-0.005726,0.046826,-0.111970,-0.436555,
1629325768.000000,982675552.000000,0.258436,-0.467659,-0.039981,0.014749,0.022673,-0.841329,0.539847,0.100908,-0.016678,-0.004827,0.020058,0.034123,-0.439687,
1629325769.000000,27704716.000000,0.256450,-0.472832,-0.041346,0.016370,0.023892,-0.846643,0.531372,0.094948,-0.005780,-0.018921,-0.015066,0.032311,-0.457796,
1629325769.000000,32707691.000000,0.256216,-0.473240,-0.041466,0.016406,0.023905,-0.847246,0.530409,0.093838,-0.006793,-0.017820,0.052122,0.004438,-0.444017,
1629325769.000000,37710667.000000,0.255931,-0.473609,-0.041423,0.016528,0.023747,-0.847840,0.529463,0.090206,-0.016351,0.004877,0.126808,0.042217,-0.455505,
1629325769.000000,42713642.000000,0.255081,-0.475609,-0.041098,0.016975,0.023502,-0.848454,0.528475,0.097688,-0.027604,0.037336,0.116480,0.210730,-0.464304,
1629325769.000000,47716856.000000,0.254722,-0.475987,-0.040911,0.017598,0.023637,-0.849044,0.527499,0.095125,-0.032105,0.048753,0.085235,0.239095,-0.433382,
1629325769.000000,52720547.000000,0.254518,-0.476305,-0.041048,0.018026,0.023695,-0.849593,0.526597,0.082887,-0.021190,0.014787,0.082108,0.057637,-0.409780,
1629325769.000000,57723761.000000,0.254247,-0.476621,-0.041010,0.018025,0.023515,-0.850138,0.525726,0.077386,-0.020560,0.010352,0.054585,-0.104025,-0.410903,
1629325769.000000,62726498.000000,0.253989,-0.476912,-0.040989,0.017722,0.023265,-0.850690,0.524854,0.071826,-0.019972,0.006120,0.013942,-0.195867,-0.415207,
1629325769.000000,67729473.000000,0.253746,-0.477176,-0.040982,0.017170,0.022946,-0.851246,0.523984,0.066177,-0.019412,0.002246,-0.000994,-0.314334,-0.414144,
1629325769.000000,72733641.000000,0.253470,-0.477502,-0.040959,0.016441,0.022501,-0.851804,0.523119,0.071669,-0.019098,0.003828,0.029831,-0.320315,-0.418361,
1629325769.000000,117743969.000000,0.252368,-0.484238,-0.043307,0.016899,0.022666,-0.856919,0.514676,0.099811,0.008308,-0.021656,-0.014736,0.064119,-0.455684,
1629325769.000000,122747183.000000,0.252173,-0.484692,-0.043447,0.017006,0.022775,-0.857496,0.513705,0.099181,0.008893,-0.022007,-0.007862,0.000876,-0.453345,
1629325769.000000,127749920.000000,0.251982,-0.485143,-0.043586,0.016911,0.022803,-0.858084,0.512724,0.098395,0.009479,-0.022120,-0.020928,0.024433,-0.460939,
1629325769.000000,132752895.000000,0.251754,-0.485555,-0.043608,0.017006,0.022942,-0.858671,0.511731,0.095035,0.002222,-0.006380,-0.007049,0.055821,-0.460905,
1629325769.000000,137756109.000000,0.251534,-0.485970,-0.043650,0.017070,0.022951,-0.859258,0.510742,0.093163,-0.000353,0.000300,0.065210,0.021968,-0.455597,
1629325769.000000,142760038.000000,0.251738,-0.488135,-0.043174,0.017337,0.022681,-0.859795,0.509841,0.095691,-0.002639,0.019496,0.141254,0.045296,-0.456583,
1629325769.000000,147763252.000000,0.251534,-0.488483,-0.043085,0.017717,0.022513,-0.860384,0.508841,0.085498,-0.004606,0.024309,0.136160,0.169302,-0.462946,
1629325769.000000,152766228.000000,0.251319,-0.488830,-0.042963,0.018276,0.022556,-0.860961,0.507842,0.080310,-0.006982,0.030215,0.090029,0.201792,-0.437554,
1629325769.000000,157768726.000000,0.251095,-0.489155,-0.042819,0.018631,0.022594,-0.861491,0.506928,0.075350,-0.009445,0.035913,0.049624,0.041725,-0.407486,
1629325769.000000,162771702.000000,0.250932,-0.489468,-0.042865,0.018525,0.022476,-0.862006,0.506060,0.068811,-0.002699,0.010622,0.013357,-0.139983,-0.401162,
1629325769.000000,252829075.000000,0.247335,-0.499785,-0.045072,0.019016,0.021824,-0.871775,0.489050,0.096177,0.011276,-0.000333,0.098142,0.219578,-0.428722,
1629325769.000000,257832766.000000,0.247385,-0.499909,-0.045354,0.019478,0.021908,-0.872284,0.488120,0.067838,0.014847,-0.018597,0.063505,0.116958,-0.414805,
1629325769.000000,262835979.000000,0.247286,-0.500213,-0.045479,0.019507,0.021794,-0.872783,0.487231,0.061027,0.015052,-0.021744,0.039400,-0.163695,-0.392562,
1629325769.000000,267838955.000000,0.247211,-0.500481,-0.045619,0.018929,0.021422,-0.873275,0.486388,0.053656,0.015228,-0.025098,0.028442,-0.321689,-0.405074,
1629325769.000000,272841930.000000,0.247107,-0.500795,-0.045780,0.018240,0.021000,-0.873805,0.485480,0.058303,0.015893,-0.028516,0.009591,-0.312456,-0.435181,
1629325769.000000,277844906.000000,0.244995,-0.502035,-0.045330,0.017410,0.020628,-0.874299,0.484636,0.078751,-0.002435,-0.009291,0.007331,-0.236230,-0.428721,
1629325769.000000,282847881.000000,0.244777,-0.502359,-0.045402,0.017005,0.020368,-0.874822,0.483718,0.078388,-0.002016,-0.011544,0.044640,-0.143877,-0.424300,
1629325769.000000,287850857.000000,0.244518,-0.502788,-0.045476,0.016864,0.020174,-0.875340,0.482793,0.091014,0.000742,-0.012282,0.042805,-0.006461,-0.418048,
1629325769.000000,292855024.000000,0.244274,-0.503184,-0.045562,0.017041,0.020219,-0.875841,0.481875,0.095270,0.001975,-0.013708,0.021201,0.148498,-0.422151,
1629325769.000000,297858000.000000,0.244023,-0.503600,-0.045655,0.017382,0.020406,-0.876351,0.480926,0.099406,0.003229,-0.015019,-0.006314,0.126800,-0.432938,
1629325769.000000,342885971.000000,0.242929,-0.509387,-0.045893,0.018422,0.021046,-0.881103,0.472096,0.084816,-0.002496,0.033115,0.107877,0.027336,-0.478593,
1629325769.000000,347888947.000000,0.242669,-0.509734,-0.045726,0.018765,0.020955,-0.881662,0.471042,0.082156,-0.006283,0.042813,0.108695,0.170953,-0.455359,
1629325769.000000,352893114.000000,0.242454,-0.510055,-0.045625,0.019274,0.020937,-0.882171,0.470068,0.076556,-0.005757,0.039403,0.125625,0.158391,-0.420980,
1629325769.000000,357896090.000000,0.242214,-0.510357,-0.045437,0.019708,0.020836,-0.882661,0.469135,0.072900,-0.008169,0.044401,0.120540,0.137561,-0.414652,
1629325769.000000,362899303.000000,0.241975,-0.510639,-0.045210,0.020036,0.020816,-0.883143,0.468214,0.069249,-0.010596,0.050606,0.019482,0.062023,-0.408326,
1629325769.000000,367901802.000000,0.241806,-0.510912,-0.045125,0.019888,0.020800,-0.883617,0.467325,0.062469,-0.002915,0.031623,-0.004750,-0.192221,-0.399762,
1629325769.000000,372904778.000000,0.241624,-0.511162,-0.044996,0.019189,0.020417,-0.884107,0.466444,0.057771,-0.001353,0.026576,0.021538,-0.404912,-0.418848,
1629325769.000000,377907991.000000,0.240331,-0.512523,-0.046678,0.018252,0.019919,-0.884582,0.465602,0.054198,0.003810,-0.022816,0.039358,-0.349903,-0.437044,
1629325769.000000,382911921.000000,0.240043,-0.512892,-0.046648,0.017675,0.019526,-0.885105,0.464645,0.072451,-0.000847,-0.008536,0.030134,-0.206203,-0.434896,
1629325769.000000,387914896.000000,0.239831,-0.513189,-0.046697,0.017422,0.019354,-0.885609,0.463701,0.074720,-0.001318,-0.007331,0.032892,-0.009597,-0.421022,
1629325769.000000,432942867.000000,0.238503,-0.518022,-0.047174,0.019416,0.020460,-0.890101,0.454889,0.089613,0.016892,-0.013205,-0.034059,0.098149,-0.448668,
1629325769.000000,437946081.000000,0.238309,-0.518427,-0.047263,0.019591,0.020636,-0.890602,0.453892,0.088300,0.016449,-0.011883,-0.000913,0.043385,-0.437031,
1629325769.000000,442949057.000000,0.239320,-0.520186,-0.046975,0.019328,0.020409,-0.891065,0.453004,0.088894,0.024242,-0.007422,0.074772,-0.068745,-0.452690,
1629325769.000000,447953224.000000,0.239101,-0.520447,-0.046693,0.019310,0.020147,-0.891597,0.451968,0.076110,0.008017,0.028243,0.120726,0.010265,-0.464705,
1629325769.000000,452955961.000000,0.238902,-0.520770,-0.046545,0.019636,0.019999,-0.892119,0.450930,0.071857,0.002710,0.039384,0.121726,0.165679,-0.459214,
1629325769.000000,457958937.000000,0.238683,-0.521066,-0.046339,0.020164,0.019988,-0.892615,0.449925,0.068091,-0.002642,0.050869,0.096142,0.186070,-0.415747,
1629325769.000000,462962151.000000,0.238544,-0.521380,-0.046335,0.020529,0.019965,-0.893059,0.449027,0.064013,0.006514,0.025402,0.078961,0.049326,-0.395105,
1629325769.000000,467966080.000000,0.238384,-0.521654,-0.046234,0.020519,0.019820,-0.893517,0.448123,0.059697,0.006932,0.021599,0.029196,-0.083636,-0.410272,
1629325769.000000,472968817.000000,0.238238,-0.521910,-0.046153,0.020169,0.019664,-0.893989,0.447203,0.055434,0.007330,0.017530,-0.005299,-0.234577,-0.418773,
1629325769.000000,477972031.000000,0.238071,-0.522180,-0.046063,0.019461,0.019333,-0.894477,0.446271,0.057532,0.006040,0.017887,0.016154,-0.364349,-0.428347,
1629325769.000000,523000002.000000,0.237016,-0.528168,-0.047048,0.019920,0.019459,-0.898767,0.437541,0.079839,0.035534,-0.009928,-0.019916,0.063896,-0.454988,
1629325769.000000,528002977.000000,0.236908,-0.528593,-0.047128,0.020069,0.019637,-0.899249,0.436535,0.080061,0.036292,-0.011189,-0.032650,0.079234,-0.440968,
1629325769.000000,533007145.000000,0.236803,-0.529020,-0.047220,0.020158,0.019800,-0.899720,0.435552,0.080221,0.037049,-0.012803,-0.023172,0.072073,-0.428283,
1629325769.000000,538010120.000000,0.236696,-0.529453,-0.047316,0.020248,0.019911,-0.900184,0.434583,0.080681,0.037811,-0.014233,-0.004931,0.008215,-0.438773,
1629325769.000000,543012857.000000,0.236539,-0.529780,-0.047167,0.020229,0.019874,-0.900674,0.433569,0.073559,0.025423,0.013929,0.066146,0.019818,-0.456005,
1629325769.000000,548016071.000000,0.235178,-0.531063,-0.046747,0.020097,0.019420,-0.901140,0.432627,0.084577,0.014180,0.038129,0.125165,0.038934,-0.466551,
1629325769.000000,553019047.000000,0.234956,-0.531442,-0.046561,0.020390,0.019222,-0.901649,0.431560,0.083342,0.010574,0.046958,0.141002,0.161833,-0.468690,
1629325769.000000,558022022.000000,0.234827,-0.531750,-0.046506,0.021025,0.019227,-0.902137,0.430509,0.071876,0.012518,0.037567,0.079469,0.264766,-0.441071,
1629325769.000000,563026190.000000,0.234649,-0.532067,-0.046320,0.021514,0.019354,-0.902580,0.429548,0.067565,0.010544,0.041963,0.042675,0.090099,-0.400470,
1629325769.000000,568029165.000000,0.234478,-0.532360,-0.046121,0.021436,0.019193,-0.903007,0.428661,0.062919,0.008552,0.045470,0.070645,-0.188174,-0.392920,
1629325769.000000,613056898.000000,0.232814,-0.538597,-0.046346,0.021054,0.018582,-0.907111,0.419953,0.099879,0.039306,-0.008313,-0.007902,-0.003209,-0.457001,
1629325769.000000,618059874.000000,0.232674,-0.539023,-0.046321,0.020897,0.018571,-0.907586,0.418935,0.092345,0.037676,-0.000659,-0.004901,-0.076008,-0.444057,
1629325769.000000,623063087.000000,0.232518,-0.539498,-0.046359,0.020739,0.018530,-0.908053,0.417931,0.092035,0.038793,-0.001167,-0.000461,-0.038544,-0.445106,
1629325769.000000,628067017.000000,0.232369,-0.539975,-0.046391,0.020779,0.018600,-0.908518,0.416914,0.091644,0.039913,-0.001278,-0.014363,0.129482,-0.448362,
1629325769.000000,633069992.000000,0.232212,-0.540419,-0.046391,0.021109,0.018847,-0.908970,0.415900,0.089173,0.036278,0.003023,-0.031419,0.122537,-0.433485,
1629325769.000000,638072968.000000,0.232059,-0.540870,-0.046402,0.021172,0.018981,-0.909410,0.414928,0.088078,0.035478,0.004827,-0.011337,-0.002777,-0.424838,
1629325769.000000,643075943.000000,0.231903,-0.541317,-0.046400,0.021126,0.018950,-0.909859,0.413946,0.086872,0.034671,0.006462,0.044167,-0.019586,-0.441897,
1629325769.000000,648078918.000000,0.230768,-0.542711,-0.046541,0.021009,0.018719,-0.910310,0.412970,0.091949,0.028532,0.006875,0.101766,0.033758,-0.471770,
1629325769.000000,653082132.000000,0.230505,-0.543002,-0.046192,0.021267,0.018529,-0.910800,0.411883,0.083276,0.012361,0.041131,0.143339,0.103621,-0.460240,
1629325769.000000,658086061.000000,0.230267,-0.543350,-0.045976,0.021726,0.018406,-0.911260,0.410845,0.080122,0.007085,0.051431,0.103100,0.203160,-0.446095,
1629325769.000000,753145933.000000,0.225207,-0.553609,-0.046131,0.022368,0.017868,-0.919568,0.391885,0.088709,0.008072,0.049478,0.132928,0.131957,-0.470822,
1629325769.000000,758148909.000000,0.224916,-0.553957,-0.045882,0.022841,0.017773,-0.920017,0.390808,0.086159,0.003430,0.060256,0.110352,0.184880,-0.449486,
1629325769.000000,763152122.000000,0.224751,-0.554283,-0.045858,0.023294,0.017719,-0.920435,0.389797,0.076107,0.008713,0.043110,0.098570,0.104702,-0.417457,
1629325769.000000,768155098.000000,0.224515,-0.554586,-0.045663,0.023458,0.017586,-0.920832,0.388855,0.071550,0.006852,0.045355,0.064679,-0.003998,-0.398244,
1629325769.000000,773159027.000000,0.224289,-0.554864,-0.045449,0.023319,0.017460,-0.921221,0.387948,0.066856,0.004956,0.047906,0.008092,-0.157008,-0.390821,
1629325769.000000,778162241.000000,0.222372,-0.557549,-0.046047,0.022827,0.017444,-0.921620,0.387030,0.077041,0.016921,0.001693,0.001570,-0.346715,-0.397256,
1629325769.000000,783164978.000000,0.222171,-0.557877,-0.046075,0.021934,0.017055,-0.922039,0.386099,0.072470,0.017701,-0.004253,0.034697,-0.379126,-0.430206,
1629325769.000000,788167953.000000,0.221987,-0.558191,-0.046127,0.021214,0.016676,-0.922484,0.385092,0.067999,0.018470,-0.009920,0.034900,-0.250526,-0.442162,
1629325769.000000,793171167.000000,0.221593,-0.558664,-0.045991,0.020851,0.016472,-0.922912,0.384092,0.092316,0.014700,0.008433,0.035686,-0.069309,-0.430285,
1629325769.000000,798173904.000000,0.221309,-0.559052,-0.045973,0.020892,0.016409,-0.923324,0.383102,0.096559,0.014128,0.009718,0.039078,0.070802,-0.427073,
1629325769.000000,838199854.000000,0.219847,-0.564181,-0.045887,0.022811,0.017454,-0.926640,0.374852,0.099126,0.032665,0.006816,-0.022856,0.057283,-0.449594,
1629325769.000000,843202829.000000,0.219601,-0.564638,-0.045875,0.023003,0.017586,-0.927053,0.373811,0.098321,0.030770,0.009775,0.012294,0.067317,-0.446331,
1629325769.000000,848206043.000000,0.217083,-0.568667,-0.046041,0.022672,0.017291,-0.927505,0.372722,0.127139,0.025483,0.013937,0.082568,0.028994,-0.435832,
1629325769.000000,853209019.000000,0.216700,-0.569091,-0.045814,0.022863,0.017095,-0.927915,0.371696,0.118232,0.013882,0.037385,0.132853,0.045616,-0.452674,
1629325769.000000,858211994.000000,0.216318,-0.569526,-0.045634,0.023199,0.016904,-0.928344,0.370613,0.114564,0.008763,0.046500,0.126434,0.200417,-0.460432,
1629325769.000000,863216162.000000,0.215926,-0.569940,-0.045400,0.023853,0.016905,-0.928747,0.369559,0.111486,0.003666,0.056224,0.089076,0.207551,-0.429431,
1629325769.000000,868218899.000000,0.215626,-0.570367,-0.045373,0.024145,0.016851,-0.929127,0.368587,0.102230,0.012538,0.030488,0.067632,-0.004331,-0.403767,
1629325769.000000,873221874.000000,0.215302,-0.570762,-0.045263,0.023990,0.016649,-0.929505,0.367651,0.096812,0.012974,0.025696,0.057128,-0.141312,-0.406946,
1629325769.000000,878225088.000000,0.214434,-0.572347,-0.045352,0.023837,0.016668,-0.929901,0.366659,0.090003,0.018599,0.013883,0.004081,-0.244513,-0.418776,
1629325769.000000,883228064.000000,0.214176,-0.572716,-0.045336,0.023109,0.016438,-0.930301,0.365700,0.084171,0.018986,0.008232,0.005608,-0.352769,-0.410348,
1629325769.000000,933259964.000000,0.210441,-0.578702,-0.045040,0.023767,0.016415,-0.934262,0.355416,0.121296,0.029036,0.005917,-0.034710,0.001790,-0.449698,
1629325769.000000,938262939.000000,0.210083,-0.579214,-0.045047,0.023725,0.016509,-0.934660,0.354365,0.120788,0.028958,0.005785,-0.029073,-0.040672,-0.452861,
1629325769.000000,943265915.000000,0.208737,-0.581750,-0.046302,0.023125,0.016445,-0.935060,0.353351,0.127904,0.031162,-0.009158,0.018583,0.028192,-0.460407,
1629325769.000000,948269129.000000,0.208293,-0.582201,-0.046108,0.023345,0.016434,-0.935462,0.352272,0.124378,0.018569,0.020872,0.065845,0.112950,-0.455056,
1629325769.000000,953272104.000000,0.207878,-0.582672,-0.046005,0.023637,0.016347,-0.935856,0.351208,0.122595,0.014410,0.030560,0.118762,0.074562,-0.446515,
1629325769.000000,958275795.000000,0.207455,-0.583120,-0.045844,0.023942,0.016129,-0.936245,0.350161,0.120800,0.010247,0.040707,0.137282,0.134235,-0.437995,
1629325769.000000,963279009.000000,0.207105,-0.583547,-0.045788,0.024425,0.016012,-0.936620,0.349127,0.110998,0.013395,0.030233,0.111438,0.159662,-0.434772,
1629325769.000000,968281984.000000,0.206729,-0.583957,-0.045664,0.024764,0.015924,-0.936989,0.348116,0.105886,0.012119,0.031512,0.066829,0.072319,-0.412526,
1629325769.000000,973284960.000000,0.206369,-0.584342,-0.045531,0.024710,0.015816,-0.937346,0.347161,0.100557,0.010797,0.032613,0.030417,-0.184454,-0.412266,
1629325769.000000,978288174.000000,0.205161,-0.585137,-0.045955,0.024425,0.015741,-0.937725,0.346161,0.103290,0.011644,0.005896,0.031503,-0.322486,-0.424239,
1629325770.000000,23316860.000000,0.202187,-0.588838,-0.045515,0.024520,0.015408,-0.941082,0.336936,0.122445,0.022407,-0.003654,-0.005753,0.014434,-0.446565,
1629325770.000000,28319836.000000,0.201814,-0.589247,-0.045532,0.024474,0.015450,-0.941458,0.335887,0.116902,0.020230,-0.002127,-0.013146,-0.023988,-0.448607,
1629325770.000000,33323050.000000,0.201427,-0.589694,-0.045581,0.024455,0.015524,-0.941836,0.334823,0.116325,0.020671,-0.003489,-0.022731,0.065729,-0.454004,
1629325770.000000,38326025.000000,0.201043,-0.590141,-0.045638,0.024600,0.015678,-0.942210,0.333752,0.115832,0.021112,-0.004864,-0.027021,0.033082,-0.452925,
1629325770.000000,43329954.000000,0.200468,-0.592308,-0.046202,0.024226,0.015680,-0.942600,0.332676,0.117383,0.016914,0.012648,0.000633,-0.069437,-0.448662,
1629325770.000000,48332930.000000,0.200061,-0.592738,-0.046155,0.024098,0.015591,-0.942985,0.331595,0.116420,0.014411,0.017987,0.063490,-0.010453,-0.477293,
1629325770.000000,53335905.000000,0.199645,-0.593161,-0.046085,0.024337,0.015472,-0.943386,0.330442,0.115543,0.011938,0.023409,0.107354,0.175277,-0.477632,
1629325770.000000,58338881.000000,0.199252,-0.593503,-0.045892,0.024927,0.015416,-0.943756,0.329342,0.106709,0.005652,0.039270,0.112612,0.213167,-0.442254,
1629325770.000000,63342094.000000,0.198844,-0.593853,-0.045700,0.025406,0.015289,-0.944102,0.328317,0.103241,0.001894,0.048579,0.145409,0.120333,-0.415616,
1629325770.000000,68345070.000000,0.198437,-0.594177,-0.045447,0.025697,0.015057,-0.944439,0.327334,0.099487,-0.001879,0.058864,0.099145,0.050328,-0.412367,
1629325770.000000,113391161.000000,0.195603,-0.597910,-0.045114,0.025088,0.014470,-0.947590,0.318174,0.116779,0.020118,-0.004692,0.025373,0.067929,-0.450710,
1629325770.000000,118394375.000000,0.195197,-0.598346,-0.045180,0.025184,0.014469,-0.947950,0.317093,0.121564,0.021903,-0.008445,0.027416,0.051058,-0.460277,
1629325770.000000,123397350.000000,0.194900,-0.598687,-0.045190,0.025349,0.014512,-0.948312,0.315991,0.109057,0.021537,-0.004959,-0.003306,0.061615,-0.461405,
1629325770.000000,128400087.000000,0.194533,-0.599100,-0.045251,0.025449,0.014623,-0.948667,0.314911,0.108788,0.022684,-0.005994,-0.017474,0.064163,-0.446479,
1629325770.000000,133404255.000000,0.194169,-0.599515,-0.045314,0.025556,0.014739,-0.949010,0.313862,0.108405,0.023817,-0.007032,-0.026768,0.025583,-0.441059,
1629325770.000000,138407230.000000,0.193808,-0.599895,-0.045339,0.025545,0.014841,-0.949357,0.312808,0.104760,0.020448,-0.002032,-0.016396,0.026911,-0.447510,
1629325770.000000,143410444.000000,0.193451,-0.600283,-0.045378,0.025556,0.014891,-0.949709,0.311734,0.103186,0.019774,-0.001135,-0.000156,-0.046166,-0.458150,
1629325770.000000,148413420.000000,0.192367,-0.601699,-0.046753,0.024889,0.014602,-0.950050,0.310760,0.104738,0.018063,-0.008648,0.048636,-0.078938,-0.468712,
1629325770.000000,153416395.000000,0.191927,-0.601956,-0.046539,0.024920,0.014420,-0.950423,0.309625,0.099943,0.001855,0.022864,0.122311,0.100047,-0.483597,
1629325770.000000,158419371.000000,0.191517,-0.602247,-0.046431,0.025465,0.014263,-0.950783,0.308480,0.097062,-0.003692,0.032811,0.146955,0.248253,-0.452928,
1629325770.000000,253480196.000000,0.181818,-0.611677,-0.045797,0.025515,0.013177,-0.956981,0.288726,0.107515,-0.005854,0.035340,0.115159,-0.028710,-0.481207,
1629325770.000000,258483410.000000,0.181343,-0.611942,-0.045622,0.025752,0.012935,-0.957331,0.287554,0.105965,-0.010120,0.044204,0.145053,0.200774,-0.483437,
1629325770.000000,263486385.000000,0.180945,-0.612197,-0.045532,0.026519,0.012844,-0.957650,0.286425,0.098626,-0.008790,0.039557,0.116331,0.299782,-0.433438,
1629325770.000000,268489361.000000,0.180499,-0.612432,-0.045348,0.027126,0.012796,-0.957928,0.285437,0.095705,-0.011373,0.044626,0.092623,0.134975,-0.388421,
1629325770.000000,273492336.000000,0.180063,-0.612644,-0.045134,0.027205,0.012649,-0.958204,0.284507,0.092244,-0.013994,0.049881,0.047146,-0.109950,-0.388469,
1629325770.000000,278496265.000000,0.179699,-0.612867,-0.045068,0.026736,0.012489,-0.958505,0.283544,0.084447,-0.007440,0.029833,0.004195,-0.249256,-0.424683,
1629325770.000000,283499479.000000,0.178764,-0.613798,-0.046491,0.026406,0.012516,-0.958784,0.282628,0.084888,0.001169,-0.012365,0.005309,-0.394469,-0.437583,
1629325770.000000,288502455.000000,0.178425,-0.614025,-0.046592,0.025387,0.012177,-0.959123,0.281586,0.080895,0.002213,-0.018894,0.058547,-0.397897,-0.445897,
1629325770.000000,293505430.000000,0.177895,-0.614327,-0.046577,0.024700,0.011837,-0.959462,0.280502,0.100644,-0.001971,-0.007502,0.047314,-0.189601,-0.458803,
1629325770.000000,298508406.000000,0.177461,-0.614590,-0.046635,0.024569,0.011756,-0.959784,0.279415,0.104045,-0.002578,-0.007229,0.026489,0.083725,-0.440740,
1629325770.000000,343537331.000000,0.173279,-0.618644,-0.046491,0.026794,0.012516,-0.962486,0.269716,0.114739,0.003957,0.001675,0.010454,-0.015116,-0.446923,
1629325770.000000,348540306.000000,0.172158,-0.620087,-0.048421,0.026188,0.012430,-0.962790,0.268693,0.113111,0.005458,-0.004522,0.058670,0.039255,-0.466004,
1629325770.000000,353543282.000000,0.171695,-0.620393,-0.048463,0.026344,0.012307,-0.963105,0.267552,0.111687,0.003917,-0.001259,0.100064,0.026120,-0.469314,
1629325770.000000,358546495.000000,0.171205,-0.620578,-0.048254,0.026496,0.012074,-0.963417,0.266421,0.105653,-0.008603,0.025055,0.134256,0.086512,-0.463873,
1629325770.000000,363549232.000000,0.170727,-0.620803,-0.048136,0.026952,0.011887,-0.963716,0.265298,0.102668,-0.013362,0.034764,0.123669,0.216528,-0.453294,
1629325770.000000,368553162.000000,0.170233,-0.621007,-0.047971,0.027464,0.011793,-0.963994,0.264241,0.100199,-0.018146,0.044849,0.080970,0.103856,-0.405434,
1629325770.000000,373556376.000000,0.169834,-0.621240,-0.048024,0.027464,0.011672,-0.964252,0.263300,0.092388,-0.008521,0.016112,0.037236,-0.110107,-0.386995,
1629325770.000000,378559351.000000,0.167358,-0.621706,-0.048491,0.027343,0.011713,-0.964479,0.262480,0.085962,-0.006212,-0.015635,0.009409,-0.292026,-0.417943,
1629325770.000000,383562326.000000,0.166989,-0.621888,-0.048613,0.026515,0.011502,-0.964784,0.261451,0.079873,-0.005296,-0.022443,0.012521,-0.350822,-0.437246,
1629325770.000000,388565540.000000,0.166420,-0.622125,-0.048588,0.025694,0.011244,-0.965097,0.260387,0.097689,-0.010708,-0.008946,0.042422,-0.343838,-0.455222,
1629325770.000000,433594227.000000,0.159882,-0.625918,-0.047622,0.026960,0.011568,-0.967653,0.250573,0.123415,-0.001189,-0.007904,-0.015168,0.014607,-0.463621,
1629325770.000000,438597202.000000,0.159341,-0.626209,-0.047701,0.027095,0.011671,-0.967939,0.249448,0.122997,-0.001950,-0.008532,-0.007850,0.076963,-0.463650,
1629325770.000000,443600416.000000,0.158800,-0.626492,-0.047780,0.027195,0.011734,-0.968219,0.248344,0.122738,-0.002718,-0.009179,0.004962,0.009782,-0.441354,
1629325770.000000,448603392.000000,0.155471,-0.628644,-0.048503,0.026632,0.011731,-0.968468,0.247433,0.131104,-0.011894,0.018216,0.049372,0.067574,-0.462183,
1629325770.000000,453606129.000000,0.154893,-0.628887,-0.048432,0.026902,0.011649,-0.968759,0.246266,0.128203,-0.016200,0.027489,0.085816,0.095963,-0.477563,
1629325770.000000,458609343.000000,0.154283,-0.629116,-0.048318,0.027153,0.011481,-0.969041,0.245133,0.126513,-0.020528,0.036733,0.128182,0.079491,-0.448605,
1629325770.000000,463613272.000000,0.153656,-0.629329,-0.048172,0.027448,0.011225,-0.969309,0.244050,0.125241,-0.024849,0.045531,0.137040,0.108167,-0.443154,
1629325770.000000,468616247.000000,0.153153,-0.629535,-0.048169,0.027808,0.011057,-0.969572,0.242969,0.113263,-0.019918,0.029490,0.084706,0.137943,-0.431650,
1629325770.000000,473619461.000000,0.152611,-0.629707,-0.048046,0.028021,0.011006,-0.969822,0.241950,0.108128,-0.021249,0.030573,0.021782,-0.037133,-0.404896,
1629325770.000000,478622437.000000,0.150608,-0.631057,-0.048152,0.027778,0.011161,-0.970032,0.241127,0.109914,-0.013320,0.009604,0.009731,-0.279632,-0.404736,
1629325770.000000,523651361.000000,0.144959,-0.633303,-0.048201,0.027341,0.010947,-0.972376,0.231555,0.132281,-0.001681,-0.012972,-0.000906,-0.020080,-0.467489,
1629325770.000000,528654575.000000,0.144401,-0.633554,-0.048247,0.027182,0.010977,-0.972649,0.230421,0.128100,-0.002696,-0.009129,-0.023395,-0.098370,-0.461177,
1629325770.000000,533657551.000000,0.143822,-0.633830,-0.048330,0.026953,0.011029,-0.972920,0.229301,0.128332,-0.002099,-0.009813,-0.028746,-0.016520,-0.471622,
1629325770.000000,538660526.000000,0.143241,-0.634108,-0.048417,0.027057,0.011164,-0.973187,0.228144,0.128730,-0.001490,-0.010446,-0.031861,0.100016,-0.468706,
1629325770.000000,543663263.000000,0.142644,-0.634336,-0.048387,0.027344,0.011321,-0.973438,0.227030,0.127073,-0.008715,0.005357,-0.000096,0.162042,-0.448270,
1629325770.000000,548666239.000000,0.140418,-0.636594,-0.049319,0.027080,0.011441,-0.973658,0.226110,0.127969,-0.005022,0.006687,0.052047,0.069601,-0.445991,
1629325770.000000,553670168.000000,0.139826,-0.636852,-0.049317,0.027197,0.011301,-0.973912,0.225007,0.126223,-0.007554,0.012420,0.108393,0.062815,-0.453516,
1629325770.000000,558673382.000000,0.139290,-0.637027,-0.049243,0.027497,0.011097,-0.974165,0.223882,0.115722,-0.013786,0.022111,0.115077,0.110683,-0.460959,
1629325770.000000,563676357.000000,0.138742,-0.637206,-0.049144,0.027794,0.010932,-0.974416,0.222758,0.110689,-0.017582,0.029573,0.100891,0.101700,-0.446148,
