1629325936.000000,253785133.000000,-0.000259,0.000069,-0.000202,-0.008876,0.036400,-0.000506,0.999298,-0.005625,0.004736,0.003448,-0.002360,0.014300,-0.002582,
1629325936.000000,258788109.000000,-0.000299,0.000094,-0.000178,-0.008886,0.036401,-0.000521,0.999298,-0.007109,0.004909,0.004377,-0.001362,-0.015516,-0.003827,
1629325936.000000,263791084.000000,-0.000334,0.000119,-0.000152,-0.008885,0.036373,-0.000520,0.999299,-0.007529,0.004947,0.005092,-0.000212,0.010682,0.001624,
1629325936.000000,268794060.000000,-0.000216,0.000042,-0.000061,-0.008876,0.036500,-0.000517,0.999294,-0.004489,0.003889,0.005116,-0.004506,-0.001444,-0.002657,
1629325936.000000,273797035.000000,-0.000246,0.000060,-0.000029,-0.008878,0.036473,-0.000527,0.999295,-0.005431,0.003609,0.005875,0.007161,0.005267,-0.002720,
1629325936.000000,278801203.000000,-0.000271,0.000078,-0.000001,-0.008866,0.036510,-0.000533,0.999294,-0.005580,0.003555,0.005862,-0.007543,0.003786,-0.003718,
1629325936.000000,283804178.000000,-0.000296,0.000096,0.000024,-0.008897,0.036479,-0.000540,0.999295,-0.005663,0.003501,0.005620,-0.003620,-0.018886,0.000467,
1629325936.000000,288807392.000000,-0.000315,0.000114,0.000043,-0.008887,0.036452,-0.000535,0.999296,-0.004797,0.003458,0.004629,0.002029,0.002360,-0.000499,
1629325936.000000,293810129.000000,-0.000337,0.000132,0.000067,-0.008889,0.036455,-0.000542,0.999296,-0.004682,0.003406,0.004614,0.002874,-0.014302,-0.001659,
1629325936.000000,298813105.000000,0.000258,-0.000414,0.000313,-0.008855,0.036413,-0.000534,0.999297,0.000888,-0.002911,0.014439,0.007223,0.011585,0.005856,
1629325936.000000,343842030.000000,0.000482,-0.000552,0.000150,-0.008813,0.036487,-0.000503,0.999295,0.002057,-0.002416,0.006673,-0.000246,-0.005169,-0.002643,
1629325936.000000,348845243.000000,0.000496,-0.000564,0.000188,-0.008811,0.036503,-0.000507,0.999295,0.002250,-0.002383,0.007612,0.002924,0.014159,0.001603,
1629325936.000000,353847980.000000,0.000510,-0.000575,0.000228,-0.008808,0.036524,-0.000499,0.999294,0.002270,-0.002348,0.008134,-0.005504,-0.005908,0.002732,
1629325936.000000,358850956.000000,0.000524,-0.000586,0.000270,-0.008822,0.036498,-0.000491,0.999295,0.002321,-0.002312,0.008481,0.002830,-0.001972,0.004797,
1629325936.000000,363855124.000000,0.000291,-0.000425,-0.000028,-0.008842,0.036462,-0.000474,0.999296,-0.001198,0.000054,0.005295,-0.002240,-0.006877,-0.002519,
1629325936.000000,368858099.000000,0.000281,-0.000428,0.000021,-0.008862,0.036335,-0.000485,0.999300,-0.002001,-0.000248,0.007797,-0.005699,-0.109636,-0.002667,
1629325936.000000,373861074.000000,0.000275,-0.000428,0.000058,-0.008919,0.035496,-0.000491,0.999330,-0.001947,-0.000301,0.008092,-0.060666,-0.688513,-0.018441,
1629325936.000000,378864288.000000,0.000258,-0.000428,0.000086,-0.009086,0.033223,-0.000614,0.999406,-0.002892,-0.000358,0.007283,-0.027465,-0.947107,-0.117387,
1629325936.000000,383867025.000000,0.000481,-0.000504,0.000092,-0.009110,0.031264,-0.001044,0.999469,0.030745,-0.010933,0.006427,-0.016763,-0.578545,-0.231746,
1629325936.000000,388870001.000000,0.000668,-0.000569,0.000115,-0.009224,0.030213,-0.001643,0.999500,0.043301,-0.015155,0.007163,-0.039932,-0.316605,-0.233028,
1629325936.000000,433899403.000000,0.005749,-0.001740,-0.001190,-0.008818,0.035707,-0.009436,0.999279,0.115291,-0.013311,-0.013430,0.026152,0.124002,-0.413829,
1629325936.000000,438902378.000000,0.006314,-0.001819,-0.001298,-0.008788,0.036014,-0.010495,0.999258,0.113530,-0.012842,-0.011927,-0.001904,0.079462,-0.423639,
1629325936.000000,443905115.000000,0.006904,-0.001939,-0.001425,-0.008923,0.036162,-0.011557,0.999239,0.115880,-0.017180,-0.013550,-0.064235,0.105418,-0.430973,
1629325936.000000,448909044.000000,0.007472,-0.002044,-0.001523,-0.009116,0.036482,-0.012635,0.999213,0.115235,-0.018291,-0.012125,-0.048290,0.104897,-0.428963,
1629325936.000000,453912020.000000,0.008038,-0.002155,-0.001630,-0.009173,0.036535,-0.013687,0.999197,0.114811,-0.019404,-0.011884,0.044395,-0.062038,-0.412912,
1629325936.000000,458914995.000000,0.008576,-0.002357,-0.001537,-0.008964,0.036307,-0.014729,0.999192,0.108580,-0.033342,0.015186,0.149019,-0.056566,-0.422391,
1629325936.000000,463918209.000000,0.009113,-0.002554,-0.001465,-0.008597,0.036302,-0.015824,0.999179,0.105714,-0.039575,0.025890,0.151408,0.053475,-0.437470,
1629325936.000000,468920946.000000,0.006568,-0.003055,-0.000419,-0.008379,0.036179,-0.016766,0.999170,0.069283,-0.058436,0.054271,0.048961,0.226451,-0.435560,
1629325936.000000,473923922.000000,0.006918,-0.003369,-0.000140,-0.008347,0.036765,-0.017831,0.999130,0.066722,-0.064766,0.065887,0.028235,0.156126,-0.401600,
1629325936.000000,478928089.000000,0.007223,-0.003444,-0.000424,-0.008261,0.036786,-0.018797,0.999112,0.064089,-0.043554,0.016883,0.063846,-0.122805,-0.376838,
1629325936.000000,528959036.000000,0.011516,-0.005157,0.000459,-0.007817,0.037121,-0.029656,0.998840,0.101344,-0.025706,0.007342,-0.006405,0.088763,-0.450905,
1629325936.000000,533963203.000000,0.012020,-0.005314,0.000449,-0.007864,0.037125,-0.030769,0.998806,0.103090,-0.024365,0.004421,0.008409,-0.028063,-0.441284,
1629325936.000000,538966179.000000,0.012430,-0.005487,0.000470,-0.007899,0.037058,-0.031879,0.998773,0.093264,-0.026288,0.005689,-0.017889,-0.018885,-0.451887,
1629325936.000000,543969393.000000,0.012880,-0.005647,0.000468,-0.008039,0.037058,-0.033007,0.998736,0.090878,-0.026018,0.004740,-0.050228,0.038092,-0.445684,
1629325936.000000,548972368.000000,0.013317,-0.005806,0.000455,-0.008199,0.037045,-0.034103,0.998698,0.088468,-0.025764,0.003257,-0.041603,-0.114281,-0.442266,
1629325936.000000,553975105.000000,0.013780,-0.006013,0.000606,-0.008292,0.036658,-0.035225,0.998672,0.090134,-0.032562,0.025450,0.024293,-0.079730,-0.460469,
1629325936.000000,558977842.000000,0.014227,-0.006213,0.000723,-0.008187,0.036709,-0.036387,0.998630,0.089338,-0.035115,0.033028,0.078977,0.089743,-0.458435,
1629325936.000000,563981056.000000,0.017696,-0.006018,0.001535,-0.008052,0.036683,-0.037539,0.998589,0.120420,-0.032539,0.063755,0.107539,0.144570,-0.435114,
1629325936.000000,568984985.000000,0.018229,-0.006199,0.001743,-0.007783,0.037068,-0.038618,0.998536,0.111968,-0.032110,0.061703,0.121467,0.180407,-0.420145,
1629325936.000000,573988199.000000,0.018791,-0.006403,0.002024,-0.007511,0.037487,-0.039678,0.998481,0.109351,-0.033645,0.066935,0.110796,0.150016,-0.419102,
1629325936.000000,664045095.000000,0.036560,-0.008786,0.000632,-0.007405,0.037455,-0.059502,0.997498,0.160966,-0.024269,0.045377,0.123943,0.080736,-0.454692,
1629325936.000000,669048071.000000,0.037358,-0.009010,0.000830,-0.007109,0.037748,-0.060638,0.997420,0.158736,-0.028059,0.057137,0.133188,0.150354,-0.436732,
1629325936.000000,674051285.000000,0.038145,-0.009252,0.001084,-0.006829,0.038131,-0.061713,0.997342,0.156483,-0.031866,0.068696,0.086594,0.187949,-0.420543,
1629325936.000000,679054022.000000,0.038866,-0.009382,0.001044,-0.006673,0.038514,-0.062769,0.997262,0.148985,-0.020752,0.039879,0.073242,0.083944,-0.416400,
1629325936.000000,684057951.000000,0.039596,-0.009574,0.001172,-0.006527,0.038494,-0.063807,0.997198,0.145022,-0.019685,0.037167,0.056792,-0.059049,-0.411039,
1629325936.000000,689061165.000000,0.040303,-0.009760,0.001298,-0.006521,0.038188,-0.064838,0.997144,0.140885,-0.018649,0.035084,-0.003134,-0.195057,-0.418465,
1629325936.000000,694064140.000000,0.041041,-0.009977,0.001441,-0.006618,0.037556,-0.065890,0.997098,0.144429,-0.022159,0.035449,0.009393,-0.280442,-0.426000,
1629325936.000000,699067116.000000,0.043316,-0.011007,0.000217,-0.006689,0.037008,-0.066979,0.997045,0.161865,-0.027466,0.019604,0.036529,-0.244212,-0.435612,
1629325936.000000,704070330.000000,0.044103,-0.011253,0.000258,-0.006675,0.036474,-0.068065,0.996992,0.161086,-0.028192,0.019054,0.036350,-0.182367,-0.427244,
1629325936.000000,709073067.000000,0.044884,-0.011503,0.000298,-0.006633,0.036149,-0.069120,0.996931,0.160258,-0.028934,0.018494,0.048042,-0.039912,-0.423841,
1629325936.000000,754102230.000000,0.053673,-0.012969,-0.000394,-0.006797,0.038128,-0.079275,0.996100,0.188218,-0.003303,0.000994,-0.038266,0.048032,-0.466649,
1629325936.000000,759105444.000000,0.054600,-0.013213,-0.000265,-0.006841,0.038202,-0.080450,0.996003,0.188157,-0.013684,0.026408,0.057332,0.045816,-0.474170,
1629325936.000000,764108419.000000,0.055348,-0.013940,-0.001076,-0.006597,0.038040,-0.081654,0.995913,0.186452,-0.028617,0.047194,0.135761,0.280520,-0.462593,
1629325936.000000,769111872.000000,0.056261,-0.014241,-0.000882,-0.006210,0.038959,-0.082788,0.995786,0.186318,-0.031873,0.057922,0.141913,0.409599,-0.428501,
1629325936.000000,774115086.000000,0.056949,-0.014514,-0.000747,-0.005823,0.039774,-0.083815,0.995670,0.161552,-0.034055,0.054188,0.147129,0.245760,-0.379470,
1629325936.000000,779118061.000000,0.057723,-0.014822,-0.000529,-0.005496,0.040002,-0.084754,0.995583,0.154238,-0.037065,0.059307,0.114349,-0.054063,-0.376059,
1629325936.000000,784121037.000000,0.058454,-0.015139,-0.000272,-0.005390,0.039588,-0.085741,0.995516,0.146440,-0.040107,0.065013,0.022665,-0.204499,-0.413524,
1629325936.000000,789124250.000000,0.059201,-0.015402,-0.000162,-0.005521,0.038893,-0.086790,0.995452,0.147087,-0.032485,0.045575,-0.028798,-0.415709,-0.425376,
1629325936.000000,794127226.000000,0.059902,-0.015685,0.000000,-0.005702,0.037580,-0.087824,0.995411,0.142765,-0.031294,0.041203,0.024462,-0.574203,-0.410361,
1629325936.000000,799130917.000000,0.059819,-0.015750,-0.001403,-0.005856,0.036210,-0.088847,0.995370,0.132285,-0.026365,-0.003121,0.082449,-0.409798,-0.422082,
1629325936.000000,844159365.000000,0.064920,-0.017844,0.001249,-0.003631,0.036384,-0.098654,0.994450,0.161338,-0.024961,0.027802,0.053455,-0.091469,-0.438172,
1629325936.000000,849162340.000000,0.065694,-0.018122,0.001322,-0.003553,0.036158,-0.099759,0.994348,0.161493,-0.023731,0.022590,0.055705,-0.049641,-0.445746,
1629325936.000000,854165316.000000,0.066523,-0.018422,0.001431,-0.003470,0.036095,-0.100894,0.994236,0.169260,-0.024434,0.026962,0.046112,-0.008730,-0.468045,
1629325936.000000,859169245.000000,0.067343,-0.018713,0.001504,-0.003396,0.036089,-0.102087,0.994115,0.172235,-0.023932,0.025754,0.053451,0.032070,-0.482037,
1629325936.000000,864172220.000000,0.068295,-0.018548,0.000580,-0.003466,0.035620,-0.103284,0.994008,0.180645,-0.019929,0.016644,0.060053,0.015808,-0.476740,
1629325936.000000,869174957.000000,0.069144,-0.018810,0.000620,-0.003346,0.035698,-0.104472,0.993881,0.180611,-0.017682,0.017527,0.065264,0.116350,-0.478758,
1629325936.000000,874178171.000000,0.070017,-0.019084,0.000639,-0.003205,0.036130,-0.105666,0.993740,0.182719,-0.016573,0.016429,0.030360,0.201410,-0.469332,
1629325936.000000,879181147.000000,0.070900,-0.019356,0.000647,-0.003165,0.036537,-0.106815,0.993602,0.184861,-0.015473,0.015068,0.016087,0.118364,-0.457457,
1629325936.000000,884183884.000000,0.071743,-0.019591,0.000576,-0.003143,0.036708,-0.107953,0.993473,0.179440,-0.010610,0.003021,0.010067,0.036451,-0.456454,
1629325936.000000,889188051.000000,0.072605,-0.019830,0.000514,-0.003209,0.036723,-0.109097,0.993347,0.178761,-0.008011,-0.002393,-0.034748,-0.026898,-0.469181,
1629325936.000000,944223404.000000,0.080703,-0.022816,-0.001280,-0.004814,0.038158,-0.121951,0.991791,0.179244,-0.002520,-0.033000,-0.065773,0.100729,-0.441579,
1629325936.000000,949226141.000000,0.081526,-0.023102,-0.001290,-0.004928,0.038434,-0.123037,0.991645,0.176871,-0.008883,-0.009930,-0.014645,0.144371,-0.444668,
1629325936.000000,954229116.000000,0.082354,-0.023361,-0.001395,-0.004894,0.038851,-0.124155,0.991490,0.175730,-0.009907,-0.004629,0.029148,0.170608,-0.447017,
1629325936.000000,959232330.000000,0.083180,-0.023626,-0.001437,-0.004847,0.039250,-0.125269,0.991334,0.174561,-0.010944,0.002434,-0.019593,0.173189,-0.455345,
1629325936.000000,964235306.000000,0.083577,-0.023817,-0.001631,-0.004942,0.039531,-0.126435,0.991175,0.160306,-0.016357,0.025418,-0.065973,0.044853,-0.447130,
1629325936.000000,969239473.000000,0.084335,-0.024099,-0.001539,-0.005053,0.039495,-0.127544,0.991033,0.157873,-0.017311,0.034674,0.048802,-0.027471,-0.464861,
1629325936.000000,974242210.000000,0.085086,-0.024385,-0.001397,-0.004814,0.039425,-0.128733,0.990884,0.155655,-0.018225,0.044105,0.156168,-0.005415,-0.468504,
1629325936.000000,979244947.000000,0.085780,-0.024706,-0.001200,-0.004484,0.039365,-0.129859,0.990741,0.147833,-0.025293,0.054273,0.129401,0.004944,-0.427806,
1629325936.000000,984247923.000000,0.086471,-0.025025,-0.000960,-0.004277,0.039416,-0.130895,0.990603,0.143296,-0.028735,0.063737,0.064155,0.080011,-0.406413,
1629325936.000000,989251137.000000,0.087137,-0.025357,-0.000670,-0.004204,0.039594,-0.131899,0.990463,0.138655,-0.032217,0.073182,0.005610,0.030043,-0.400106,
1629325937.000000,34280300.000000,0.091586,-0.027331,-0.001298,-0.004599,0.038991,-0.141614,0.989143,0.161798,-0.004318,-0.005861,-0.046685,0.005933,-0.437299,
1629325937.000000,39283037.000000,0.092225,-0.027592,-0.001306,-0.004773,0.038715,-0.142710,0.988996,0.150320,-0.007416,-0.001329,-0.012741,-0.161295,-0.450185,
1629325937.000000,44286251.000000,0.092929,-0.027836,-0.001382,-0.004896,0.038344,-0.143831,0.988847,0.148633,-0.006039,-0.003637,-0.035592,-0.142118,-0.458662,
1629325937.000000,49289227.000000,0.093629,-0.028074,-0.001469,-0.005123,0.038032,-0.144944,0.988695,0.147323,-0.004669,-0.005930,-0.053325,-0.115803,-0.438555,
1629325937.000000,54293156.000000,0.094377,-0.028408,-0.001385,-0.005267,0.037785,-0.146001,0.988549,0.155442,-0.015618,0.017035,0.004438,-0.090226,-0.428714,
1629325937.000000,59296370.000000,0.095106,-0.028719,-0.001333,-0.005217,0.037692,-0.147087,0.988391,0.157667,-0.019155,0.025391,0.080084,0.074316,-0.449061,
1629325937.000000,64299345.000000,0.095739,-0.029304,-0.001462,-0.004875,0.037884,-0.148172,0.988224,0.159067,-0.028958,0.052795,0.103764,0.227825,-0.453424,
1629325937.000000,69302082.000000,0.096476,-0.029686,-0.001231,-0.004560,0.038498,-0.149306,0.988031,0.160486,-0.032470,0.063409,0.113016,0.301649,-0.457528,
1629325937.000000,74305296.000000,0.097091,-0.030001,-0.001147,-0.004190,0.039197,-0.150447,0.987832,0.148665,-0.030869,0.053010,0.125970,0.278657,-0.445988,
1629325937.000000,79308271.000000,0.097769,-0.030375,-0.000930,-0.003873,0.039670,-0.151533,0.987648,0.146488,-0.032912,0.057046,0.090907,0.124982,-0.425590,
1629325937.000000,169365168.000000,0.106527,-0.035661,-0.001007,-0.003899,0.039024,-0.171181,0.984459,0.128778,-0.032787,0.048052,0.095166,0.126351,-0.456799,
1629325937.000000,174369335.000000,0.107081,-0.036040,-0.000795,-0.003657,0.039263,-0.172284,0.984258,0.125424,-0.036752,0.057603,0.104607,0.122395,-0.436304,
1629325937.000000,179372311.000000,0.107618,-0.036435,-0.000542,-0.003402,0.039517,-0.173358,0.984060,0.122269,-0.040723,0.066735,0.078318,0.105946,-0.425756,
1629325937.000000,184375048.000000,0.108111,-0.036713,-0.000580,-0.003291,0.039604,-0.174393,0.983874,0.114116,-0.030502,0.035907,0.038561,-0.040122,-0.410822,
1629325937.000000,189378023.000000,0.108596,-0.037048,-0.000451,-0.003319,0.039252,-0.175387,0.983711,0.109353,-0.029810,0.032050,0.018465,-0.225914,-0.394847,
1629325937.000000,194381952.000000,0.109331,-0.037186,-0.001537,-0.003560,0.038605,-0.176358,0.983562,0.104679,-0.022632,-0.002925,0.006840,-0.349801,-0.412871,
1629325937.000000,199385166.000000,0.109905,-0.037519,-0.001472,-0.003734,0.037782,-0.177399,0.983406,0.114252,-0.022207,0.005214,0.008908,-0.266743,-0.429056,
1629325937.000000,204388142.000000,0.110401,-0.037822,-0.001487,-0.003820,0.037307,-0.178465,0.983231,0.114026,-0.021577,0.003743,0.022804,-0.138538,-0.442748,
1629325937.000000,209391117.000000,0.110898,-0.038123,-0.001511,-0.003814,0.037092,-0.179557,0.983041,0.114077,-0.020941,0.002205,0.047265,0.002685,-0.433362,
1629325937.000000,214394093.000000,0.111503,-0.038453,-0.001560,-0.003702,0.037285,-0.180617,0.982840,0.129804,-0.018783,-0.000278,0.028339,0.162072,-0.436270,
1629325937.000000,259423256.000000,0.118265,-0.041115,-0.002039,-0.003897,0.038688,-0.190324,0.980951,0.142139,-0.005101,-0.000407,0.018483,0.035983,-0.437519,
1629325937.000000,264426231.000000,0.118915,-0.041404,-0.002094,-0.003796,0.038750,-0.191407,0.980738,0.141645,-0.004495,-0.000253,0.086694,0.054615,-0.449108,
1629325937.000000,269429445.000000,0.119562,-0.041691,-0.002144,-0.003527,0.038917,-0.192535,0.980512,0.141132,-0.003880,0.000037,0.122030,0.132091,-0.453590,
1629325937.000000,274432182.000000,0.120010,-0.042046,-0.001955,-0.003189,0.039318,-0.193645,0.980278,0.128018,-0.013863,0.016811,0.109169,0.254889,-0.442802,
1629325937.000000,279435158.000000,0.120568,-0.042354,-0.001911,-0.002886,0.039823,-0.194714,0.980047,0.124243,-0.015628,0.020682,0.083525,0.118484,-0.413095,
1629325937.000000,284439325.000000,0.121100,-0.042663,-0.001846,-0.002744,0.039816,-0.195710,0.979849,0.120178,-0.017432,0.024378,0.061158,-0.035992,-0.405382,
1629325937.000000,289442062.000000,0.121622,-0.042911,-0.001934,-0.002715,0.039622,-0.196728,0.979653,0.115394,-0.009985,0.004162,0.018644,-0.129091,-0.420486,
1629325937.000000,294445038.000000,0.121837,-0.044366,-0.001797,-0.002853,0.039170,-0.197721,0.979471,0.121001,-0.022319,-0.000611,0.002497,-0.238496,-0.415192,
1629325937.000000,299448252.000000,0.122346,-0.044698,-0.001855,-0.002999,0.038504,-0.198732,0.979293,0.118305,-0.020418,-0.006651,0.021768,-0.284188,-0.417154,
1629325937.000000,304450989.000000,0.122843,-0.045016,-0.001943,-0.003105,0.037825,-0.199771,0.979107,0.115457,-0.018528,-0.012611,0.029334,-0.241812,-0.427924,
1629325937.000000,349480152.000000,0.129926,-0.048166,-0.001667,-0.003069,0.039162,-0.209378,0.977046,0.156918,-0.004419,0.003853,-0.032546,0.026598,-0.438578,
1629325937.000000,354483366.000000,0.130635,-0.048544,-0.001634,-0.003164,0.039177,-0.210451,0.976814,0.158473,-0.008520,0.013528,-0.006992,-0.002636,-0.444912,
1629325937.000000,359486341.000000,0.131241,-0.049759,-0.002528,-0.003235,0.038813,-0.211521,0.976597,0.159136,-0.020648,0.013514,0.016568,0.062062,-0.459877,
1629325937.000000,364489079.000000,0.131927,-0.050187,-0.002508,-0.003146,0.039028,-0.212649,0.976344,0.159710,-0.021642,0.017493,0.059003,0.118571,-0.454641,
1629325937.000000,369492292.000000,0.132535,-0.050644,-0.002344,-0.002932,0.039243,-0.213747,0.976096,0.152247,-0.028980,0.034844,0.097563,0.077344,-0.438556,
1629325937.000000,374496222.000000,0.133174,-0.051103,-0.002205,-0.002674,0.039395,-0.214830,0.975853,0.150490,-0.032057,0.043086,0.109202,0.138963,-0.444895,
1629325937.000000,379499197.000000,0.133804,-0.051576,-0.002018,-0.002373,0.039774,-0.215922,0.975597,0.148977,-0.035128,0.051872,0.086923,0.181426,-0.431259,
1629325937.000000,384502411.000000,0.134393,-0.051978,-0.001975,-0.002171,0.040025,-0.216946,0.975360,0.140826,-0.028769,0.033685,0.066465,0.030852,-0.405498,
1629325937.000000,389505386.000000,0.134971,-0.052403,-0.001862,-0.002117,0.039788,-0.217928,0.975151,0.136487,-0.028134,0.031108,0.040053,-0.201425,-0.397009,
1629325937.000000,394508839.000000,0.135297,-0.052186,-0.002770,-0.002297,0.039122,-0.218885,0.974963,0.120132,-0.020373,0.008136,0.010163,-0.231773,-0.422524,
1629325937.000000,444540262.000000,0.140402,-0.055389,-0.001844,-0.002347,0.039343,-0.229545,0.972500,0.147292,-0.001952,0.000377,-0.028989,0.019032,-0.432235,
1629325937.000000,449543238.000000,0.141031,-0.055734,-0.001853,-0.002467,0.039400,-0.230588,0.972250,0.145074,-0.003222,0.004514,-0.027255,0.041618,-0.432141,
1629325937.000000,454547167.000000,0.141669,-0.056073,-0.001886,-0.002538,0.039518,-0.231642,0.971995,0.144670,-0.002513,0.004119,-0.031107,0.007616,-0.433308,
1629325937.000000,459550142.000000,0.142877,-0.057042,-0.002900,-0.002682,0.039123,-0.232691,0.971760,0.148529,-0.007545,-0.005274,-0.026038,-0.037542,-0.448175,
1629325937.000000,464553118.000000,0.143493,-0.057504,-0.002716,-0.002742,0.039072,-0.233795,0.971497,0.148263,-0.017827,0.022723,0.031467,0.016407,-0.454707,
1629325937.000000,469556332.000000,0.144119,-0.057929,-0.002636,-0.002576,0.039206,-0.234917,0.971221,0.148227,-0.020591,0.030972,0.105095,0.134165,-0.468386,
1629325937.000000,474559307.000000,0.144746,-0.058372,-0.002507,-0.002234,0.039527,-0.236053,0.970933,0.148712,-0.023329,0.040048,0.120199,0.161124,-0.439952,
1629325937.000000,479562283.000000,0.145338,-0.058779,-0.002416,-0.001923,0.039863,-0.237092,0.970667,0.142410,-0.021593,0.037336,0.088051,0.190042,-0.421382,
1629325937.000000,484566212.000000,0.145926,-0.059205,-0.002271,-0.001681,0.040280,-0.238132,0.970396,0.139519,-0.022589,0.041422,0.053943,0.152749,-0.422760,
1629325937.000000,489569187.000000,0.146500,-0.059632,-0.002107,-0.001586,0.040377,-0.239135,0.970145,0.136845,-0.023608,0.045249,0.038969,-0.077212,-0.397147,
1629325937.000000,529594183.000000,0.149692,-0.062489,-0.001793,-0.001786,0.039188,-0.247451,0.968106,0.141358,-0.017206,0.030053,0.000653,0.126334,-0.438796,
1629325937.000000,534597158.000000,0.150294,-0.062910,-0.001695,-0.001791,0.039310,-0.248516,0.967828,0.144804,-0.016553,0.031543,-0.003369,0.023303,-0.441919,
1629325937.000000,539601326.000000,0.150907,-0.063337,-0.001582,-0.001835,0.039383,-0.249590,0.967549,0.148219,-0.015896,0.033041,-0.006754,0.035558,-0.445134,
1629325937.000000,544604063.000000,0.151338,-0.063575,-0.001644,-0.001886,0.039442,-0.250659,0.967270,0.134864,-0.010032,0.021367,-0.017230,-0.006581,-0.435583,
1629325937.000000,549607038.000000,0.151917,-0.063948,-0.001570,-0.001977,0.039438,-0.251702,0.966999,0.135276,-0.008355,0.020931,-0.011068,0.028722,-0.432283,
1629325937.000000,554610252.000000,0.152501,-0.064315,-0.001486,-0.002024,0.039602,-0.252749,0.966719,0.135531,-0.006679,0.021194,-0.044746,0.076129,-0.432374,
1629325937.000000,559613228.000000,0.153052,-0.065058,-0.002984,-0.002109,0.039314,-0.253739,0.966471,0.139981,-0.012473,0.000572,-0.042017,0.021983,-0.431262,
1629325937.000000,564617157.000000,0.153630,-0.065458,-0.003028,-0.002199,0.039258,-0.254787,0.966198,0.140118,-0.012899,0.001797,0.021004,-0.073551,-0.438687,
1629325937.000000,569620371.000000,0.154204,-0.065861,-0.003065,-0.002143,0.039095,-0.255885,0.965914,0.140098,-0.013312,0.002977,0.087121,0.023124,-0.471664,
1629325937.000000,574623108.000000,0.154693,-0.066339,-0.002819,-0.001867,0.039298,-0.257051,0.965597,0.133993,-0.025791,0.033866,0.108554,0.176751,-0.470867,
1629325937.000000,624655247.000000,0.160408,-0.071174,-0.002540,-0.001391,0.038237,-0.267357,0.962838,0.154815,-0.017193,0.014862,0.027470,0.282095,-0.421725,
1629325937.000000,629658222.000000,0.161052,-0.071654,-0.002548,-0.001171,0.038922,-0.268383,0.962525,0.160291,-0.015514,0.012852,0.020188,0.258642,-0.423913,
1629325937.000000,634660959.000000,0.161607,-0.072061,-0.002528,-0.001077,0.039357,-0.269408,0.962221,0.150335,-0.012285,0.012351,-0.010790,0.112709,-0.432317,
1629325937.000000,639664173.000000,0.162223,-0.072500,-0.002517,-0.001121,0.039464,-0.270464,0.961920,0.150552,-0.010101,0.011679,-0.002455,-0.033323,-0.444137,
1629325937.000000,644667149.000000,0.162851,-0.072934,-0.002517,-0.001189,0.039352,-0.271538,0.961622,0.150949,-0.007888,0.010938,-0.005305,0.001855,-0.447304,
1629325937.000000,649671078.000000,0.163479,-0.073359,-0.002521,-0.001239,0.039463,-0.272602,0.961317,0.151091,-0.005693,0.010055,-0.018352,0.045557,-0.434573,
1629325937.000000,654674292.000000,0.164091,-0.073785,-0.002521,-0.001312,0.039548,-0.273625,0.961022,0.149840,-0.005701,0.009708,-0.027790,0.026824,-0.421687,
1629325937.000000,659677267.000000,0.164957,-0.074258,-0.003681,-0.001395,0.039453,-0.274599,0.960748,0.144472,-0.004899,-0.008200,-0.039495,0.065972,-0.425987,
1629325937.000000,664680004.000000,0.165553,-0.074656,-0.003779,-0.001493,0.039614,-0.275627,0.960447,0.143701,-0.003491,-0.009376,-0.034222,0.005345,-0.429274,
1629325937.000000,669683218.000000,0.166086,-0.075172,-0.003565,-0.001592,0.039461,-0.276658,0.960157,0.141883,-0.017149,0.021291,0.040164,-0.122480,-0.431337,
1629325937.000000,769747257.000000,0.177958,-0.084432,-0.005134,-0.000998,0.039329,-0.297487,0.953915,0.155460,-0.004635,-0.003639,0.014801,0.055790,-0.450808,
1629325937.000000,774750233.000000,0.178580,-0.084893,-0.005206,-0.000902,0.039381,-0.298572,0.953574,0.155633,-0.004830,-0.002396,0.087272,-0.007571,-0.460198,
1629325937.000000,779753447.000000,0.179145,-0.085401,-0.005112,-0.000664,0.039303,-0.299688,0.953227,0.151209,-0.015304,0.021101,0.134420,0.075937,-0.459303,
1629325937.000000,784756184.000000,0.179720,-0.085907,-0.005039,-0.000273,0.039661,-0.300777,0.952870,0.149733,-0.019600,0.031099,0.098216,0.294045,-0.445340,
1629325937.000000,789759159.000000,0.180282,-0.086430,-0.004916,0.000109,0.040373,-0.301804,0.952515,0.148529,-0.023913,0.041091,0.064846,0.296838,-0.400759,
1629325937.000000,794763327.000000,0.179601,-0.086920,-0.003983,0.000489,0.041096,-0.302732,0.952189,0.125294,-0.025109,0.031250,0.062898,0.021060,-0.367542,
1629325937.000000,799766302.000000,0.180048,-0.087384,-0.003891,0.000480,0.040762,-0.303636,0.951916,0.121191,-0.024014,0.025832,0.033201,-0.245588,-0.397327,
1629325937.000000,804769278.000000,0.180478,-0.087831,-0.003822,0.000223,0.040004,-0.304627,0.951631,0.117084,-0.022917,0.020505,-0.009551,-0.358899,-0.424253,
1629325937.000000,809772491.000000,0.180963,-0.088324,-0.003689,-0.000122,0.039138,-0.305655,0.951338,0.125587,-0.023463,0.027295,0.005194,-0.366138,-0.444291,
1629325937.000000,814774990.000000,0.181417,-0.088789,-0.003597,-0.000364,0.038334,-0.306728,0.951025,0.125990,-0.023004,0.026536,0.033183,-0.274097,-0.447673,
1629325937.000000,859804153.000000,0.186005,-0.093061,-0.004943,-0.000238,0.039174,-0.316053,0.947932,0.148057,-0.005903,-0.004936,-0.026211,0.088252,-0.432531,
1629325937.000000,864807367.000000,0.186578,-0.093526,-0.005018,-0.000302,0.039360,-0.317073,0.947584,0.148673,-0.004608,-0.004630,-0.019260,0.073200,-0.422150,
1629325937.000000,869810104.000000,0.187086,-0.094072,-0.004861,-0.000285,0.039528,-0.318081,0.947239,0.146715,-0.016712,0.022189,0.015169,0.048438,-0.443128,
1629325937.000000,874814034.000000,0.187618,-0.094587,-0.004773,-0.000224,0.039560,-0.319175,0.946870,0.146036,-0.019866,0.031594,0.068187,0.018264,-0.465866,
1629325937.000000,879817247.000000,0.188144,-0.095118,-0.004636,-0.000035,0.039514,-0.320288,0.946496,0.145741,-0.023000,0.041090,0.111081,-0.001531,-0.468869,
1629325937.000000,884820223.000000,0.188661,-0.095662,-0.004459,0.000220,0.039466,-0.321409,0.946118,0.145389,-0.026119,0.050207,0.131144,0.078353,-0.464704,
1629325937.000000,889823198.000000,0.189129,-0.096176,-0.004387,0.000573,0.039693,-0.322506,0.945735,0.139537,-0.027624,0.040686,0.096257,0.172373,-0.452914,
1629325937.000000,894826412.000000,0.189824,-0.096936,-0.004420,0.000963,0.040231,-0.323532,0.945361,0.135356,-0.031499,0.035490,0.052270,0.111057,-0.418895,
1629325937.000000,899830341.000000,0.190260,-0.097478,-0.004284,0.001013,0.040230,-0.324500,0.945029,0.132482,-0.034157,0.037667,0.015123,-0.106276,-0.404862,
1629325937.000000,904833078.000000,0.190718,-0.097900,-0.004377,0.000827,0.039757,-0.325474,0.944714,0.126690,-0.023642,0.014500,0.010659,-0.253187,-0.419875,
1629325937.000000,949862242.000000,0.196102,-0.102669,-0.004560,0.000662,0.039654,-0.334894,0.941421,0.158605,-0.000783,0.007405,-0.029666,-0.068603,-0.450786,
1629325937.000000,954865217.000000,0.196717,-0.103170,-0.004583,0.000481,0.039486,-0.335957,0.941049,0.158129,0.001149,0.007419,-0.026383,-0.081371,-0.449898,
1629325937.000000,959868193.000000,0.196458,-0.103788,-0.005173,0.000491,0.039357,-0.337035,0.940669,0.138746,-0.004635,-0.004376,-0.027340,0.025615,-0.443460,
1629325937.000000,964871168.000000,0.196953,-0.104349,-0.005078,0.000425,0.039504,-0.338062,0.940294,0.141534,-0.014492,0.014105,-0.028440,0.040132,-0.429657,
1629325937.000000,969874144.000000,0.197457,-0.104864,-0.005031,0.000388,0.039549,-0.339065,0.939931,0.141545,-0.016524,0.020718,0.038403,0.009715,-0.429537,
1629325937.000000,974877119.000000,0.197949,-0.105384,-0.004954,0.000557,0.039545,-0.340116,0.939552,0.141044,-0.018544,0.027162,0.110206,0.055346,-0.462571,
1629325937.000000,979880333.000000,0.198375,-0.105902,-0.004826,0.000881,0.039704,-0.341241,0.939136,0.133161,-0.024847,0.037045,0.116543,0.178138,-0.476618,
1629325937.000000,984884262.000000,0.198807,-0.106433,-0.004667,0.001264,0.040096,-0.342339,0.938720,0.129781,-0.028583,0.044743,0.100432,0.189549,-0.442501,
1629325937.000000,989887238.000000,0.199216,-0.106970,-0.004470,0.001582,0.040364,-0.343344,0.938341,0.126325,-0.032353,0.052269,0.101440,0.118902,-0.411424,
1629325937.000000,994890213.000000,0.198839,-0.108116,-0.003696,0.002015,0.040604,-0.344254,0.937996,0.125432,-0.047881,0.061737,0.062307,0.011159,-0.392328,
1629325938.000000,39918184.000000,0.203297,-0.111903,-0.004685,0.001410,0.039347,-0.353161,0.934734,0.156973,-0.006210,-0.001215,0.024827,0.151165,-0.425325,
1629325938.000000,44922113.000000,0.203792,-0.112378,-0.004722,0.001498,0.039500,-0.354163,0.934348,0.146597,-0.004252,0.000231,0.012421,0.029511,-0.430673,
1629325938.000000,49925327.000000,0.204327,-0.112874,-0.004777,0.001465,0.039570,-0.355179,0.933959,0.146073,-0.001980,-0.000907,-0.015646,0.039244,-0.439221,
1629325938.000000,54928064.000000,0.204866,-0.113362,-0.004838,0.001389,0.039650,-0.356201,0.933567,0.145658,0.000293,-0.002041,-0.035691,-0.021522,-0.433944,
1629325938.000000,59931040.000000,0.205486,-0.113798,-0.005463,0.001259,0.039280,-0.357169,0.933213,0.141894,-0.001972,-0.000997,-0.025263,-0.059368,-0.438103,
1629325938.000000,64935207.000000,0.206006,-0.114278,-0.005526,0.001140,0.039207,-0.358206,0.932818,0.141832,-0.001698,-0.000929,-0.021732,-0.010399,-0.452018,
1629325938.000000,69938183.000000,0.206527,-0.114761,-0.005595,0.001093,0.039273,-0.359257,0.932411,0.142078,-0.001420,-0.001301,0.019368,0.058529,-0.443575,
1629325938.000000,74941158.000000,0.206987,-0.115297,-0.005481,0.001238,0.039380,-0.360287,0.932009,0.138830,-0.013285,0.023259,0.081547,0.051441,-0.442329,
1629325938.000000,79944372.000000,0.207454,-0.115824,-0.005389,0.001490,0.039424,-0.361337,0.931600,0.137416,-0.017862,0.033465,0.130355,0.097273,-0.446735,
1629325938.000000,84947109.000000,0.207902,-0.116365,-0.005244,0.001899,0.039675,-0.362388,0.931181,0.136011,-0.022425,0.044293,0.113665,0.216402,-0.445604,
1629325938.000000,129976034.000000,0.211600,-0.121251,-0.004971,0.001651,0.037818,-0.371178,0.927790,0.150108,-0.010090,0.010997,0.012139,0.110714,-0.426472,
1629325938.000000,134979248.000000,0.212124,-0.121813,-0.004978,0.001778,0.038125,-0.372184,0.927374,0.156012,-0.008612,0.009867,0.023881,0.212333,-0.441405,
1629325938.000000,139981985.000000,0.212631,-0.122309,-0.005046,0.002013,0.038656,-0.373219,0.926935,0.153202,-0.003798,0.003068,0.018675,0.200101,-0.446809,
1629325938.000000,144984961.000000,0.213179,-0.122854,-0.005094,0.002139,0.038990,-0.374242,0.926509,0.156380,-0.001295,0.000522,0.011074,0.129878,-0.431883,
1629325938.000000,149989128.000000,0.213743,-0.123400,-0.005157,0.002198,0.039191,-0.375243,0.926095,0.159263,0.001214,-0.002037,0.001597,0.009086,-0.440238,
1629325938.000000,154992104.000000,0.214263,-0.123909,-0.005199,0.002112,0.039172,-0.376283,0.925674,0.151659,0.001306,-0.000275,-0.030350,0.035059,-0.454278,
1629325938.000000,159995079.000000,0.214463,-0.124706,-0.005734,0.002097,0.039170,-0.377300,0.925260,0.148179,-0.002646,-0.005491,-0.039076,0.050419,-0.448949,
1629325938.000000,164998293.000000,0.214980,-0.125229,-0.005819,0.001975,0.039181,-0.378328,0.924840,0.147989,-0.001135,-0.006699,-0.020832,-0.079189,-0.444609,
1629325938.000000,170001030.000000,0.215425,-0.125819,-0.005722,0.001830,0.039004,-0.379367,0.924422,0.145840,-0.011788,0.012273,0.000464,-0.021969,-0.457386,
1629325938.000000,175004005.000000,0.215899,-0.126378,-0.005697,0.001866,0.039092,-0.380438,0.923978,0.144864,-0.014158,0.017746,0.037686,0.074726,-0.463876,
1629325938.000000,265062094.000000,0.224135,-0.136814,-0.006709,0.002903,0.039244,-0.398510,0.916320,0.150519,-0.002910,-0.002140,-0.042166,0.026086,-0.443736,
1629325938.000000,270065069.000000,0.224635,-0.137371,-0.006774,0.002761,0.039216,-0.399535,0.915875,0.149682,-0.002315,-0.001221,-0.020661,-0.128536,-0.457530,
1629325938.000000,275068283.000000,0.225134,-0.137925,-0.006841,0.002592,0.038869,-0.400607,0.915421,0.148806,-0.001706,-0.001120,0.060017,-0.066047,-0.474665,
1629325938.000000,280071259.000000,0.225570,-0.138526,-0.006752,0.002796,0.038876,-0.401708,0.914938,0.146144,-0.012974,0.020870,0.096854,0.105462,-0.476800,
1629325938.000000,285074234.000000,0.226013,-0.139116,-0.006674,0.003116,0.039100,-0.402783,0.914454,0.144356,-0.017123,0.030861,0.114373,0.179947,-0.449162,
1629325938.000000,290078402.000000,0.226436,-0.139717,-0.006544,0.003567,0.039446,-0.403784,0.913997,0.142515,-0.021292,0.041095,0.122235,0.214154,-0.421302,
1629325938.000000,295081139.000000,0.226301,-0.140598,-0.006438,0.004058,0.039715,-0.404774,0.913545,0.129738,-0.023912,0.028371,0.082783,0.141328,-0.413943,
1629325938.000000,300084114.000000,0.226644,-0.141150,-0.006345,0.004200,0.039774,-0.405710,0.913126,0.124241,-0.023341,0.026175,0.034742,-0.047620,-0.395955,
1629325938.000000,305087328.000000,0.226963,-0.141673,-0.006267,0.004037,0.039387,-0.406618,0.912740,0.118274,-0.022813,0.023495,0.005962,-0.290106,-0.409542,
1629325938.000000,310090303.000000,0.227305,-0.142211,-0.006184,0.003653,0.038559,-0.407582,0.912347,0.119906,-0.021546,0.022164,0.025035,-0.382066,-0.421594,
1629325938.000000,360122204.000000,0.231955,-0.147752,-0.007097,0.003695,0.038892,-0.417577,0.907801,0.147781,0.001589,-0.003921,-0.010936,0.019844,-0.436429,
1629325938.000000,365125179.000000,0.232439,-0.148303,-0.007177,0.003634,0.038932,-0.418589,0.907334,0.146151,0.002619,-0.004844,-0.025662,0.008306,-0.460889,
1629325938.000000,370129108.000000,0.232920,-0.148847,-0.007261,0.003502,0.038948,-0.419648,0.906844,0.144638,0.003661,-0.005804,-0.031282,-0.045360,-0.467471,
1629325938.000000,375132322.000000,0.233331,-0.149502,-0.007040,0.003375,0.038771,-0.420708,0.906361,0.145778,-0.009593,0.024696,0.050635,-0.098748,-0.472591,
1629325938.000000,380135059.000000,0.233764,-0.150098,-0.006952,0.003493,0.038569,-0.421808,0.905858,0.144872,-0.012870,0.032683,0.123503,0.051158,-0.487613,
1629325938.000000,385138035.000000,0.234187,-0.150709,-0.006813,0.003894,0.038790,-0.422904,0.905335,0.144487,-0.016130,0.041842,0.115998,0.228064,-0.460047,
1629325938.000000,390141249.000000,0.234591,-0.151276,-0.006704,0.004355,0.039237,-0.423906,0.904845,0.138199,-0.014946,0.040159,0.107191,0.237561,-0.423592,
1629325938.000000,395144224.000000,0.234972,-0.151845,-0.006940,0.004816,0.039657,-0.424861,0.904377,0.124852,-0.016772,0.031801,0.091489,0.099579,-0.402455,
1629325938.000000,400148153.000000,0.235304,-0.152378,-0.006819,0.004944,0.039632,-0.425779,0.903945,0.120185,-0.018368,0.033887,0.037078,-0.061620,-0.410861,
1629325938.000000,405151367.000000,0.235687,-0.152830,-0.006872,0.004765,0.039255,-0.426730,0.903514,0.116315,-0.008418,0.015583,0.002830,-0.281628,-0.421708,
1629325938.000000,445176125.000000,0.238831,-0.158274,-0.007199,0.004179,0.037858,-0.434747,0.899747,0.162302,-0.000507,-0.004457,-0.004353,-0.005010,-0.481494,
1629325938.000000,450180054.000000,0.239298,-0.158885,-0.007250,0.004124,0.037940,-0.435819,0.899225,0.158801,-0.000414,-0.003005,-0.021663,0.076823,-0.472841,
1629325938.000000,455183029.000000,0.239788,-0.159508,-0.007323,0.004145,0.038196,-0.436863,0.898707,0.159453,0.000975,-0.003891,-0.019407,0.091378,-0.455829,
1629325938.000000,460186243.000000,0.239477,-0.159730,-0.007569,0.004261,0.038285,-0.437878,0.898209,0.145904,-0.001976,-0.012040,0.014553,0.080945,-0.430354,
1629325938.000000,465189219.000000,0.239912,-0.160302,-0.007669,0.004336,0.038460,-0.438832,0.897735,0.145428,-0.000698,-0.012605,-0.014840,0.059371,-0.429117,
1629325938.000000,470191956.000000,0.240286,-0.160882,-0.007581,0.004259,0.038589,-0.439818,0.897247,0.140559,-0.005556,0.005457,-0.034622,0.033421,-0.452677,
1629325938.000000,475195169.000000,0.240692,-0.161454,-0.007591,0.004197,0.038614,-0.440856,0.896737,0.138970,-0.006031,0.009854,0.022012,-0.054913,-0.471875,
1629325938.000000,480198145.000000,0.241090,-0.162022,-0.007582,0.004204,0.038359,-0.441941,0.896214,0.137401,-0.006497,0.013780,0.112566,-0.070769,-0.489953,
1629325938.000000,485202074.000000,0.241420,-0.162615,-0.007452,0.004482,0.038238,-0.443055,0.895667,0.132788,-0.016927,0.032251,0.144875,0.122226,-0.484738,
1629325938.000000,490205288.000000,0.241752,-0.163203,-0.007312,0.004958,0.038576,-0.444104,0.895131,0.129879,-0.021391,0.042259,0.105246,0.267141,-0.436799,
1629325938.000000,535233974.000000,0.243628,-0.168499,-0.007170,0.004613,0.036984,-0.452761,0.890853,0.142673,-0.010951,0.001739,0.010331,0.218152,-0.429158,
1629325938.000000,540236950.000000,0.244019,-0.169121,-0.007220,0.004822,0.037416,-0.453748,0.890331,0.148734,-0.008637,-0.001013,0.014597,0.170341,-0.449720,
1629325938.000000,545240164.000000,0.244371,-0.169698,-0.007260,0.004955,0.037683,-0.454757,0.889804,0.142518,-0.008549,-0.000977,0.012524,0.070814,-0.460190,
1629325938.000000,550243139.000000,0.244755,-0.170300,-0.007318,0.004925,0.037714,-0.455795,0.889272,0.143354,-0.007110,-0.002814,-0.017254,-0.045860,-0.469883,
1629325938.000000,555246115.000000,0.245146,-0.170902,-0.007389,0.004780,0.037675,-0.456835,0.888740,0.144257,-0.005660,-0.004913,-0.028126,0.031787,-0.466656,
1629325938.000000,560249090.000000,0.245558,-0.172191,-0.008053,0.004800,0.037842,-0.457868,0.888202,0.143381,-0.011798,-0.007830,-0.025920,0.055679,-0.454952,
1629325938.000000,565253019.000000,0.245921,-0.172804,-0.008134,0.004743,0.037924,-0.458863,0.887685,0.142871,-0.011399,-0.007180,-0.004770,0.025793,-0.440110,
1629325938.000000,570255995.000000,0.246278,-0.173407,-0.008201,0.004738,0.038018,-0.459843,0.887173,0.141892,-0.011018,-0.006016,-0.016162,0.040143,-0.452715,
1629325938.000000,575259209.000000,0.246574,-0.174035,-0.008034,0.004714,0.038101,-0.460871,0.886636,0.136889,-0.020639,0.025190,0.030101,0.022007,-0.467862,
1629325938.000000,580262184.000000,0.246879,-0.174662,-0.007919,0.004835,0.038010,-0.461919,0.886094,0.134799,-0.024242,0.037214,0.113694,-0.041392,-0.473063,
1629325938.000000,640300274.000000,0.250330,-0.183032,-0.006645,0.005477,0.037271,-0.473646,0.879910,0.150028,-0.010141,0.008293,0.008066,0.182963,-0.434938,
1629325938.000000,645304203.000000,0.250710,-0.183689,-0.006660,0.005597,0.037591,-0.474622,0.879369,0.151760,-0.007441,0.006047,-0.009105,0.097204,-0.459321,
1629325938.000000,650306940.000000,0.251105,-0.184347,-0.006690,0.005556,0.037674,-0.475647,0.878812,0.153714,-0.004713,0.003633,-0.019666,-0.061424,-0.465910,
1629325938.000000,655309916.000000,0.251470,-0.185001,-0.006698,0.005334,0.037476,-0.476664,0.878270,0.151275,-0.006978,0.005555,-0.025051,-0.101575,-0.464652,
1629325938.000000,660313129.000000,0.251911,-0.185744,-0.007678,0.005212,0.037533,-0.477697,0.877707,0.146235,-0.007559,-0.007594,-0.029362,0.036780,-0.462642,
1629325938.000000,665316105.000000,0.252272,-0.186374,-0.007767,0.005175,0.037716,-0.478697,0.877154,0.145497,-0.006873,-0.008327,-0.033651,0.047011,-0.449884,
1629325938.000000,670319080.000000,0.252587,-0.187064,-0.007652,0.005126,0.037819,-0.479672,0.876617,0.146605,-0.015270,0.014937,0.001360,0.048115,-0.445527,
1629325938.000000,675323248.000000,0.252917,-0.187731,-0.007609,0.005236,0.037935,-0.480665,0.876068,0.146632,-0.017586,0.022166,0.064339,0.072058,-0.459408,
1629325938.000000,680325985.000000,0.253238,-0.188406,-0.007524,0.005501,0.038059,-0.481695,0.875495,0.146651,-0.019880,0.029833,0.098541,0.159316,-0.473304,
1629325938.000000,685329199.000000,0.253508,-0.189027,-0.007417,0.005880,0.038297,-0.482736,0.874909,0.136555,-0.022437,0.035205,0.109077,0.101346,-0.465893,
1629325938.000000,730358362.000000,0.255258,-0.194043,-0.006313,0.005350,0.036302,-0.491295,0.870220,0.129454,-0.017478,0.028946,0.019577,0.191885,-0.439253,
1629325938.000000,735361338.000000,0.255614,-0.194673,-0.006321,0.005603,0.036790,-0.492255,0.869655,0.139257,-0.009763,0.018044,0.006516,0.237300,-0.439409,
1629325938.000000,740364075.000000,0.255947,-0.195305,-0.006288,0.005832,0.037231,-0.493203,0.869097,0.143837,-0.006939,0.015200,0.004622,0.151504,-0.438223,
1629325938.000000,745367289.000000,0.256300,-0.195949,-0.006273,0.005919,0.037460,-0.494169,0.868538,0.148227,-0.004096,0.012310,0.000239,0.072573,-0.454218,
1629325938.000000,750370026.000000,0.256611,-0.196541,-0.006238,0.005930,0.037567,-0.495158,0.867970,0.140134,-0.004401,0.013414,-0.006058,0.010461,-0.450090,
1629325938.000000,755374193.000000,0.256954,-0.197157,-0.006224,0.005827,0.037546,-0.496131,0.867416,0.139886,-0.002823,0.012091,-0.026317,-0.044862,-0.455202,
1629325938.000000,760377169.000000,0.257127,-0.198429,-0.007246,0.005794,0.037490,-0.497141,0.866840,0.140912,-0.007620,-0.004488,-0.033968,-0.027931,-0.455453,
1629325938.000000,765380144.000000,0.257424,-0.199108,-0.007261,0.005701,0.037584,-0.498125,0.866271,0.144026,-0.011817,0.001162,-0.041247,0.086430,-0.464805,
1629325938.000000,770383120.000000,0.257733,-0.199758,-0.007296,0.005719,0.037846,-0.499125,0.865684,0.144269,-0.012110,0.003055,-0.000040,0.065150,-0.449142,
1629325938.000000,775386095.000000,0.258039,-0.200410,-0.007324,0.005803,0.037897,-0.500083,0.865128,0.144341,-0.012422,0.004615,0.061030,0.059572,-0.447679,
1629325938.000000,865443945.000000,0.261668,-0.212746,-0.006543,0.006285,0.037600,-0.517016,0.855126,0.142553,-0.011062,-0.000474,-0.033065,-0.025179,-0.461789,
1629325938.000000,870447159.000000,0.261952,-0.213403,-0.006602,0.006198,0.037715,-0.517998,0.854528,0.142276,-0.010374,-0.001565,-0.039528,0.043930,-0.458545,
1629325938.000000,875450134.000000,0.262183,-0.214085,-0.006473,0.006187,0.037825,-0.518968,0.853934,0.140639,-0.018710,0.022712,0.042191,0.052753,-0.450011,
1629325938.000000,880453110.000000,0.262423,-0.214760,-0.006385,0.006380,0.037826,-0.519926,0.853350,0.139809,-0.021638,0.030904,0.097178,0.020380,-0.441478,
1629325938.000000,885456324.000000,0.262650,-0.215442,-0.006260,0.006620,0.037822,-0.520881,0.852765,0.138845,-0.024558,0.039285,0.105269,0.153704,-0.451000,
1629325938.000000,890459061.000000,0.262863,-0.216064,-0.006182,0.007080,0.038166,-0.521847,0.852156,0.130747,-0.022754,0.034514,0.085278,0.218052,-0.439488,
1629325938.000000,895462990.000000,0.262053,-0.216429,-0.005108,0.007548,0.038712,-0.522725,0.851589,0.118828,-0.032623,0.047772,0.085935,0.102863,-0.414823,
1629325938.000000,900466204.000000,0.262183,-0.217039,-0.004905,0.007714,0.038656,-0.523602,0.851050,0.115508,-0.033712,0.050349,0.072356,-0.069744,-0.403136,
1629325938.000000,905469179.000000,0.262369,-0.217582,-0.004889,0.007596,0.038311,-0.524469,0.850533,0.111599,-0.024228,0.029869,0.017942,-0.175134,-0.409484,
1629325938.000000,910472155.000000,0.262518,-0.218129,-0.004781,0.007291,0.037884,-0.525352,0.850010,0.107846,-0.021861,0.025481,-0.005700,-0.240288,-0.412798,
1629325938.000000,960504055.000000,0.265185,-0.224705,-0.005649,0.006925,0.037682,-0.534619,0.844224,0.138994,-0.003904,-0.001031,-0.039820,0.093059,-0.453288,
1629325938.000000,965507030.000000,0.265465,-0.225340,-0.005705,0.006911,0.037940,-0.535563,0.843614,0.139216,-0.002460,-0.002101,-0.044082,0.033759,-0.440602,
1629325938.000000,970510244.000000,0.265707,-0.225995,-0.005704,0.006759,0.037964,-0.536482,0.843030,0.138843,-0.006436,0.003310,-0.037638,-0.031102,-0.442535,
1629325938.000000,975514174.000000,0.265970,-0.226637,-0.005730,0.006664,0.037980,-0.537429,0.842427,0.138598,-0.006668,0.004777,0.010122,0.017068,-0.453358,
1629325938.000000,980516911.000000,0.266231,-0.227279,-0.005748,0.006743,0.037996,-0.538395,0.841809,0.138370,-0.006894,0.006230,0.061519,0.028937,-0.462857,
1629325938.000000,985520124.000000,0.266430,-0.227923,-0.005590,0.006934,0.037987,-0.539379,0.841177,0.133162,-0.015444,0.031095,0.108214,0.082473,-0.459771,
1629325938.000000,990523100.000000,0.266637,-0.229214,-0.005451,0.007333,0.038138,-0.540336,0.840553,0.132691,-0.026918,0.052034,0.095605,0.153996,-0.452245,
1629325938.000000,995526075.000000,0.266795,-0.229887,-0.005209,0.007733,0.038465,-0.541278,0.839928,0.130559,-0.030481,0.062397,0.075008,0.276412,-0.437382,
1629325939.000000,530243.000000,0.266995,-0.230406,-0.005271,0.008153,0.038872,-0.542161,0.839335,0.117769,-0.019684,0.033089,0.055002,0.098100,-0.396937,
1629325939.000000,5533218.000000,0.267157,-0.230988,-0.005146,0.008150,0.038694,-0.542980,0.838814,0.113005,-0.018669,0.031140,0.063245,-0.146706,-0.392406,
1629325939.000000,55565119.000000,0.269081,-0.237998,-0.006350,0.007400,0.037647,-0.552019,0.832949,0.151010,-0.004192,-0.009380,0.003993,0.039671,-0.439469,
1629325939.000000,60568094.000000,0.269213,-0.238772,-0.006035,0.007572,0.038015,-0.552972,0.832298,0.154106,-0.001572,-0.011477,-0.019846,0.042532,-0.442746,
1629325939.000000,65571070.000000,0.269420,-0.239374,-0.006106,0.007537,0.038172,-0.553884,0.831684,0.142710,-0.003246,-0.010096,-0.045284,0.046132,-0.433207,
1629325939.000000,70574045.000000,0.269677,-0.240031,-0.006211,0.007417,0.038286,-0.554774,0.831086,0.141155,-0.002208,-0.011002,-0.044425,-0.020628,-0.433084,
1629325939.000000,75577021.000000,0.269933,-0.240678,-0.006319,0.007209,0.038160,-0.555680,0.830489,0.139562,-0.001184,-0.012357,-0.002793,-0.154072,-0.436396,
1629325939.000000,80581188.000000,0.270135,-0.241368,-0.006259,0.007048,0.037871,-0.556615,0.829877,0.140283,-0.010575,0.010490,0.057938,-0.008256,-0.469225,
1629325939.000000,85584164.000000,0.270343,-0.242037,-0.006233,0.007302,0.037970,-0.557612,0.829201,0.138959,-0.013694,0.018667,0.092172,0.132713,-0.468561,
1629325939.000000,90587139.000000,0.269791,-0.242774,-0.005062,0.007745,0.038134,-0.558543,0.828562,0.136043,-0.030157,0.056764,0.108977,0.178144,-0.435260,
1629325939.000000,95590353.000000,0.269926,-0.243370,-0.004975,0.008208,0.038382,-0.559426,0.827950,0.126353,-0.026919,0.046925,0.113306,0.178729,-0.411825,
1629325939.000000,100593090.000000,0.270043,-0.244012,-0.004777,0.008562,0.038534,-0.560270,0.827369,0.122864,-0.028110,0.050052,0.073978,0.085281,-0.399041,
1629325939.000000,145622253.000000,0.271068,-0.249517,-0.004312,0.007674,0.037394,-0.568096,0.822077,0.139617,-0.008671,0.007659,0.008754,0.109011,-0.445781,
1629325939.000000,150625229.000000,0.271278,-0.250188,-0.004327,0.007733,0.037484,-0.569025,0.821429,0.143002,-0.006279,0.004606,0.016379,0.034826,-0.447135,
1629325939.000000,155628443.000000,0.271475,-0.250818,-0.004318,0.007768,0.037572,-0.569934,0.820795,0.136945,-0.005557,0.006811,-0.007051,0.040926,-0.445807,
1629325939.000000,160631895.000000,0.271550,-0.252428,-0.004274,0.007959,0.037747,-0.570837,0.820157,0.139960,-0.009153,0.006576,-0.019042,0.009128,-0.437470,
1629325939.000000,165635109.000000,0.271754,-0.253099,-0.004296,0.007873,0.037785,-0.571723,0.819538,0.138944,-0.007451,0.004727,-0.029505,0.001461,-0.435181,
1629325939.000000,170638084.000000,0.271960,-0.253759,-0.004326,0.007796,0.037897,-0.572624,0.818905,0.137776,-0.005756,0.002891,-0.036044,0.059735,-0.446984,
1629325939.000000,175641060.000000,0.272136,-0.254458,-0.004282,0.007760,0.038077,-0.573533,0.818260,0.139239,-0.009108,0.009305,-0.042306,0.020131,-0.440659,
1629325939.000000,180644274.000000,0.272333,-0.255132,-0.004273,0.007603,0.038033,-0.574430,0.817634,0.139170,-0.008882,0.010866,0.010608,-0.105385,-0.443693,
1629325939.000000,185647249.000000,0.272530,-0.255803,-0.004262,0.007532,0.037772,-0.575369,0.816986,0.138792,-0.008638,0.012046,0.086625,-0.026717,-0.470388,
1629325939.000000,190650940.000000,0.271773,-0.257026,-0.004111,0.007951,0.037863,-0.576304,0.816319,0.141698,-0.037748,0.052160,0.108950,0.209097,-0.469401,
1629325939.000000,240682364.000000,0.273280,-0.264101,-0.004354,0.007629,0.036502,-0.584893,0.810253,0.153997,-0.016041,0.011543,0.008811,0.209773,-0.435169,
1629325939.000000,245686293.000000,0.273456,-0.264872,-0.004358,0.007922,0.036971,-0.585781,0.809587,0.160261,-0.014128,0.009579,0.005234,0.248408,-0.444739,
1629325939.000000,250689268.000000,0.273627,-0.265582,-0.004379,0.008218,0.037397,-0.586683,0.808911,0.153595,-0.011320,0.006418,0.010847,0.135776,-0.448997,
1629325939.000000,255692244.000000,0.273818,-0.266331,-0.004406,0.008278,0.037514,-0.587592,0.808245,0.154692,-0.009036,0.004294,0.007507,0.014980,-0.450062,
1629325939.000000,260695219.000000,0.273283,-0.266678,-0.003643,0.008513,0.037755,-0.588504,0.807567,0.143454,-0.010190,0.008837,-0.009509,0.045789,-0.445732,
1629325939.000000,265698195.000000,0.273443,-0.267338,-0.003638,0.008516,0.037908,-0.589396,0.806909,0.139232,-0.008200,0.008294,-0.027665,0.037009,-0.440419,
1629325939.000000,270702124.000000,0.273619,-0.268009,-0.003642,0.008450,0.038006,-0.590269,0.806267,0.138152,-0.006074,0.007478,-0.025583,0.030971,-0.425531,
1629325939.000000,275705099.000000,0.273800,-0.268667,-0.003645,0.008408,0.038141,-0.591123,0.805635,0.136713,-0.003961,0.006979,-0.045610,0.033629,-0.433901,
1629325939.000000,280708075.000000,0.273990,-0.269319,-0.003645,0.008292,0.038242,-0.592008,0.804982,0.135369,-0.001835,0.006888,-0.026845,-0.011039,-0.443692,
1629325939.000000,285711050.000000,0.274088,-0.270011,-0.003465,0.008180,0.038135,-0.592897,0.804333,0.134407,-0.013024,0.028098,0.034157,-0.111486,-0.438278,
1629325939.000000,330740213.000000,0.273979,-0.276158,-0.003089,0.007752,0.036419,-0.600549,0.798721,0.122441,-0.024140,0.013732,0.016860,-0.166024,-0.447917,
1629325939.000000,335743427.000000,0.274038,-0.276789,-0.003063,0.007679,0.036272,-0.601426,0.798068,0.125468,-0.023437,0.012725,0.031898,0.047213,-0.426461,
1629325939.000000,340746164.000000,0.274106,-0.277435,-0.003043,0.007864,0.036440,-0.602256,0.797432,0.128487,-0.022723,0.012004,0.032894,0.128164,-0.405149,
1629325939.000000,345749140.000000,0.274220,-0.278116,-0.003066,0.008118,0.036722,-0.603069,0.796802,0.136025,-0.016979,0.006363,0.015920,0.217280,-0.420985,
1629325939.000000,350753307.000000,0.274333,-0.278804,-0.003088,0.008440,0.037196,-0.603929,0.796125,0.140553,-0.014211,0.003832,-0.008665,0.203594,-0.440401,
1629325939.000000,355756283.000000,0.274463,-0.279509,-0.003124,0.008589,0.037494,-0.604811,0.795440,0.145084,-0.011425,0.001003,-0.001302,0.079893,-0.451981,
1629325939.000000,360759020.000000,0.274797,-0.280730,-0.003411,0.008784,0.037558,-0.605730,0.794735,0.147236,-0.007413,-0.000795,-0.001081,-0.038569,-0.446742,
1629325939.000000,365762234.000000,0.274966,-0.281454,-0.003474,0.008660,0.037513,-0.606613,0.794064,0.147441,-0.004512,-0.002378,-0.023609,0.028187,-0.449742,
1629325939.000000,370764971.000000,0.275147,-0.282176,-0.003548,0.008687,0.037730,-0.607497,0.793378,0.147858,-0.001613,-0.004125,-0.028972,0.091165,-0.435083,
1629325939.000000,375769138.000000,0.275303,-0.282909,-0.003598,0.008703,0.037923,-0.608336,0.792726,0.148507,-0.004172,-0.001991,-0.024651,0.063862,-0.423091,
1629325939.000000,465826035.000000,0.276792,-0.296686,-0.004195,0.009211,0.037547,-0.623657,0.780742,0.160077,0.000016,-0.007338,0.000623,-0.054568,-0.446481,
1629325939.000000,470829010.000000,0.276917,-0.297400,-0.004235,0.009166,0.037525,-0.624528,0.780047,0.153655,-0.001172,-0.004359,-0.010521,0.043418,-0.443344,
1629325939.000000,475831985.000000,0.277081,-0.298146,-0.004301,0.009232,0.037754,-0.625374,0.779356,0.153388,0.000991,-0.004296,-0.010101,0.137952,-0.426310,
1629325939.000000,480835199.000000,0.277255,-0.298888,-0.004369,0.009392,0.038017,-0.626188,0.778688,0.153038,0.003142,-0.004266,-0.008504,0.085372,-0.415569,
1629325939.000000,485839128.000000,0.277383,-0.299643,-0.004286,0.009396,0.038109,-0.627001,0.778029,0.151559,-0.003288,0.016504,0.012329,0.008328,-0.423044,
1629325939.000000,490842104.000000,0.277698,-0.300398,-0.005120,0.009232,0.037824,-0.627844,0.777365,0.151053,-0.008736,0.019287,0.041423,0.045152,-0.458100,
1629325939.000000,495845079.000000,0.277815,-0.301152,-0.005058,0.009459,0.037936,-0.628770,0.776608,0.150637,-0.009972,0.026341,0.088051,0.151513,-0.481756,
1629325939.000000,500848055.000000,0.277850,-0.301807,-0.004988,0.009896,0.038099,-0.629702,0.775839,0.137389,-0.017236,0.029318,0.126672,0.161382,-0.467844,
1629325939.000000,505851269.000000,0.277903,-0.302496,-0.004874,0.010363,0.038207,-0.630592,0.775105,0.132715,-0.020518,0.034997,0.142494,0.178709,-0.439042,
1629325939.000000,510855198.000000,0.277935,-0.303170,-0.004704,0.010762,0.038366,-0.631416,0.774420,0.128103,-0.023838,0.042668,0.016359,0.089659,-0.406008,
1629325939.000000,555883169.000000,0.277491,-0.309426,-0.004208,0.009936,0.037158,-0.638669,0.768520,0.153093,-0.001034,-0.006003,0.014764,0.196227,-0.419820,
1629325939.000000,560887098.000000,0.277634,-0.310178,-0.004303,0.010067,0.037359,-0.639491,0.767825,0.156586,0.003459,-0.009450,-0.000375,0.026080,-0.446270,
1629325939.000000,565890074.000000,0.277765,-0.310793,-0.004380,0.009957,0.037338,-0.640363,0.767100,0.143155,0.006913,-0.009756,-0.036329,-0.074371,-0.449767,
1629325939.000000,570893049.000000,0.277934,-0.311482,-0.004481,0.009656,0.037230,-0.641209,0.766402,0.141723,0.011065,-0.011462,-0.046296,-0.121039,-0.439919,
1629325939.000000,575896263.000000,0.278119,-0.312161,-0.004598,0.009428,0.037120,-0.642049,0.765706,0.140232,0.015210,-0.013810,-0.004576,-0.012307,-0.433656,
1629325939.000000,580899000.000000,0.278246,-0.312885,-0.004653,0.009473,0.037220,-0.642869,0.765013,0.144197,0.007023,-0.005485,-0.002212,0.079752,-0.425063,
1629325939.000000,585901976.000000,0.278400,-0.313589,-0.004725,0.009561,0.037411,-0.643675,0.764324,0.144807,0.006225,-0.003044,-0.003605,0.101475,-0.420827,
1629325939.000000,590905190.000000,0.278357,-0.314039,-0.003983,0.009459,0.037311,-0.644500,0.763635,0.144580,-0.002386,0.019070,0.054963,0.085802,-0.440982,
1629325939.000000,595909119.000000,0.278353,-0.314708,-0.003747,0.009746,0.037367,-0.645384,0.762882,0.135386,-0.015947,0.042362,0.117970,0.143460,-0.480432,
1629325939.000000,600912094.000000,0.278378,-0.315391,-0.003564,0.010243,0.037546,-0.646312,0.762080,0.132008,-0.020938,0.051157,0.111744,0.223556,-0.471095,
1629325939.000000,645941257.000000,0.278522,-0.320699,-0.004112,0.008740,0.035355,-0.653474,0.756072,0.129975,-0.004516,0.005712,0.035975,0.164756,-0.420853,
1629325939.000000,650944233.000000,0.278603,-0.321370,-0.004136,0.009154,0.035760,-0.654265,0.755364,0.137091,-0.002058,0.004508,0.027438,0.290398,-0.423933,
1629325939.000000,655947208.000000,0.278959,-0.322828,-0.003251,0.009988,0.036495,-0.655117,0.754579,0.155540,0.003301,0.022651,0.012510,0.208071,-0.427214,
1629325939.000000,660950422.000000,0.279104,-0.323454,-0.003270,0.010181,0.036764,-0.655919,0.753867,0.145882,0.009417,0.013319,-0.006726,0.088566,-0.426111,
1629325939.000000,665953398.000000,0.279261,-0.324177,-0.003263,0.010196,0.036900,-0.656730,0.753154,0.147375,0.013016,0.010627,-0.027984,0.012641,-0.442035,
1629325939.000000,670956850.000000,0.279436,-0.324905,-0.003274,0.010106,0.036952,-0.657566,0.752423,0.149068,0.016638,0.007440,-0.011138,0.006984,-0.440086,
1629325939.000000,675960064.000000,0.279577,-0.325620,-0.003257,0.010069,0.036967,-0.658382,0.751708,0.146962,0.013355,0.010126,-0.001221,-0.028350,-0.432441,
1629325939.000000,680963039.000000,0.279742,-0.326339,-0.003255,0.009983,0.036974,-0.659203,0.750989,0.146979,0.014209,0.009605,-0.024798,0.053157,-0.444202,
1629325939.000000,685966015.000000,0.279909,-0.327059,-0.003259,0.010065,0.037231,-0.660033,0.750246,0.147156,0.015072,0.008936,-0.022796,0.112815,-0.438990,
1629325939.000000,690969229.000000,0.278940,-0.326802,-0.003552,0.009925,0.037084,-0.660871,0.749517,0.130049,-0.004837,0.035184,0.064318,0.099186,-0.446253,
1629325939.000000,741001129.000000,0.278082,-0.332967,-0.003653,0.009254,0.035066,-0.668793,0.742564,0.125077,-0.007292,0.007707,0.024267,0.033274,-0.422039,
1629325939.000000,746004343.000000,0.278112,-0.333602,-0.003664,0.009388,0.035170,-0.669563,0.741863,0.129801,-0.005837,0.007184,0.038871,0.126795,-0.415375,
1629325939.000000,751007318.000000,0.278153,-0.334265,-0.003686,0.009688,0.035391,-0.670345,0.741142,0.134835,-0.004341,0.006539,0.033925,0.151734,-0.427214,
1629325939.000000,756011248.000000,0.278257,-0.334916,-0.003759,0.009931,0.035662,-0.671151,0.740396,0.136873,0.003960,-0.000269,-0.005708,0.176437,-0.448462,
1629325939.000000,761014223.000000,0.280603,-0.336459,-0.003968,0.010424,0.036351,-0.672035,0.739553,0.154602,0.033245,-0.002800,-0.016442,0.137792,-0.442290,
1629325939.000000,766017199.000000,0.280850,-0.337217,-0.004047,0.010486,0.036505,-0.672837,0.738815,0.158869,0.037124,-0.006112,0.000711,-0.013772,-0.432517,
1629325939.000000,771020174.000000,0.281036,-0.337852,-0.004053,0.010393,0.036456,-0.673642,0.738085,0.147345,0.033837,-0.001702,-0.007678,0.008463,-0.438965,
1629325939.000000,776024103.000000,0.281274,-0.338566,-0.004116,0.010399,0.036595,-0.674452,0.737338,0.146893,0.035576,-0.002595,-0.032311,0.052242,-0.440078,
1629325939.000000,781027079.000000,0.281518,-0.339277,-0.004190,0.010361,0.036731,-0.675259,0.736593,0.146438,0.037310,-0.003888,-0.026008,0.034562,-0.441086,
1629325939.000000,786030293.000000,0.281723,-0.340004,-0.004214,0.010301,0.036806,-0.676076,0.735840,0.147523,0.031943,0.002707,-0.027910,-0.029551,-0.449621,
1629325939.000000,841065168.000000,0.283079,-0.347546,-0.008249,0.009855,0.034813,-0.684851,0.727784,0.121741,0.038731,-0.015137,0.053397,-0.054441,-0.419911,
1629325939.000000,846068382.000000,0.283316,-0.348209,-0.008383,0.009972,0.034832,-0.685624,0.727054,0.132552,0.041084,-0.016873,0.031868,0.169801,-0.425280,
1629325939.000000,851071119.000000,0.283561,-0.348865,-0.008524,0.010326,0.035199,-0.686401,0.726298,0.137475,0.043170,-0.018340,-0.004262,0.172381,-0.436930,
1629325939.000000,856075287.000000,0.283816,-0.349544,-0.008672,0.010465,0.035436,-0.687199,0.725529,0.142455,0.045294,-0.020172,-0.001346,0.097557,-0.441297,
1629325939.000000,861078262.000000,0.284036,-0.349668,-0.008793,0.010887,0.035783,-0.688127,0.724626,0.140950,0.053673,-0.026479,0.002322,0.056825,-0.459382,
1629325939.000000,866081238.000000,0.284340,-0.350329,-0.008977,0.010919,0.035879,-0.688965,0.723823,0.141300,0.055701,-0.028486,0.002066,0.053194,-0.453321,
1629325939.000000,871084452.000000,0.284651,-0.351001,-0.009172,0.010983,0.035992,-0.689764,0.723056,0.142069,0.057715,-0.030475,-0.004122,0.047340,-0.438099,
1629325939.000000,876087189.000000,0.284970,-0.351690,-0.009387,0.011014,0.036129,-0.690558,0.722290,0.143325,0.059735,-0.032783,-0.022355,0.090180,-0.443539,
1629325939.000000,881090879.000000,0.285281,-0.352345,-0.009568,0.011133,0.036405,-0.691356,0.721511,0.139559,0.059797,-0.029690,-0.029805,0.131078,-0.445679,
1629325939.000000,886094093.000000,0.285605,-0.353016,-0.009773,0.011181,0.036622,-0.692155,0.720733,0.139111,0.061167,-0.030217,-0.031918,0.003103,-0.445668,
1629325939.000000,936125278.000000,0.285526,-0.358195,-0.010565,0.010595,0.034404,-0.700117,0.713121,0.102378,0.045058,-0.013368,0.031292,-0.221651,-0.437527,
1629325939.000000,941129208.000000,0.285768,-0.358889,-0.010608,0.010352,0.034063,-0.700891,0.712379,0.121962,0.046870,-0.007386,0.053559,-0.039799,-0.419482,
1629325939.000000,946132183.000000,0.286014,-0.359506,-0.010702,0.010511,0.034119,-0.701633,0.711644,0.127052,0.048636,-0.008790,0.009213,0.125875,-0.419311,
1629325939.000000,951135159.000000,0.286268,-0.360148,-0.010811,0.010738,0.034432,-0.702384,0.710884,0.132040,0.050432,-0.010499,-0.003193,0.206568,-0.425877,
1629325939.000000,956138372.000000,0.286535,-0.360778,-0.010968,0.011090,0.034791,-0.703139,0.710114,0.132491,0.053355,-0.018305,0.018620,0.165008,-0.433223,
1629325939.000000,961141348.000000,0.285325,-0.361049,-0.010500,0.011593,0.034953,-0.704050,0.709195,0.134681,0.045972,-0.002754,0.016610,0.015043,-0.451599,
1629325939.000000,966145277.000000,0.285564,-0.361731,-0.010575,0.011557,0.034939,-0.704864,0.708387,0.137319,0.048236,-0.004025,-0.001502,0.035124,-0.462315,
1629325939.000000,971148252.000000,0.285794,-0.362366,-0.010650,0.011594,0.035082,-0.705683,0.707563,0.133221,0.048489,-0.005058,-0.028152,0.029340,-0.467583,
1629325939.000000,976151228.000000,0.286040,-0.363026,-0.010724,0.011534,0.035167,-0.706496,0.706749,0.133144,0.050078,-0.005419,-0.010243,0.050130,-0.445348,
1629325939.000000,981153965.000000,0.286293,-0.363681,-0.010793,0.011635,0.035345,-0.707268,0.705966,0.132795,0.051649,-0.005348,-0.022571,0.092562,-0.443984,
1629325940.000000,66208124.000000,0.280741,-0.376461,-0.011994,0.012637,0.033993,-0.720576,0.692427,0.150355,0.009547,-0.001507,-0.006103,-0.066221,-0.454178,
1629325940.000000,71212292.000000,0.280764,-0.377208,-0.012046,0.012442,0.033909,-0.721374,0.691603,0.149920,0.011769,-0.002876,-0.013857,-0.027815,-0.462778,
1629325940.000000,76215029.000000,0.280795,-0.377958,-0.012105,0.012390,0.033972,-0.722164,0.690776,0.149816,0.013996,-0.004093,-0.031666,0.004247,-0.448945,
1629325940.000000,81218004.000000,0.280807,-0.378730,-0.012129,0.012298,0.034061,-0.722929,0.689973,0.152501,0.011984,0.000561,-0.028818,0.038143,-0.446666,
1629325940.000000,86221218.000000,0.280832,-0.379496,-0.012174,0.012348,0.034232,-0.723698,0.689156,0.153233,0.012513,0.001057,-0.023160,0.076008,-0.445754,
1629325940.000000,91223955.000000,0.279072,-0.381974,-0.013107,0.012261,0.033891,-0.724500,0.688332,0.160478,-0.003562,-0.002589,0.000103,0.066933,-0.456285,
1629325940.000000,96226931.000000,0.278908,-0.382714,-0.012870,0.012352,0.033932,-0.725297,0.687489,0.152802,-0.016742,0.031481,0.059833,-0.002544,-0.461796,
1629325940.000000,101231098.000000,0.278780,-0.383480,-0.012724,0.012501,0.033812,-0.726106,0.686638,0.151158,-0.020773,0.043026,0.119549,0.096824,-0.477574,
1629325940.000000,106234074.000000,0.278631,-0.384249,-0.012515,0.013056,0.033925,-0.726934,0.685745,0.149859,-0.024771,0.055288,0.140948,0.273964,-0.467221,
1629325940.000000,111237288.000000,0.278460,-0.385006,-0.012264,0.013760,0.034196,-0.727701,0.684903,0.148010,-0.028812,0.066731,0.110045,0.269776,-0.428654,
1629325940.000000,156266212.000000,0.275572,-0.391405,-0.011499,0.013037,0.032762,-0.734315,0.677893,0.158094,-0.015492,0.015057,0.019632,0.213907,-0.429752,
1629325940.000000,161269188.000000,0.275461,-0.392100,-0.011467,0.013363,0.033069,-0.735058,0.677065,0.150970,-0.011538,0.013439,0.001531,0.131763,-0.453242,
1629325940.000000,166272402.000000,0.275349,-0.392850,-0.011448,0.013407,0.033172,-0.735834,0.676216,0.151622,-0.008887,0.011428,-0.000748,-0.040172,-0.461810,
1629325940.000000,171275377.000000,0.275247,-0.393605,-0.011435,0.013215,0.033055,-0.736618,0.675371,0.152363,-0.006232,0.009440,-0.012249,-0.084212,-0.463871,
1629325940.000000,176279306.000000,0.275134,-0.394348,-0.011413,0.013068,0.033067,-0.737400,0.674519,0.150871,-0.007121,0.011118,-0.044314,0.035792,-0.461783,
1629325940.000000,181282043.000000,0.275034,-0.395100,-0.011411,0.013053,0.033260,-0.738159,0.673680,0.150666,-0.005895,0.010715,-0.038077,0.025094,-0.440509,
1629325940.000000,186285019.000000,0.274938,-0.395851,-0.011407,0.012974,0.033307,-0.738893,0.672874,0.150226,-0.004685,0.010158,-0.004899,0.002704,-0.443505,
1629325940.000000,191287994.000000,0.273802,-0.396571,-0.011747,0.012634,0.032929,-0.739650,0.672067,0.148033,-0.022749,0.034290,0.022693,0.056114,-0.457559,
1629325940.000000,196291208.000000,0.273613,-0.397315,-0.011587,0.012832,0.033000,-0.740431,0.671199,0.147418,-0.025796,0.043858,0.078014,0.116466,-0.478687,
1629325940.000000,201294184.000000,0.273408,-0.398069,-0.011382,0.013186,0.033016,-0.741238,0.670300,0.147398,-0.028807,0.053509,0.126127,0.093546,-0.463021,
1629325940.000000,256141186.000000,0.270242,-0.405025,-0.011347,0.013640,0.032259,-0.749359,0.661238,0.151023,-0.023249,0.027334,0.020517,0.217367,-0.431909,
1629325940.000000,261145353.000000,0.270035,-0.405776,-0.011251,0.013929,0.032518,-0.750074,0.660408,0.154804,-0.022588,0.028197,-0.000711,0.113077,-0.442514,
1629325940.000000,266148329.000000,0.269828,-0.406546,-0.011153,0.013988,0.032661,-0.750806,0.659567,0.158593,-0.021903,0.028980,-0.020036,0.004173,-0.441599,
1629325940.000000,271151304.000000,0.269709,-0.407032,-0.011149,0.013807,0.032624,-0.751539,0.658737,0.140546,-0.017462,0.021640,-0.024233,-0.117740,-0.456288,
1629325940.000000,276154518.000000,0.269538,-0.407714,-0.011087,0.013514,0.032493,-0.752309,0.657870,0.139086,-0.015979,0.020683,-0.019994,-0.062292,-0.469312,
1629325940.000000,281158209.000000,0.269371,-0.408396,-0.011018,0.013451,0.032574,-0.753074,0.656992,0.138016,-0.014505,0.020236,-0.040081,0.064698,-0.463871,
1629325940.000000,286160946.000000,0.269169,-0.409091,-0.010853,0.013456,0.032772,-0.753820,0.656125,0.139659,-0.018923,0.032691,-0.034002,0.021531,-0.449009,
1629325940.000000,291164160.000000,0.269285,-0.408943,-0.012130,0.012950,0.032415,-0.754564,0.655297,0.132458,-0.014864,0.021435,0.022499,0.003384,-0.451024,
1629325940.000000,296167135.000000,0.269118,-0.409594,-0.012053,0.013113,0.032420,-0.755321,0.654421,0.132155,-0.015773,0.025060,0.085454,0.115191,-0.471303,
1629325940.000000,301170111.000000,0.268897,-0.410168,-0.011806,0.013527,0.032484,-0.756097,0.653513,0.123065,-0.023844,0.045503,0.115346,0.164242,-0.465062,
1629325940.000000,341196299.000000,0.266287,-0.413677,-0.012490,0.012591,0.030774,-0.761751,0.647016,0.103643,-0.020098,0.003190,0.046043,-0.120198,-0.427623,
1629325940.000000,346199274.000000,0.266103,-0.414180,-0.012520,0.012589,0.030650,-0.762450,0.646198,0.104077,-0.019778,0.001527,0.045073,0.091559,-0.436112,
1629325940.000000,351202250.000000,0.265934,-0.414800,-0.012571,0.012943,0.030908,-0.763155,0.645346,0.117480,-0.015387,-0.002315,0.000309,0.236450,-0.435202,
1629325940.000000,356205225.000000,0.265304,-0.414999,-0.012358,0.013617,0.031452,-0.763869,0.644461,0.134884,-0.014468,-0.006071,-0.010636,0.187460,-0.435048,
1629325940.000000,361209393.000000,0.265119,-0.415661,-0.012440,0.013856,0.031685,-0.764576,0.643605,0.140255,-0.012673,-0.009473,0.022492,0.099107,-0.448962,
1629325940.000000,366212368.000000,0.264989,-0.416185,-0.012507,0.014012,0.031790,-0.765307,0.642727,0.127580,-0.008838,-0.009218,0.002559,0.079938,-0.459630,
1629325940.000000,371215343.000000,0.264840,-0.416804,-0.012599,0.014064,0.031933,-0.766037,0.641849,0.127241,-0.006428,-0.010894,-0.023417,0.016919,-0.447981,
1629325940.000000,376218319.000000,0.264700,-0.417420,-0.012699,0.013942,0.031957,-0.766747,0.641002,0.126762,-0.004035,-0.012795,-0.029597,-0.048258,-0.445671,
1629325940.000000,381221294.000000,0.264550,-0.418020,-0.012784,0.013808,0.032004,-0.767468,0.640139,0.124860,-0.005170,-0.012032,-0.038185,0.033126,-0.454322,
1629325940.000000,386225224.000000,0.264412,-0.418621,-0.012883,0.013817,0.032195,-0.768189,0.639264,0.123898,-0.004188,-0.012929,-0.047726,0.040504,-0.452182,
1629325940.000000,436256170.000000,0.261143,-0.424636,-0.012378,0.013464,0.030785,-0.775158,0.630873,0.086851,-0.019686,0.014541,0.019195,-0.281558,-0.435137,
1629325940.000000,441260099.000000,0.260897,-0.425255,-0.012279,0.013060,0.030407,-0.775852,0.630047,0.108919,-0.020498,0.019902,0.033198,-0.163280,-0.428795,
1629325940.000000,446263313.000000,0.260686,-0.425788,-0.012212,0.012908,0.030218,-0.776527,0.629227,0.113871,-0.019459,0.019877,0.031031,0.019247,-0.425494,
1629325940.000000,451266289.000000,0.260474,-0.426341,-0.012141,0.013172,0.030403,-0.777204,0.628376,0.118499,-0.018402,0.020313,0.006589,0.238087,-0.441486,
1629325940.000000,456269264.000000,0.260262,-0.426913,-0.012062,0.013684,0.030858,-0.777890,0.627494,0.122837,-0.017327,0.021085,0.004238,0.282929,-0.435253,
1629325940.000000,461272478.000000,0.260096,-0.427474,-0.012090,0.014133,0.031217,-0.778555,0.626640,0.122907,-0.011442,0.009761,0.021455,0.177703,-0.428652,
1629325940.000000,466276169.000000,0.260601,-0.428830,-0.011780,0.014556,0.031477,-0.779243,0.625762,0.123642,-0.002740,0.006948,0.007629,0.077707,-0.439382,
1629325940.000000,471279383.000000,0.260459,-0.429438,-0.011791,0.014620,0.031598,-0.779935,0.624891,0.125835,-0.000043,0.004151,-0.021278,0.046972,-0.447947,
1629325940.000000,476282358.000000,0.260318,-0.429922,-0.011748,0.014619,0.031734,-0.780626,0.624021,0.114186,-0.001501,0.007315,-0.033008,0.030259,-0.437328,
1629325940.000000,481285334.000000,0.260189,-0.430478,-0.011750,0.014510,0.031791,-0.781302,0.623174,0.112519,-0.000073,0.006383,-0.027673,-0.078583,-0.438247,
1629325940.000000,566339254.000000,0.255455,-0.442455,-0.013470,0.014690,0.030747,-0.792734,0.608614,0.146617,0.001421,-0.001008,0.016791,0.083312,-0.434053,
1629325940.000000,571343422.000000,0.255279,-0.442958,-0.013452,0.014744,0.030767,-0.793396,0.607750,0.131244,-0.000563,0.000969,0.000346,0.000028,-0.439293,
1629325940.000000,576346397.000000,0.255105,-0.443589,-0.013488,0.014705,0.030848,-0.794073,0.606860,0.130613,0.000698,-0.000528,-0.027886,0.045729,-0.455348,
1629325940.000000,581349373.000000,0.254937,-0.444223,-0.013535,0.014741,0.031016,-0.794757,0.605956,0.130309,0.001970,-0.002190,-0.040366,0.049479,-0.444789,
1629325940.000000,586352348.000000,0.254762,-0.444861,-0.013549,0.014675,0.031143,-0.795418,0.605083,0.131139,0.001873,0.001398,-0.036334,-0.017566,-0.440325,
1629325940.000000,591355085.000000,0.254597,-0.445494,-0.013581,0.014534,0.031157,-0.796088,0.604204,0.130977,0.002599,0.001505,-0.015927,-0.036870,-0.443668,
1629325940.000000,596358061.000000,0.254233,-0.447045,-0.014923,0.014082,0.030768,-0.796745,0.603368,0.126689,0.000759,-0.001689,0.050989,0.029905,-0.452078,
1629325940.000000,601362228.000000,0.253958,-0.447620,-0.014689,0.014273,0.030697,-0.797441,0.602447,0.123682,-0.011182,0.027924,0.100334,0.050510,-0.463856,
1629325940.000000,606365204.000000,0.253732,-0.448203,-0.014563,0.014549,0.030635,-0.798139,0.601518,0.121707,-0.014345,0.037054,0.094886,0.150265,-0.451140,
1629325940.000000,611368179.000000,0.253491,-0.448772,-0.014389,0.015067,0.030810,-0.798806,0.600611,0.119638,-0.017528,0.046541,0.067158,0.249742,-0.443514,
1629325940.000000,656397343.000000,0.252544,-0.454901,-0.014635,0.014459,0.029663,-0.804496,0.593041,0.120149,0.000818,0.010580,0.007597,0.144019,-0.424305,
1629325940.000000,661400318.000000,0.252419,-0.455472,-0.014666,0.014673,0.029889,-0.805132,0.592160,0.119990,0.007703,0.003577,-0.020250,0.140916,-0.442483,
1629325940.000000,666403294.000000,0.252359,-0.456998,-0.015122,0.015270,0.030376,-0.805780,0.591238,0.138543,0.015915,-0.006779,-0.003198,0.135081,-0.456338,
1629325940.000000,671406507.000000,0.252228,-0.457690,-0.015211,0.015439,0.030525,-0.806445,0.590318,0.141048,0.019036,-0.010567,0.009731,0.044044,-0.442554,
1629325940.000000,676410437.000000,0.252095,-0.458298,-0.015244,0.015439,0.030530,-0.807086,0.589442,0.132575,0.016971,-0.005985,0.014958,-0.002068,-0.430666,
1629325940.000000,681413412.000000,0.251975,-0.458948,-0.015324,0.015451,0.030581,-0.807723,0.588566,0.131505,0.018340,-0.007792,-0.031649,0.059541,-0.436061,
1629325940.000000,686416388.000000,0.251861,-0.459593,-0.015417,0.015502,0.030817,-0.808363,0.587673,0.130414,0.019711,-0.009901,-0.049211,0.074860,-0.442466,
1629325940.000000,691419363.000000,0.251756,-0.460235,-0.015519,0.015451,0.030951,-0.809005,0.586784,0.129127,0.021085,-0.011653,-0.043465,-0.054332,-0.432937,
1629325940.000000,696422100.000000,0.250551,-0.462711,-0.015762,0.014929,0.030600,-0.809586,0.586013,0.138342,0.007887,0.020234,0.007391,-0.091190,-0.448616,
1629325940.000000,701425314.000000,0.250370,-0.463381,-0.015690,0.014870,0.030473,-0.810263,0.585085,0.136471,0.006503,0.025445,0.065250,0.019386,-0.461649,
1629325940.000000,746465445.000000,0.249096,-0.468882,-0.015371,0.014824,0.029224,-0.815879,0.577294,0.116519,0.011786,0.010635,0.024860,-0.081226,-0.417812,
1629325940.000000,751469612.000000,0.248959,-0.469456,-0.015357,0.014828,0.029191,-0.816481,0.576444,0.117596,0.012730,0.010006,0.028926,0.080986,-0.415660,
1629325940.000000,756472588.000000,0.248830,-0.470089,-0.015389,0.015113,0.029335,-0.817081,0.575578,0.125621,0.017274,0.004070,0.025907,0.161820,-0.422075,
1629325940.000000,761475563.000000,0.248702,-0.470720,-0.015415,0.015452,0.029563,-0.817689,0.574693,0.129496,0.019690,0.001599,0.006643,0.177386,-0.430602,
1629325940.000000,766478777.000000,0.247780,-0.472392,-0.015029,0.015986,0.029925,-0.818297,0.573793,0.148494,0.020484,0.008818,-0.006096,0.063617,-0.445442,
1629325940.000000,771481514.000000,0.247647,-0.473029,-0.015012,0.015997,0.029993,-0.818944,0.572866,0.140264,0.021124,0.008512,-0.002901,0.046296,-0.455111,
1629325940.000000,776484489.000000,0.247510,-0.473725,-0.015021,0.016090,0.030113,-0.819590,0.571933,0.140168,0.023003,0.006727,-0.011310,0.042426,-0.448704,
1629325940.000000,781488657.000000,0.247380,-0.474425,-0.015041,0.016086,0.030196,-0.820219,0.571026,0.140215,0.024875,0.004811,-0.011475,0.036110,-0.432711,
1629325940.000000,786491632.000000,0.247242,-0.475117,-0.015058,0.016162,0.030326,-0.820829,0.570139,0.139327,0.024173,0.004865,-0.020863,0.076933,-0.433679,
1629325940.000000,791494370.000000,0.247113,-0.475812,-0.015082,0.016276,0.030540,-0.821447,0.569234,0.138833,0.025009,0.004097,-0.036999,0.115884,-0.438070,
1629325940.000000,836523533.000000,0.244449,-0.483925,-0.016081,0.016653,0.029611,-0.826855,0.561389,0.118027,0.014028,0.011145,-0.007210,-0.379253,-0.419682,
1629325940.000000,841526508.000000,0.244301,-0.484494,-0.016073,0.015898,0.029076,-0.827474,0.560525,0.114807,0.015313,0.006465,0.040083,-0.335188,-0.437892,
1629325940.000000,846529484.000000,0.244165,-0.485052,-0.016087,0.015393,0.028638,-0.828102,0.559634,0.111815,0.016604,0.002320,0.042187,-0.152186,-0.434716,
1629325940.000000,851532698.000000,0.243980,-0.485721,-0.016048,0.015319,0.028515,-0.828704,0.558751,0.127677,0.016564,0.009643,0.032492,0.040223,-0.418697,
1629325940.000000,856535673.000000,0.243815,-0.486358,-0.016039,0.015527,0.028615,-0.829282,0.557882,0.132254,0.017341,0.010016,0.014451,0.144942,-0.416480,
1629325940.000000,861539364.000000,0.243596,-0.487847,-0.015532,0.016326,0.029207,-0.829835,0.557005,0.149955,0.019319,0.010620,0.002609,0.243143,-0.431355,
1629325940.000000,866542578.000000,0.243474,-0.488548,-0.015581,0.016768,0.029544,-0.830436,0.556078,0.147440,0.026300,0.003151,-0.007875,0.146770,-0.442079,
1629325940.000000,871545553.000000,0.243320,-0.489285,-0.015616,0.016851,0.029647,-0.831050,0.555152,0.149251,0.029150,0.000685,0.016361,0.001332,-0.445236,
1629325940.000000,876548529.000000,0.243175,-0.490037,-0.015663,0.016836,0.029608,-0.831673,0.554220,0.151024,0.032013,-0.001517,0.011490,0.000543,-0.451613,
1629325940.000000,881552696.000000,0.243043,-0.490757,-0.015681,0.016866,0.029688,-0.832298,0.553275,0.146549,0.033200,0.001803,-0.016566,0.080036,-0.450598,
1629325940.000000,926580429.000000,0.240688,-0.497645,-0.016421,0.018254,0.029799,-0.837621,0.545133,0.129676,0.000108,0.058230,0.056174,0.037274,-0.390759,
1629325940.000000,931583405.000000,0.240630,-0.498196,-0.016610,0.018151,0.029668,-0.838167,0.544304,0.116764,0.014628,0.019963,0.016599,-0.134949,-0.410923,
1629325940.000000,936587572.000000,0.240469,-0.498751,-0.016560,0.017706,0.029390,-0.838750,0.543435,0.110944,0.016096,0.014757,0.008069,-0.277600,-0.420768,
1629325940.000000,941590548.000000,0.240326,-0.499279,-0.016534,0.016980,0.028924,-0.839339,0.542573,0.105082,0.017540,0.009319,0.015592,-0.386962,-0.431181,
1629325940.000000,946593523.000000,0.240132,-0.499880,-0.016446,0.016264,0.028427,-0.839953,0.541670,0.114618,0.015509,0.017813,0.036856,-0.230942,-0.447326,
1629325940.000000,951596498.000000,0.239964,-0.500440,-0.016394,0.016053,0.028225,-0.840561,0.540743,0.114907,0.015570,0.017627,0.020047,-0.017708,-0.436672,
1629325940.000000,956599474.000000,0.239795,-0.501000,-0.016345,0.016157,0.028292,-0.841134,0.539844,0.115267,0.015622,0.017310,0.019650,0.138447,-0.413182,
1629325940.000000,961602449.000000,0.239636,-0.501633,-0.016365,0.016511,0.028481,-0.841682,0.538968,0.124573,0.021458,0.008282,0.017890,0.146687,-0.413081,
1629325940.000000,966606617.000000,0.238712,-0.502081,-0.016014,0.016910,0.028766,-0.842238,0.538073,0.139340,0.024260,0.006653,0.008156,0.150919,-0.428076,
1629325940.000000,971609592.000000,0.238530,-0.502777,-0.016034,0.017183,0.028967,-0.842821,0.537140,0.143065,0.026720,0.004319,-0.001386,0.099848,-0.449347,
1629325941.000000,61666727.000000,0.228154,-0.513643,-0.016727,0.017292,0.027736,-0.852980,0.520919,0.140532,-0.019726,0.006021,0.014992,0.220947,-0.420192,
1629325941.000000,66670656.000000,0.227740,-0.514232,-0.016742,0.017747,0.028034,-0.853513,0.520015,0.144817,-0.019062,0.005355,0.007242,0.231917,-0.415867,
1629325941.000000,71673393.000000,0.227433,-0.514793,-0.016860,0.018127,0.028281,-0.854057,0.519094,0.139135,-0.009785,-0.005660,-0.000998,0.098113,-0.438218,
1629325941.000000,76676607.000000,0.227074,-0.515391,-0.016937,0.018148,0.028345,-0.854632,0.518143,0.139980,-0.006450,-0.008943,0.001942,0.000471,-0.441613,
1629325941.000000,81679583.000000,0.226728,-0.515998,-0.017027,0.018040,0.028327,-0.855201,0.517208,0.140855,-0.003118,-0.011921,-0.022205,-0.104320,-0.440339,
1629325941.000000,86682558.000000,0.226369,-0.516595,-0.017056,0.017724,0.028264,-0.855782,0.516260,0.139806,-0.004301,-0.004509,-0.019488,-0.051821,-0.455324,
1629325941.000000,91686726.000000,0.226026,-0.517203,-0.017118,0.017768,0.028352,-0.856368,0.515280,0.139843,-0.002763,-0.004065,-0.006283,0.108407,-0.451153,
1629325941.000000,96689463.000000,0.224454,-0.519339,-0.017124,0.017775,0.028320,-0.856857,0.514470,0.149091,-0.004827,-0.007332,-0.024393,0.169961,-0.438104,
1629325941.000000,101692200.000000,0.224039,-0.519911,-0.017039,0.018020,0.028573,-0.857400,0.513542,0.143674,-0.012117,0.010177,-0.010769,0.090590,-0.413717,
1629325941.000000,106695414.000000,0.223641,-0.520521,-0.017013,0.018136,0.028613,-0.857929,0.512650,0.143080,-0.013450,0.015939,0.064887,0.047460,-0.428342,
1629325941.000000,156727552.000000,0.219447,-0.525388,-0.015881,0.016990,0.026689,-0.863341,0.503628,0.115433,-0.027055,0.009279,0.064162,-0.013357,-0.441258,
1629325941.000000,161730528.000000,0.219072,-0.526411,-0.015387,0.017698,0.027087,-0.863891,0.502638,0.130658,-0.021597,0.023014,0.035352,0.260447,-0.438955,
1629325941.000000,166734457.000000,0.218757,-0.527029,-0.015436,0.018431,0.027509,-0.864418,0.501682,0.139492,-0.008091,0.011110,-0.005246,0.348755,-0.414600,
1629325941.000000,171737671.000000,0.218378,-0.527632,-0.015432,0.018984,0.027882,-0.864916,0.500781,0.144581,-0.004468,0.009129,0.005249,0.179543,-0.412182,
1629325941.000000,176740646.000000,0.217998,-0.528268,-0.015439,0.019189,0.027987,-0.865439,0.499864,0.149622,-0.000824,0.007048,0.021524,0.039187,-0.422025,
1629325941.000000,181743622.000000,0.217666,-0.528834,-0.015426,0.019156,0.027986,-0.865976,0.498935,0.139414,0.001314,0.007911,-0.016797,-0.051571,-0.444193,
1629325941.000000,186746836.000000,0.217331,-0.529440,-0.015427,0.018898,0.027964,-0.866539,0.497966,0.137791,0.004352,0.007345,-0.027796,-0.112115,-0.443432,
1629325941.000000,191749573.000000,0.217013,-0.530042,-0.015430,0.018622,0.027917,-0.867091,0.497019,0.136003,0.007374,0.006790,-0.031709,-0.061473,-0.449471,
1629325941.000000,196753263.000000,0.214753,-0.533001,-0.016051,0.018172,0.027707,-0.867544,0.496256,0.150211,0.001852,-0.001119,-0.027687,0.100819,-0.446399,
1629325941.000000,201756477.000000,0.214378,-0.533654,-0.016104,0.018381,0.027929,-0.868074,0.495308,0.150413,0.001962,-0.001166,-0.024267,0.081902,-0.420705,
1629325941.000000,241782665.000000,0.210373,-0.538017,-0.014657,0.019444,0.027246,-0.872179,0.488040,0.136900,-0.025741,0.044494,0.008563,-0.304891,-0.403479,
1629325941.000000,246785641.000000,0.209907,-0.538544,-0.014484,0.018752,0.026892,-0.872703,0.487149,0.135300,-0.024589,0.040518,-0.009444,-0.300343,-0.432327,
1629325941.000000,251788378.000000,0.209448,-0.539067,-0.014340,0.018188,0.026620,-0.873248,0.486208,0.134027,-0.023425,0.035826,0.021170,-0.149384,-0.437752,
1629325941.000000,256791592.000000,0.208933,-0.539669,-0.014159,0.018037,0.026450,-0.873774,0.485277,0.147427,-0.023837,0.040211,0.051399,-0.060247,-0.414271,
1629325941.000000,261794567.000000,0.208438,-0.540250,-0.013999,0.018047,0.026337,-0.874276,0.484378,0.152015,-0.023282,0.039921,0.057570,0.087673,-0.416208,
1629325941.000000,266797543.000000,0.209049,-0.539772,-0.014145,0.018744,0.026737,-0.874777,0.483425,0.134597,-0.013916,0.035310,0.008841,0.218217,-0.422728,
1629325941.000000,271801710.000000,0.208627,-0.540325,-0.014007,0.019185,0.027051,-0.875279,0.482479,0.137878,-0.013363,0.035980,-0.011966,0.218774,-0.432184,
1629325941.000000,276804686.000000,0.208328,-0.540877,-0.014053,0.019501,0.027265,-0.875794,0.481520,0.135029,-0.002292,0.017906,0.003338,0.053012,-0.425965,
1629325941.000000,281807423.000000,0.207962,-0.541454,-0.014014,0.019423,0.027249,-0.876307,0.480590,0.137090,0.001302,0.013366,0.003251,-0.053159,-0.433174,
1629325941.000000,286810637.000000,0.207600,-0.542050,-0.013999,0.019324,0.027232,-0.876839,0.479623,0.139086,0.004913,0.008886,-0.005231,-0.002774,-0.445115,
1629325941.000000,331839561.000000,0.202909,-0.547199,-0.014396,0.021215,0.027509,-0.881388,0.471113,0.115653,-0.025696,0.048179,0.088433,-0.093257,-0.391549,
1629325941.000000,336842537.000000,0.202590,-0.547620,-0.014478,0.020858,0.027147,-0.881863,0.470261,0.106798,-0.016381,0.019339,0.039660,-0.219474,-0.394727,
1629325941.000000,341845512.000000,0.202232,-0.548015,-0.014423,0.020310,0.026871,-0.882352,0.469382,0.101233,-0.015217,0.013471,-0.016107,-0.291215,-0.418193,
1629325941.000000,346849442.000000,0.201891,-0.548390,-0.014406,0.019531,0.026540,-0.882862,0.468475,0.096006,-0.014065,0.006679,-0.005461,-0.339767,-0.414102,
1629325941.000000,351852417.000000,0.201457,-0.548869,-0.014302,0.018834,0.026152,-0.883362,0.467581,0.113573,-0.016618,0.017488,0.045775,-0.281178,-0.424465,
1629325941.000000,356855631.000000,0.201062,-0.549305,-0.014244,0.018446,0.025823,-0.883882,0.466632,0.116890,-0.016911,0.017590,0.052415,-0.063456,-0.435383,
1629325941.000000,361858606.000000,0.200258,-0.551237,-0.014398,0.018687,0.026014,-0.884402,0.465625,0.136169,-0.011876,0.031024,0.031923,0.151192,-0.420368,
1629325941.000000,366861582.000000,0.199871,-0.551851,-0.014431,0.019118,0.026207,-0.884883,0.464683,0.145008,-0.001782,0.015426,0.015951,0.196071,-0.424536,
1629325941.000000,371864557.000000,0.199454,-0.552455,-0.014400,0.019531,0.026423,-0.885376,0.463713,0.149718,0.001448,0.012223,0.012723,0.207928,-0.438492,
1629325941.000000,376868486.000000,0.199038,-0.553085,-0.014382,0.019928,0.026646,-0.885880,0.462719,0.154512,0.004711,0.009228,-0.003125,0.123041,-0.445932,
1629325941.000000,471928596.000000,0.189328,-0.571012,-0.014338,0.020156,0.025702,-0.895291,0.444283,0.172230,0.017080,0.015393,0.017176,0.170673,-0.428922,
1629325941.000000,476931572.000000,0.188916,-0.571719,-0.014332,0.020414,0.025826,-0.895771,0.443296,0.167755,0.020181,0.011931,0.014928,0.097695,-0.449108,
1629325941.000000,481935740.000000,0.188486,-0.572455,-0.014330,0.020601,0.025930,-0.896273,0.442264,0.169002,0.022486,0.009590,-0.003011,0.083281,-0.459912,
1629325941.000000,486938715.000000,0.188063,-0.573200,-0.014340,0.020677,0.026041,-0.896774,0.441238,0.170317,0.024800,0.007115,-0.014941,0.008249,-0.451315,
1629325941.000000,491941452.000000,0.187647,-0.573910,-0.014339,0.020616,0.026086,-0.897263,0.440243,0.165986,0.023532,0.007676,-0.013740,0.008627,-0.435343,
1629325941.000000,496944666.000000,0.186368,-0.575422,-0.014793,0.020441,0.025996,-0.897756,0.439250,0.168099,0.021605,0.005416,-0.031748,0.046207,-0.445923,
1629325941.000000,501947641.000000,0.185939,-0.576152,-0.014822,0.020483,0.026149,-0.898243,0.438242,0.166671,0.022457,0.005165,-0.025599,0.042054,-0.439816,
1629325941.000000,506951332.000000,0.185517,-0.576875,-0.014848,0.020419,0.026196,-0.898720,0.437264,0.165156,0.023287,0.004850,-0.011507,-0.089001,-0.443755,
1629325941.000000,511954546.000000,0.185007,-0.577527,-0.014590,0.020223,0.026113,-0.899227,0.436233,0.163060,0.011759,0.032213,0.047800,0.021567,-0.475881,
1629325941.000000,516957521.000000,0.184548,-0.578200,-0.014469,0.020557,0.026091,-0.899749,0.435141,0.161058,0.009051,0.039051,0.096201,0.164575,-0.474935,
1629325941.000000,556983471.000000,0.180931,-0.582001,-0.012866,0.019572,0.024434,-0.903475,0.427497,0.131413,0.007086,0.033273,0.026721,-0.118939,-0.426022,
1629325941.000000,561986446.000000,0.179318,-0.583163,-0.014550,0.019367,0.024289,-0.903994,0.426416,0.155465,0.003118,0.020496,0.039504,0.031193,-0.411055,
1629325941.000000,566989660.000000,0.178830,-0.583784,-0.014490,0.019638,0.024338,-0.904434,0.425465,0.158733,0.003351,0.020932,0.029111,0.193296,-0.428051,
1629325941.000000,571992636.000000,0.178363,-0.584472,-0.014517,0.020143,0.024567,-0.904885,0.424468,0.164632,0.010610,0.012261,0.005447,0.226658,-0.431466,
1629325941.000000,576995611.000000,0.177871,-0.585155,-0.014509,0.020549,0.024776,-0.905336,0.423475,0.169245,0.013151,0.009969,0.010780,0.144651,-0.445052,
1629325941.000000,581999779.000000,0.177372,-0.585864,-0.014516,0.020733,0.024859,-0.905812,0.422441,0.173908,0.015734,0.007616,0.014094,0.021829,-0.453833,
1629325941.000000,587002516.000000,0.176907,-0.586528,-0.014512,0.020746,0.024885,-0.906290,0.421412,0.167120,0.016128,0.008491,-0.006143,0.062278,-0.458952,
1629325941.000000,592005491.000000,0.176431,-0.587223,-0.014526,0.020883,0.025027,-0.906765,0.420374,0.166687,0.017829,0.007502,-0.019048,0.040543,-0.442145,
1629325941.000000,597008705.000000,0.175740,-0.589111,-0.015609,0.020878,0.025016,-0.907242,0.419344,0.167144,0.022426,-0.008323,-0.022128,0.029430,-0.429195,
1629325941.000000,602011681.000000,0.175250,-0.589782,-0.015619,0.020953,0.025161,-0.907695,0.418351,0.165505,0.017841,-0.000097,-0.035916,0.060204,-0.447359,
1629325941.000000,652043581.000000,0.169980,-0.596780,-0.013839,0.020666,0.023899,-0.912325,0.408246,0.138232,0.005166,0.035603,0.021437,-0.346352,-0.439060,
1629325941.000000,657047510.000000,0.169536,-0.597321,-0.013706,0.020047,0.023553,-0.912788,0.407261,0.137554,0.005311,0.034143,0.045131,-0.202947,-0.435824,
1629325941.000000,662050486.000000,0.167910,-0.598228,-0.014331,0.019582,0.023281,-0.913286,0.406181,0.152413,0.001407,0.021463,0.038751,0.023535,-0.426378,
1629325941.000000,667053699.000000,0.167321,-0.598966,-0.014317,0.019855,0.023342,-0.913711,0.405208,0.171839,0.007147,0.016165,0.032240,0.168377,-0.419951,
1629325941.000000,672056675.000000,0.166763,-0.599643,-0.014289,0.020335,0.023527,-0.914135,0.404216,0.177874,0.009108,0.014020,0.003665,0.269308,-0.442240,
1629325941.000000,677059412.000000,0.166192,-0.600343,-0.014273,0.020886,0.023812,-0.914577,0.403169,0.184048,0.011110,0.011580,0.008629,0.165666,-0.450993,
1629325941.000000,682062626.000000,0.165667,-0.601021,-0.014278,0.021048,0.023871,-0.915029,0.402130,0.178641,0.014713,0.008120,0.014360,0.026370,-0.459281,
1629325941.000000,687066555.000000,0.165119,-0.601736,-0.014299,0.021103,0.023925,-0.915496,0.401060,0.179836,0.017385,0.005518,-0.008195,0.060634,-0.466922,
1629325941.000000,692069769.000000,0.164339,-0.602270,-0.014604,0.021519,0.024082,-0.916002,0.399871,0.169407,0.018077,0.003626,-0.024186,0.090865,-0.456323,
1629325941.000000,697072744.000000,0.163823,-0.602892,-0.014617,0.021626,0.024219,-0.916444,0.398843,0.165033,0.014890,0.004777,-0.009311,0.039716,-0.437124,
1629325941.000000,737098455.000000,0.158818,-0.607280,-0.013702,0.023454,0.023953,-0.920030,0.390411,0.136239,-0.011346,0.050238,0.062241,-0.078983,-0.398627,
1629325941.000000,742101431.000000,0.158311,-0.607726,-0.013493,0.023043,0.023681,-0.920448,0.389466,0.131344,-0.011927,0.050424,0.030290,-0.270078,-0.422437,
1629325941.000000,747104406.000000,0.157849,-0.608191,-0.013405,0.022299,0.023376,-0.920881,0.388502,0.127349,-0.006551,0.036293,-0.010268,-0.353468,-0.431891,
1629325941.000000,752107620.000000,0.157387,-0.608630,-0.013247,0.021401,0.023052,-0.921328,0.387512,0.123056,-0.005158,0.033091,0.012937,-0.392616,-0.446825,
1629325941.000000,757110596.000000,0.156941,-0.609060,-0.013119,0.020652,0.022667,-0.921784,0.386489,0.118914,-0.003766,0.029279,0.056947,-0.205912,-0.452196,
1629325941.000000,762114763.000000,0.154870,-0.610532,-0.015240,0.020191,0.022443,-0.922241,0.385435,0.156236,-0.005238,-0.001979,0.031607,0.017803,-0.436322,
1629325941.000000,767117500.000000,0.154295,-0.611071,-0.015286,0.020377,0.022516,-0.922648,0.384447,0.160394,-0.004632,-0.001560,0.010906,0.147744,-0.416034,
1629325941.000000,772120476.000000,0.153709,-0.611631,-0.015339,0.020792,0.022683,-0.923040,0.383472,0.164218,-0.003976,-0.001317,0.011192,0.204054,-0.426581,
1629325941.000000,777123690.000000,0.153149,-0.612201,-0.015455,0.021244,0.022890,-0.923451,0.382443,0.164499,0.000449,-0.010447,0.000450,0.201743,-0.452287,
1629325941.000000,782126665.000000,0.152567,-0.612790,-0.015567,0.021578,0.023054,-0.923878,0.381383,0.166903,0.002646,-0.013943,0.011043,0.075057,-0.451287,
1629325941.000000,832158327.000000,0.146880,-0.619547,-0.013226,0.023508,0.022905,-0.928252,0.370500,0.144032,-0.018697,0.062530,0.078136,0.143719,-0.409912,
1629325941.000000,837162495.000000,0.146410,-0.620028,-0.013273,0.023647,0.022803,-0.928625,0.369563,0.136493,-0.007097,0.030211,0.056052,-0.092365,-0.399149,
1629325941.000000,842165470.000000,0.145898,-0.620471,-0.013172,0.023238,0.022577,-0.929016,0.368619,0.131892,-0.005627,0.023981,0.016534,-0.218518,-0.424741,
1629325941.000000,847168684.000000,0.145403,-0.620905,-0.013108,0.022647,0.022366,-0.929430,0.367624,0.127509,-0.004160,0.017368,-0.002704,-0.301033,-0.434519,
1629325941.000000,852171659.000000,0.144830,-0.621394,-0.012947,0.021855,0.022067,-0.929847,0.366634,0.138922,-0.005975,0.028615,0.027059,-0.332659,-0.436479,
1629325941.000000,857174397.000000,0.144295,-0.621858,-0.012840,0.021236,0.021749,-0.930268,0.365620,0.140545,-0.005798,0.028841,0.041202,-0.186318,-0.445064,
1629325941.000000,862177610.000000,0.142941,-0.622698,-0.013039,0.020994,0.021735,-0.930727,0.364465,0.147637,-0.008652,0.031647,0.035778,0.035426,-0.439909,
1629325941.000000,867181540.000000,0.142367,-0.623174,-0.012910,0.021291,0.021802,-0.931117,0.363444,0.148513,-0.008466,0.033678,0.020935,0.198755,-0.430257,
1629325941.000000,872184515.000000,0.141762,-0.623795,-0.012960,0.021783,0.021987,-0.931498,0.362428,0.161035,0.000529,0.018667,0.012299,0.201123,-0.434496,
1629325941.000000,877187729.000000,0.141164,-0.624359,-0.012924,0.022171,0.022141,-0.931887,0.361393,0.165333,0.003359,0.015488,0.008137,0.155995,-0.444131,
1629325941.000000,962241650.000000,0.131857,-0.633047,-0.012449,0.021465,0.020965,-0.938712,0.343394,0.144210,-0.003530,0.019792,0.033780,0.034663,-0.430679,
1629325941.000000,967245579.000000,0.131284,-0.633509,-0.012394,0.021821,0.021050,-0.939075,0.342374,0.149734,-0.002031,0.017648,0.013716,0.206765,-0.437980,
1629325941.000000,972248793.000000,0.130683,-0.634007,-0.012373,0.022316,0.021245,-0.939439,0.341329,0.155518,-0.000475,0.015241,0.010238,0.228247,-0.432873,
1629325941.000000,977251530.000000,0.130069,-0.634520,-0.012352,0.022764,0.021401,-0.939794,0.340310,0.161213,0.001081,0.013142,0.011565,0.124923,-0.433698,
1629325941.000000,982254505.000000,0.129549,-0.634973,-0.012330,0.022920,0.021475,-0.940168,0.339260,0.151756,0.003365,0.011196,0.002905,0.059294,-0.455123,
1629325941.000000,987257481.000000,0.128984,-0.635470,-0.012323,0.023016,0.021544,-0.940554,0.338178,0.151726,0.005180,0.009223,-0.003429,0.023032,-0.457325,
1629325941.000000,992261648.000000,0.127878,-0.636997,-0.013512,0.023136,0.021434,-0.940965,0.337032,0.156466,0.009145,-0.004124,-0.022495,-0.029021,-0.459371,
1629325941.000000,997264624.000000,0.127318,-0.637474,-0.013535,0.023011,0.021509,-0.941351,0.335957,0.152416,0.007180,-0.001617,-0.035419,-0.005140,-0.449960,
1629325942.000000,2267838.000000,0.126753,-0.637984,-0.013590,0.023061,0.021658,-0.941723,0.334899,0.152140,0.007849,-0.002348,-0.038521,0.095834,-0.457173,
1629325942.000000,7270575.000000,0.126188,-0.638493,-0.013650,0.023239,0.021828,-0.942099,0.333817,0.152107,0.008524,-0.003456,-0.002500,0.050923,-0.444721,
1629325942.000000,52299500.000000,0.121423,-0.641264,-0.011747,0.022964,0.020463,-0.945380,0.324517,0.107613,-0.010607,0.032626,0.024375,-0.251409,-0.439418,
1629325942.000000,57302713.000000,0.120851,-0.641626,-0.011526,0.022529,0.020264,-0.945745,0.323495,0.122493,-0.012159,0.043062,0.043430,-0.083677,-0.430800,
1629325942.000000,62305689.000000,0.120222,-0.642716,-0.013189,0.022150,0.020144,-0.946141,0.322367,0.131504,-0.008007,0.017745,0.035205,0.009590,-0.419171,
1629325942.000000,67309380.000000,0.119663,-0.643095,-0.013142,0.022262,0.020143,-0.946478,0.321368,0.134363,-0.007731,0.018709,0.028484,0.124961,-0.426564,
1629325942.000000,72312593.000000,0.119135,-0.643523,-0.013224,0.022718,0.020272,-0.946817,0.320328,0.137196,-0.000588,0.004125,0.002196,0.235034,-0.440512,
1629325942.000000,77315569.000000,0.118588,-0.643941,-0.013239,0.023199,0.020479,-0.947159,0.319269,0.139836,0.001993,0.001024,0.009182,0.164038,-0.442641,
1629325942.000000,82318544.000000,0.118034,-0.644379,-0.013275,0.023426,0.020538,-0.947502,0.318227,0.142715,0.004590,-0.002200,0.013943,0.039622,-0.428811,
1629325942.000000,87321758.000000,0.117505,-0.644784,-0.013270,0.023433,0.020562,-0.947845,0.317203,0.136930,0.003820,0.002770,0.000849,0.003411,-0.445647,
1629325942.000000,92325687.000000,0.116619,-0.646999,-0.012848,0.023743,0.020621,-0.948236,0.316006,0.146455,0.009666,0.003454,-0.020251,0.045886,-0.447115,
1629325942.000000,97328424.000000,0.116064,-0.647477,-0.012876,0.023805,0.020758,-0.948579,0.314961,0.146049,0.010934,0.002093,-0.038456,0.014697,-0.438389,
1629325942.000000,142357588.000000,0.110497,-0.652602,-0.011439,0.024880,0.020002,-0.951653,0.305511,0.118918,-0.006751,0.036558,0.026686,-0.158714,-0.412999,
1629325942.000000,147360563.000000,0.109998,-0.652924,-0.011303,0.024398,0.019860,-0.951982,0.304534,0.114335,-0.005797,0.031336,-0.009575,-0.250322,-0.410926,
1629325942.000000,152363539.000000,0.109442,-0.653282,-0.011109,0.023667,0.019662,-0.952313,0.303569,0.121834,-0.006237,0.038035,0.024269,-0.332322,-0.418246,
1629325942.000000,157366514.000000,0.108359,-0.654657,-0.011394,0.022795,0.019392,-0.952675,0.302514,0.132096,-0.002409,0.033904,0.051472,-0.190896,-0.432313,
1629325942.000000,162369490.000000,0.107804,-0.655040,-0.011266,0.022626,0.019251,-0.953010,0.301479,0.131785,-0.001966,0.034050,0.038495,0.017788,-0.436549,
1629325942.000000,167372465.000000,0.107178,-0.655522,-0.011195,0.022833,0.019269,-0.953331,0.300444,0.145852,0.002934,0.027823,0.019336,0.148888,-0.420634,
1629325942.000000,172376633.000000,0.106573,-0.655976,-0.011106,0.023223,0.019385,-0.953635,0.299441,0.150659,0.004882,0.026255,0.013923,0.156667,-0.421499,
1629325942.000000,177379608.000000,0.105957,-0.656445,-0.011024,0.023557,0.019481,-0.953951,0.298401,0.155160,0.006836,0.024601,0.015084,0.151706,-0.441879,
1629325942.000000,182382584.000000,0.105392,-0.656877,-0.010968,0.023857,0.019592,-0.954274,0.297334,0.148004,0.007984,0.020480,-0.008294,0.081506,-0.441928,
1629325942.000000,187385559.000000,0.104803,-0.657337,-0.010917,0.023873,0.019667,-0.954598,0.296285,0.147959,0.009604,0.018063,-0.009587,-0.025107,-0.439693,
1629325942.000000,232414484.000000,0.098551,-0.662477,-0.011153,0.025577,0.019442,-0.957529,0.286542,0.131140,-0.008615,0.058084,0.061971,0.145713,-0.423851,
1629325942.000000,237417459.000000,0.097981,-0.662803,-0.010892,0.025745,0.019380,-0.957824,0.285543,0.126012,-0.009362,0.059856,0.051379,-0.094917,-0.399438,
1629325942.000000,242421627.000000,0.097432,-0.663112,-0.010622,0.025254,0.019137,-0.958120,0.284608,0.120715,-0.010143,0.061371,0.047144,-0.254791,-0.396028,
1629325942.000000,247424364.000000,0.096884,-0.663440,-0.010450,0.024670,0.018901,-0.958429,0.283634,0.120823,-0.007336,0.048465,0.017427,-0.249338,-0.427030,
1629325942.000000,252427340.000000,0.096357,-0.663745,-0.010251,0.024109,0.018749,-0.958748,0.282611,0.117507,-0.006698,0.044633,0.007587,-0.179947,-0.422964,
1629325942.000000,257430553.000000,0.095563,-0.666216,-0.008781,0.023899,0.018769,-0.959082,0.281495,0.129187,0.002642,0.030644,0.031266,-0.150742,-0.415318,
1629325942.000000,262433529.000000,0.094904,-0.666652,-0.008561,0.023628,0.018617,-0.959387,0.280485,0.142629,0.002755,0.039176,0.042050,-0.052902,-0.428240,
1629325942.000000,267436504.000000,0.094300,-0.667060,-0.008405,0.023724,0.018569,-0.959687,0.279451,0.145361,0.003305,0.039237,0.041939,0.124432,-0.426144,
1629325942.000000,272440672.000000,0.093682,-0.667479,-0.008248,0.024111,0.018627,-0.959976,0.278421,0.148067,0.003862,0.039724,0.015460,0.155715,-0.427110,
1629325942.000000,277443409.000000,0.093083,-0.667922,-0.008135,0.024403,0.018731,-0.960267,0.277382,0.149247,0.008911,0.033307,0.005587,0.111574,-0.430384,
1629325942.000000,367500544.000000,0.081099,-0.677069,-0.005416,0.023983,0.017563,-0.965608,0.258299,0.142389,0.000488,0.037984,0.049961,0.034969,-0.413447,
1629325942.000000,372504473.000000,0.080409,-0.677495,-0.005286,0.024237,0.017549,-0.965874,0.257277,0.152927,0.002916,0.035406,0.030780,0.198271,-0.426343,
1629325942.000000,377507448.000000,0.079743,-0.677899,-0.005152,0.024827,0.017697,-0.966134,0.256234,0.156540,0.003910,0.034040,0.001918,0.238727,-0.423211,
1629325942.000000,382510662.000000,0.079064,-0.678315,-0.005036,0.025223,0.017836,-0.966397,0.255190,0.159893,0.004926,0.032227,0.002904,0.097141,-0.444304,
1629325942.000000,387513638.000000,0.078440,-0.678715,-0.004931,0.025342,0.017869,-0.966684,0.254086,0.152978,0.007346,0.029561,0.022180,0.042579,-0.455251,
1629325942.000000,392516613.000000,0.077789,-0.679132,-0.004834,0.025416,0.017890,-0.966969,0.252991,0.152656,0.008923,0.027070,-0.011690,0.012530,-0.451853,
1629325942.000000,397520781.000000,0.077200,-0.680828,-0.004887,0.025698,0.017877,-0.967274,0.251796,0.161453,0.015955,0.028439,-0.015241,0.016095,-0.437185,
1629325942.000000,402523518.000000,0.076545,-0.681265,-0.004821,0.025744,0.017958,-0.967542,0.250753,0.158683,0.014952,0.024334,-0.030663,0.020108,-0.431666,
1629325942.000000,407526731.000000,0.075886,-0.681720,-0.004743,0.025759,0.018098,-0.967810,0.249704,0.158022,0.015669,0.023161,-0.031190,0.058527,-0.432888,
1629325942.000000,412529469.000000,0.075231,-0.682175,-0.004675,0.025868,0.018205,-0.968075,0.248657,0.157387,0.016385,0.021705,-0.012702,0.010879,-0.432801,
1629325942.000000,462561369.000000,0.070240,-0.685235,-0.005975,0.024491,0.016827,-0.970762,0.238197,0.112905,0.008897,-0.001883,0.045011,-0.196860,-0.439387,
1629325942.000000,467565536.000000,0.069512,-0.685599,-0.005820,0.024310,0.016720,-0.971027,0.237140,0.135695,0.003898,0.014546,0.025730,-0.009041,-0.428751,
1629325942.000000,472567558.000000,0.068910,-0.685934,-0.005780,0.024459,0.016718,-0.971273,0.236117,0.139880,0.003500,0.015866,0.037262,0.163514,-0.410587,
1629325942.000000,477571726.000000,0.068289,-0.686273,-0.005731,0.025007,0.016781,-0.971505,0.235098,0.143673,0.003098,0.017624,0.024841,0.224085,-0.428561,
1629325942.000000,482574701.000000,0.067695,-0.686653,-0.005740,0.025527,0.016905,-0.971748,0.234028,0.144015,0.010296,0.010196,0.011690,0.242971,-0.433123,
1629325942.000000,487577438.000000,0.067073,-0.687034,-0.005736,0.026030,0.017031,-0.971988,0.232964,0.147003,0.012962,0.007704,0.001312,0.113009,-0.445592,
1629325942.000000,492580652.000000,0.067102,-0.686918,-0.006615,0.026382,0.017056,-0.972267,0.231756,0.156146,0.018995,-0.010151,-0.004169,-0.034505,-0.444875,
1629325942.000000,497584581.000000,0.066543,-0.687264,-0.006636,0.026275,0.017076,-0.972524,0.230682,0.144869,0.016797,-0.005148,-0.007271,-0.004895,-0.448848,
1629325942.000000,502587557.000000,0.065940,-0.687661,-0.006709,0.026282,0.017138,-0.972783,0.229582,0.143541,0.017943,-0.006074,-0.011589,0.003350,-0.446980,
