1624910279.000000,497827530.000000,-0.000160,0.000084,0.000294,-0.004910,0.027503,-0.000262,0.999610,-0.001210,0.000253,0.008594,0.000560,0.007904,-0.000380,
1624910279.000000,502830267.000000,-0.000167,0.000084,0.000336,-0.004903,0.027496,-0.000264,0.999610,-0.001707,0.000050,0.008782,0.005875,-0.006173,0.000622,
1624910279.000000,507833242.000000,-0.000174,0.000084,0.000381,-0.004895,0.027493,-0.000263,0.999610,-0.001925,-0.000015,0.009084,-0.004694,0.004515,-0.002509,
1624910279.000000,512836456.000000,-0.000181,0.000084,0.000427,-0.004916,0.027496,-0.000273,0.999610,-0.002098,-0.000079,0.009260,-0.004862,-0.009128,-0.002587,
1624910279.000000,517839432.000000,-0.000181,0.000084,0.000476,-0.004914,0.027472,-0.000275,0.999610,-0.001182,-0.000138,0.009937,0.003792,0.003282,-0.000395,
1624910279.000000,522842407.000000,-0.000166,0.000082,0.000252,-0.004883,0.027536,-0.000284,0.999609,-0.000921,-0.000133,0.009740,0.002698,-0.000553,-0.002550,
1624910279.000000,527846575.000000,-0.000169,0.000082,0.000304,-0.004878,0.027520,-0.000288,0.999609,-0.001018,-0.000201,0.010930,0.002659,0.002188,0.000617,
1624910279.000000,532849312.000000,-0.000168,0.000084,0.000340,-0.004877,0.027538,-0.000287,0.999609,-0.000604,0.000028,0.009488,-0.004732,0.000448,-0.002509,
1624910279.000000,537852287.000000,-0.000172,0.000084,0.000392,-0.004893,0.027517,-0.000293,0.999609,-0.000756,0.000056,0.010054,-0.003779,-0.010413,0.001643,
1624910279.000000,542855501.000000,-0.000177,0.000085,0.000444,-0.004888,0.027510,-0.000285,0.999610,-0.000976,0.000085,0.010445,0.006950,0.007644,-0.000350,
1624910279.000000,587883711.000000,-0.000244,0.000045,0.000247,-0.004898,0.027500,-0.000275,0.999610,-0.002354,-0.000235,0.007824,-0.002665,-0.001990,0.004836,
1624910279.000000,592886448.000000,-0.000257,0.000044,0.000289,-0.004900,0.027512,-0.000261,0.999609,-0.002704,-0.000204,0.008589,-0.000473,0.005663,-0.002415,
1624910279.000000,597889423.000000,-0.000279,0.000041,0.000333,-0.004901,0.027516,-0.000276,0.999609,-0.003920,-0.000486,0.009006,0.000560,-0.002896,-0.000532,
1624910279.000000,602893353.000000,-0.000293,0.000039,0.000380,-0.004899,0.027516,-0.000272,0.999609,-0.004000,-0.000550,0.009602,0.000584,0.008673,-0.004546,
1624910279.000000,607896328.000000,-0.000307,0.000036,0.000431,-0.004905,0.027524,-0.000289,0.999609,-0.003968,-0.000613,0.010300,-0.006863,-0.017510,0.000533,
1624910279.000000,612899542.000000,-0.000285,0.000016,0.000508,-0.004939,0.027196,-0.000272,0.999618,0.000751,-0.003303,0.014450,-0.021778,-0.308086,0.002896,
1624910279.000000,617902279.000000,-0.000114,0.000066,0.000268,-0.005001,0.026001,-0.000319,0.999649,0.004283,-0.004261,0.012293,-0.015506,-0.604108,-0.053471,
1624910279.000000,622905254.000000,-0.000087,0.000042,0.000334,-0.004995,0.024465,-0.000560,0.999688,0.005283,-0.005379,0.014077,0.033472,-0.561963,-0.145272,
1624910279.000000,627908468.000000,0.000449,-0.000081,0.000379,-0.004885,0.023445,-0.001026,0.999713,0.063238,-0.017022,0.015215,0.049760,-0.208988,-0.225220,
1624910279.000000,632911444.000000,0.000811,-0.000178,0.000439,-0.004821,0.023332,-0.001646,0.999715,0.082263,-0.021482,0.016434,0.007029,0.067752,-0.259391,
1624910279.000000,722968340.000000,0.010842,-0.002538,-0.000730,-0.004843,0.026403,-0.019117,0.999457,0.119002,-0.029675,0.016224,0.043107,-0.007376,-0.430397,
1624910279.000000,727971554.000000,0.011444,-0.002715,-0.000666,-0.004694,0.026635,-0.020213,0.999430,0.122159,-0.031892,0.023774,0.078672,0.159592,-0.445286,
1624910279.000000,732974529.000000,0.012065,-0.002905,-0.000567,-0.004477,0.027108,-0.021341,0.999395,0.125524,-0.034076,0.031233,0.128252,0.229960,-0.443299,
1624910279.000000,737977266.000000,0.012603,-0.003063,-0.000574,-0.004212,0.027711,-0.022438,0.999355,0.115608,-0.030408,0.019378,0.046124,0.241908,-0.427195,
1624910279.000000,742980242.000000,0.013174,-0.003241,-0.000506,-0.004237,0.028142,-0.023501,0.999319,0.113581,-0.030296,0.021186,-0.003176,0.067439,-0.423991,
1624910279.000000,747984409.000000,0.013734,-0.003419,-0.000427,-0.004210,0.028050,-0.024569,0.999296,0.111511,-0.030186,0.022457,0.041287,-0.106186,-0.430402,
1624910279.000000,752987385.000000,0.014708,-0.003370,0.000471,-0.004061,0.028030,-0.025802,0.999266,0.098112,-0.030297,0.028582,0.067820,-0.227312,-0.415846,
1624910279.000000,757990599.000000,0.015185,-0.003549,0.000579,-0.003940,0.027384,-0.026823,0.999257,0.092459,-0.031505,0.026850,0.053067,-0.234592,-0.407122,
1624910279.000000,762993574.000000,0.015630,-0.003733,0.000688,-0.003911,0.026890,-0.027856,0.999243,0.086491,-0.032741,0.025683,0.001808,-0.170169,-0.419996,
1624910279.000000,767996311.000000,0.016220,-0.003891,0.000773,-0.003984,0.026538,-0.028895,0.999222,0.105649,-0.027918,0.022552,-0.019657,-0.095384,-0.404164,
1624910279.000000,818027735.000000,0.025185,-0.004876,-0.000290,-0.004431,0.027761,-0.039965,0.998806,0.149806,-0.016734,0.006112,-0.048134,-0.049635,-0.451292,
1624910279.000000,823031425.000000,0.025925,-0.005023,-0.000291,-0.004546,0.027656,-0.041100,0.998762,0.149294,-0.017667,0.008391,0.004828,0.005944,-0.459859,
1624910279.000000,828034639.000000,0.026663,-0.005175,-0.000281,-0.004468,0.027782,-0.042252,0.998711,0.148849,-0.018594,0.010651,0.065985,0.078844,-0.455653,
1624910279.000000,833037376.000000,0.027379,-0.005395,-0.000021,-0.004285,0.028009,-0.043384,0.998657,0.145395,-0.026669,0.038627,0.098815,0.123915,-0.447057,
1624910279.000000,838040352.000000,0.028098,-0.005599,0.000151,-0.004057,0.028347,-0.044505,0.998599,0.143975,-0.029842,0.048140,0.080934,0.144382,-0.443879,
1624910279.000000,843043327.000000,0.028813,-0.005819,0.000376,-0.003936,0.028663,-0.045610,0.998540,0.142643,-0.033027,0.058071,0.031697,0.113515,-0.434326,
1624910279.000000,848046541.000000,0.029418,-0.005978,0.000448,-0.003896,0.028781,-0.046665,0.998488,0.127562,-0.026303,0.037785,0.032605,-0.051265,-0.404524,
1624910279.000000,853049278.000000,0.029947,-0.006241,-0.000037,-0.003719,0.028563,-0.047725,0.998445,0.110782,-0.024351,0.018481,0.038303,-0.282729,-0.392790,
1624910279.000000,858053446.000000,0.030474,-0.006412,0.000020,-0.003697,0.027794,-0.048731,0.998418,0.103650,-0.023720,0.016069,0.038039,-0.251928,-0.417351,
1624910279.000000,863056421.000000,0.031183,-0.006611,0.000074,-0.003680,0.027277,-0.049794,0.998380,0.121387,-0.024400,0.015656,0.005331,-0.208874,-0.426042,
1624910279.000000,903081656.000000,0.036771,-0.007725,-0.000887,-0.003889,0.027713,-0.058513,0.997894,0.152073,-0.008561,-0.016594,-0.020338,0.095248,-0.435614,
1624910279.000000,908084631.000000,0.037523,-0.007854,-0.001017,-0.003963,0.027926,-0.059595,0.997824,0.153988,-0.006977,-0.018805,-0.025666,0.051292,-0.435576,
1624910279.000000,913087368.000000,0.038203,-0.008011,-0.001108,-0.004045,0.028039,-0.060682,0.997755,0.146699,-0.010237,-0.015517,-0.016165,0.077934,-0.432477,
1624910279.000000,918090582.000000,0.038895,-0.008265,-0.001115,-0.004023,0.028356,-0.061832,0.997676,0.144543,-0.013538,-0.012262,-0.026583,0.043121,-0.445268,
1624910279.000000,923093557.000000,0.039600,-0.008423,-0.001222,-0.004133,0.028287,-0.062953,0.997607,0.144064,-0.013600,-0.013238,-0.021558,-0.097294,-0.446544,
1624910279.000000,928096533.000000,0.040325,-0.008664,-0.001079,-0.004178,0.028027,-0.064073,0.997543,0.145537,-0.022046,0.011910,0.028607,-0.054569,-0.463324,
1624910279.000000,933099747.000000,0.041030,-0.008873,-0.001042,-0.004068,0.028095,-0.065250,0.997465,0.144917,-0.024625,0.018917,0.078756,0.119865,-0.464711,
1624910279.000000,938103676.000000,0.041736,-0.009097,-0.000962,-0.003857,0.028463,-0.066384,0.997381,0.144647,-0.027208,0.026614,0.084191,0.147973,-0.438950,
1624910279.000000,943106413.000000,0.042386,-0.009297,-0.000890,-0.003667,0.028776,-0.067468,0.997300,0.136141,-0.025544,0.027658,0.080764,0.135463,-0.428272,
1624910279.000000,948109388.000000,0.043042,-0.009517,-0.000776,-0.003507,0.029041,-0.068535,0.997220,0.132538,-0.026464,0.031991,0.042707,0.054672,-0.419826,
1624910279.000000,998128891.000000,0.049600,-0.011499,-0.000806,-0.003569,0.027500,-0.079077,0.996483,0.153873,-0.010568,-0.005509,-0.006468,0.019657,-0.456340,
1624910280.000000,3131866.000000,0.050322,-0.011682,-0.000860,-0.003604,0.027705,-0.080202,0.996387,0.152471,-0.011088,-0.004807,-0.019028,0.130837,-0.447689,
1624910280.000000,8136034.000000,0.051068,-0.011858,-0.000929,-0.003674,0.028012,-0.081302,0.996289,0.154080,-0.010028,-0.005752,-0.022501,0.080239,-0.431770,
1624910280.000000,13139009.000000,0.051822,-0.012031,-0.001001,-0.003730,0.028163,-0.082367,0.996197,0.155549,-0.008974,-0.006770,-0.011660,0.081307,-0.429509,
1624910280.000000,18141985.000000,0.051595,-0.012344,-0.001099,-0.003683,0.028481,-0.083555,0.996089,0.141674,-0.012230,-0.009581,-0.023302,0.099292,-0.455178,
1624910280.000000,23144960.000000,0.052222,-0.012575,-0.001093,-0.003775,0.028646,-0.084702,0.995987,0.137415,-0.017436,-0.001715,-0.030898,0.030045,-0.457512,
1624910280.000000,28147936.000000,0.052885,-0.012780,-0.001133,-0.003864,0.028598,-0.085841,0.995891,0.137417,-0.018210,-0.000021,-0.005351,-0.078937,-0.467886,
1624910280.000000,33150911.000000,0.053547,-0.012991,-0.001168,-0.003855,0.028415,-0.087033,0.995793,0.137376,-0.018969,0.001182,0.058538,-0.000505,-0.483024,
1624910280.000000,38154125.000000,0.054187,-0.013253,-0.001051,-0.003657,0.028611,-0.088230,0.995682,0.134695,-0.027074,0.023306,0.100337,0.151122,-0.468080,
1624910280.000000,43158054.000000,0.054829,-0.013514,-0.000947,-0.003417,0.029050,-0.089371,0.995569,0.133499,-0.030780,0.032921,0.075811,0.215450,-0.441400,
1624910280.000000,83182812.000000,0.060414,-0.015238,-0.000599,-0.003195,0.027562,-0.097873,0.994812,0.131956,-0.020040,0.014220,0.018282,0.097869,-0.412919,
1624910280.000000,88185787.000000,0.061048,-0.015466,-0.000565,-0.003161,0.027850,-0.098912,0.994701,0.133346,-0.019991,0.013793,0.009713,0.143382,-0.428735,
1624910280.000000,93189001.000000,0.061688,-0.015697,-0.000534,-0.003154,0.028166,-0.100003,0.994583,0.134734,-0.019920,0.013355,-0.008326,0.080378,-0.440667,
1624910280.000000,98191977.000000,0.062351,-0.015835,-0.000567,-0.003211,0.028253,-0.101100,0.994470,0.136135,-0.012822,0.008551,-0.013791,0.015981,-0.444781,
1624910280.000000,103194952.000000,0.063008,-0.016032,-0.000567,-0.003267,0.028268,-0.102215,0.994355,0.137377,-0.011205,0.006990,-0.008353,-0.012125,-0.450182,
1624910280.000000,108197689.000000,0.063677,-0.016225,-0.000571,-0.003324,0.028288,-0.103326,0.994240,0.138898,-0.009580,0.005678,-0.016858,0.066652,-0.440604,
1624910280.000000,113201857.000000,0.064336,-0.016430,-0.000560,-0.003372,0.028573,-0.104414,0.994118,0.138025,-0.011031,0.007223,-0.014837,0.129086,-0.439436,
1624910280.000000,118204832.000000,0.064711,-0.016830,-0.001223,-0.003341,0.028767,-0.105514,0.993996,0.138196,-0.013234,-0.004516,-0.025290,0.098020,-0.427974,
1624910280.000000,128211021.000000,0.065980,-0.017307,-0.001137,-0.003565,0.028956,-0.107701,0.993755,0.133113,-0.020723,0.018711,-0.007509,-0.043903,-0.450409,
1624910280.000000,133213997.000000,0.066613,-0.017557,-0.001065,-0.003561,0.028784,-0.108820,0.993638,0.131943,-0.023095,0.025831,0.042877,-0.067521,-0.457577,
1624910280.000000,218266964.000000,0.078831,-0.022111,-0.001589,-0.002927,0.028914,-0.127321,0.991436,0.158006,-0.009575,-0.002676,-0.000635,0.203952,-0.445261,
1624910280.000000,223271132.000000,0.079546,-0.022367,-0.001625,-0.002941,0.029374,-0.128395,0.991284,0.155205,-0.011177,-0.000512,-0.041061,0.100175,-0.426927,
1624910280.000000,228273869.000000,0.080286,-0.022620,-0.001660,-0.003090,0.029437,-0.129468,0.991142,0.155550,-0.011285,0.000889,-0.040366,-0.010552,-0.448241,
1624910280.000000,233276844.000000,0.081026,-0.022877,-0.001702,-0.003155,0.029380,-0.130606,0.990994,0.155947,-0.011372,0.001242,0.025847,-0.051985,-0.464394,
1624910280.000000,238280058.000000,0.081730,-0.023194,-0.001561,-0.003073,0.029171,-0.131760,0.990848,0.152244,-0.021214,0.026875,0.080349,-0.082116,-0.463244,
1624910280.000000,243283033.000000,0.082439,-0.023506,-0.001441,-0.002896,0.029053,-0.132927,0.990696,0.151017,-0.025191,0.037372,0.093097,0.046862,-0.478088,
1624910280.000000,248286009.000000,0.081517,-0.024203,-0.001216,-0.002590,0.029273,-0.134068,0.990536,0.124022,-0.042087,0.052410,0.082433,0.230752,-0.456016,
1624910280.000000,253289223.000000,0.082066,-0.024581,-0.000962,-0.002377,0.029782,-0.135139,0.990376,0.121684,-0.046186,0.063609,0.051614,0.134239,-0.404688,
1624910280.000000,258292913.000000,0.082514,-0.024762,-0.001140,-0.002310,0.029801,-0.136104,0.990244,0.108224,-0.031566,0.025454,0.028015,-0.087392,-0.377987,
1624910280.000000,263295889.000000,0.082992,-0.025056,-0.001050,-0.002334,0.029353,-0.137058,0.990125,0.103185,-0.030305,0.022145,0.024904,-0.269230,-0.400313,
1624910280.000000,308323860.000000,0.089390,-0.027204,-0.001375,-0.002505,0.028828,-0.146685,0.988760,0.145883,-0.008359,0.001611,-0.007001,-0.087265,-0.449394,
1624910280.000000,313326836.000000,0.090078,-0.027452,-0.001407,-0.002615,0.028488,-0.147808,0.988602,0.145890,-0.006480,0.000706,-0.026999,-0.126038,-0.452835,
1624910280.000000,318329811.000000,0.090793,-0.027837,-0.001831,-0.002627,0.028603,-0.149046,0.988413,0.154149,-0.012784,-0.003837,-0.031624,0.071544,-0.466541,
1624910280.000000,323332787.000000,0.091513,-0.028129,-0.001894,-0.002647,0.028996,-0.150224,0.988223,0.157485,-0.013421,-0.003164,-0.007942,0.204901,-0.480596,
1624910280.000000,328336000.000000,0.092256,-0.028434,-0.001950,-0.002620,0.029429,-0.151388,0.988033,0.161407,-0.014036,-0.002238,0.002684,0.112680,-0.452914,
1624910280.000000,333339930.000000,0.092961,-0.028750,-0.001881,-0.002615,0.029575,-0.152503,0.987857,0.156558,-0.017514,0.015594,0.008004,0.038667,-0.466412,
1624910280.000000,338343143.000000,0.093685,-0.029075,-0.001830,-0.002570,0.029721,-0.153694,0.987668,0.156339,-0.019265,0.023435,0.048307,0.106658,-0.482816,
1624910280.000000,343345881.000000,0.094405,-0.029410,-0.001737,-0.002386,0.029958,-0.154871,0.987477,0.156289,-0.021014,0.031424,0.086923,0.066211,-0.465596,
1624910280.000000,348348856.000000,0.094356,-0.030564,-0.001029,-0.002010,0.030173,-0.156005,0.987293,0.131563,-0.035119,0.039194,0.100700,0.051310,-0.462387,
1624910280.000000,353351831.000000,0.094919,-0.030933,-0.000865,-0.001787,0.030306,-0.157141,0.987109,0.125598,-0.036211,0.043024,0.078400,0.072179,-0.445487,
1624910280.000000,398380280.000000,0.099924,-0.033599,-0.000896,-0.001969,0.029094,-0.166644,0.985586,0.140489,-0.017758,0.005443,0.013408,0.074703,-0.424270,
1624910280.000000,403383732.000000,0.100567,-0.033912,-0.000920,-0.001979,0.029241,-0.167709,0.985401,0.142455,-0.015292,0.001834,-0.024869,0.027721,-0.448571,
1624910280.000000,408386707.000000,0.101223,-0.034217,-0.000970,-0.002092,0.029254,-0.168842,0.985207,0.144541,-0.012794,-0.002356,-0.020986,-0.008810,-0.462677,
1624910280.000000,413389921.000000,0.102452,-0.034168,-0.001532,-0.002099,0.029151,-0.170032,0.985005,0.146110,-0.008552,0.002433,-0.015271,0.001915,-0.442469,
1624910280.000000,418392897.000000,0.103128,-0.034452,-0.001560,-0.002169,0.029243,-0.171108,0.984816,0.146597,-0.007525,0.002849,-0.026052,0.082319,-0.443300,
1624910280.000000,423395872.000000,0.103808,-0.034734,-0.001586,-0.002221,0.029553,-0.172207,0.984615,0.147077,-0.006488,0.003315,-0.031366,0.146278,-0.441437,
1624910280.000000,428399086.000000,0.104472,-0.035075,-0.001516,-0.002260,0.029883,-0.173288,0.984415,0.147207,-0.012744,0.014163,-0.013339,0.092362,-0.445463,
1624910280.000000,433401823.000000,0.105142,-0.035390,-0.001477,-0.002263,0.029993,-0.174399,0.984216,0.147250,-0.014046,0.017922,0.021887,0.008259,-0.450984,
1624910280.000000,438404799.000000,0.105808,-0.035711,-0.001421,-0.002194,0.029966,-0.175531,0.984015,0.147046,-0.015341,0.021523,0.065527,0.003902,-0.476327,
1624910280.000000,443408966.000000,0.106392,-0.036037,-0.001259,-0.002015,0.030038,-0.176724,0.983800,0.135821,-0.020215,0.037319,0.083794,0.101347,-0.472428,
1624910280.000000,493439913.000000,0.111916,-0.039427,-0.001322,-0.001645,0.028854,-0.187130,0.981910,0.146274,-0.011018,0.002459,0.018795,0.125363,-0.429681,
1624910280.000000,498443127.000000,0.112586,-0.039746,-0.001361,-0.001593,0.029111,-0.188191,0.981700,0.150657,-0.008701,-0.000653,0.003916,0.115999,-0.426576,
1624910280.000000,503446102.000000,0.113276,-0.040063,-0.001416,-0.001598,0.029350,-0.189247,0.981490,0.154787,-0.006369,-0.003673,-0.018516,0.040633,-0.443392,
1624910280.000000,508449078.000000,0.113913,-0.040363,-0.001446,-0.001670,0.029386,-0.190358,0.981273,0.147913,-0.006222,-0.001764,-0.009038,0.032003,-0.453256,
1624910280.000000,513452053.000000,0.114723,-0.041245,-0.001557,-0.001566,0.029509,-0.191507,0.981046,0.151331,-0.009909,-0.001991,-0.006625,0.098374,-0.442482,
1624910280.000000,518455744.000000,0.115408,-0.041574,-0.001613,-0.001588,0.029749,-0.192574,0.980830,0.152276,-0.008456,-0.003246,-0.021654,0.066933,-0.426510,
1624910280.000000,523458719.000000,0.116041,-0.041940,-0.001644,-0.001670,0.029864,-0.193616,0.980621,0.148923,-0.013414,-0.001490,-0.036545,0.036637,-0.430664,
1624910280.000000,528461933.000000,0.116701,-0.042287,-0.001692,-0.001772,0.029964,-0.194696,0.980404,0.148501,-0.013952,-0.001475,-0.024951,0.022230,-0.452061,
1624910280.000000,533464909.000000,0.117361,-0.042638,-0.001741,-0.001827,0.029982,-0.195806,0.980182,0.148418,-0.014479,-0.001696,0.003933,-0.006564,-0.446842,
1624910280.000000,538467884.000000,0.118013,-0.043029,-0.001624,-0.001811,0.029941,-0.196900,0.979965,0.148139,-0.020427,0.021740,0.044340,-0.011864,-0.452998,
1624910280.000000,623521805.000000,0.127044,-0.048999,-0.002074,-0.001233,0.029901,-0.214908,0.976176,0.143099,-0.009643,-0.005094,-0.024583,0.099169,-0.437194,
1624910280.000000,628525019.000000,0.127669,-0.049342,-0.002142,-0.001324,0.030019,-0.215977,0.975936,0.142253,-0.009039,-0.005454,-0.035426,-0.010748,-0.443537,
1624910280.000000,633527994.000000,0.128283,-0.049714,-0.002142,-0.001443,0.029943,-0.217070,0.975696,0.141861,-0.013368,0.003936,-0.014120,-0.043784,-0.451069,
1624910280.000000,638530731.000000,0.128895,-0.050079,-0.002152,-0.001454,0.029926,-0.218185,0.975448,0.141393,-0.014730,0.007696,0.041243,0.060979,-0.465899,
1624910280.000000,643533707.000000,0.129505,-0.050452,-0.002142,-0.001284,0.030105,-0.219326,0.975186,0.141189,-0.016081,0.011746,0.077681,0.070469,-0.455442,
1624910280.000000,648536921.000000,0.130841,-0.050857,-0.001984,-0.001029,0.030260,-0.220436,0.974931,0.143830,-0.019583,0.039467,0.082929,0.103190,-0.445687,
1624910280.000000,653539896.000000,0.131453,-0.051259,-0.001808,-0.000813,0.030522,-0.221530,0.974676,0.141670,-0.021400,0.048321,0.060592,0.116802,-0.442651,
1624910280.000000,658544064.000000,0.132054,-0.051668,-0.001588,-0.000672,0.030658,-0.222588,0.974430,0.139769,-0.023232,0.056863,0.062491,0.008500,-0.419205,
1624910280.000000,663547039.000000,0.132599,-0.052012,-0.001569,-0.000624,0.030410,-0.223582,0.974210,0.129782,-0.018236,0.030668,0.024569,-0.210588,-0.395693,
1624910280.000000,668549776.000000,0.133141,-0.052372,-0.001464,-0.000789,0.029720,-0.224567,0.974005,0.125006,-0.017396,0.026218,0.016530,-0.294320,-0.426427,
1624910280.000000,713577986.000000,0.139513,-0.055747,-0.002578,-0.000711,0.029574,-0.234230,0.971731,0.158894,-0.001163,-0.003588,-0.009570,0.062348,-0.446966,
1624910280.000000,718581200.000000,0.140219,-0.056112,-0.002645,-0.000734,0.029755,-0.235302,0.971467,0.159515,0.000162,-0.004534,-0.011828,0.103238,-0.438387,
1624910280.000000,723583937.000000,0.140928,-0.056474,-0.002715,-0.000749,0.030054,-0.236372,0.971198,0.159999,0.001493,-0.005226,-0.041428,0.108141,-0.445839,
1624910280.000000,728588104.000000,0.141570,-0.056837,-0.002737,-0.000862,0.030243,-0.237455,0.970927,0.154048,-0.000990,-0.001510,-0.037576,0.016795,-0.443813,
1624910280.000000,733591080.000000,0.142249,-0.057197,-0.002794,-0.000981,0.030143,-0.238534,0.970666,0.153042,-0.000785,-0.001719,-0.019087,-0.115627,-0.453237,
1624910280.000000,738593817.000000,0.142922,-0.057554,-0.002858,-0.001083,0.029882,-0.239660,0.970396,0.151892,-0.000570,-0.002448,0.033792,-0.031914,-0.472541,
1624910280.000000,743596792.000000,0.143584,-0.057968,-0.002756,-0.000934,0.029967,-0.240822,0.970106,0.152891,-0.008625,0.020734,0.076864,0.098764,-0.478927,
1624910280.000000,748600006.000000,0.143848,-0.058655,-0.002577,-0.000628,0.030130,-0.241959,0.969818,0.153898,-0.021298,0.049210,0.093699,0.178686,-0.452407,
1624910280.000000,753602743.000000,0.144487,-0.059120,-0.002342,-0.000357,0.030512,-0.243025,0.969540,0.153596,-0.024415,0.060809,0.052400,0.145294,-0.426665,
1624910280.000000,758606911.000000,0.144998,-0.059416,-0.002342,-0.000224,0.030709,-0.244053,0.969275,0.134268,-0.015664,0.039926,0.065614,0.044121,-0.419266,
1624910280.000000,803635120.000000,0.150273,-0.063443,-0.002904,-0.000343,0.029192,-0.253400,0.966921,0.163049,-0.006762,0.001397,-0.004410,0.046909,-0.456782,
1624910280.000000,808638096.000000,0.150972,-0.063870,-0.002947,-0.000374,0.029304,-0.254512,0.966625,0.165033,-0.004527,-0.001101,-0.032712,0.026391,-0.467303,
1624910280.000000,813640833.000000,0.150670,-0.064138,-0.003320,-0.000230,0.029574,-0.255704,0.966303,0.156258,-0.004512,-0.010624,-0.008765,0.094442,-0.459964,
1624910280.000000,818644047.000000,0.151255,-0.064548,-0.003379,-0.000175,0.029868,-0.256795,0.966004,0.150154,-0.007762,-0.009628,-0.010212,0.106119,-0.442856,
1624910280.000000,823647022.000000,0.151886,-0.064955,-0.003458,-0.000207,0.030083,-0.257857,0.965715,0.149957,-0.007381,-0.010167,-0.017202,0.080856,-0.441736,
1624910280.000000,828649998.000000,0.152514,-0.065360,-0.003536,-0.000251,0.030256,-0.258935,0.965421,0.149537,-0.007004,-0.010491,-0.046499,0.024323,-0.452446,
1624910280.000000,833654165.000000,0.153137,-0.065762,-0.003612,-0.000437,0.030226,-0.260028,0.965128,0.148979,-0.006623,-0.010606,-0.040739,-0.070417,-0.453554,
1624910280.000000,838657141.000000,0.153724,-0.066219,-0.003554,-0.000532,0.030018,-0.261130,0.964837,0.147492,-0.014153,0.006261,0.039458,-0.085363,-0.465158,
1624910280.000000,843659878.000000,0.154318,-0.066656,-0.003558,-0.000404,0.029905,-0.262280,0.964528,0.146573,-0.016397,0.010745,0.103479,0.067945,-0.480186,
1624910280.000000,848663092.000000,0.155506,-0.066623,-0.003838,-0.000171,0.030093,-0.263420,0.964212,0.145723,-0.009703,0.030418,0.077009,0.212700,-0.464316,
1624910280.000000,893691063.000000,0.161210,-0.069170,-0.005172,-0.000026,0.028875,-0.272791,0.961640,0.110787,0.013258,-0.023647,0.046135,0.155440,-0.441734,
1624910280.000000,898693800.000000,0.162116,-0.069566,-0.005270,0.000129,0.029236,-0.273885,0.961318,0.137672,0.019270,-0.020753,0.015154,0.160530,-0.450694,
1624910280.000000,903697968.000000,0.162765,-0.069852,-0.005420,0.000173,0.029559,-0.274964,0.961000,0.140987,0.021289,-0.022600,-0.026453,0.083476,-0.457783,
1624910280.000000,908700943.000000,0.163431,-0.070139,-0.005597,0.000082,0.029642,-0.276071,0.960680,0.144350,0.023336,-0.025365,-0.022367,-0.024965,-0.453839,
1624910280.000000,913703918.000000,0.164851,-0.071889,-0.005535,0.000206,0.029687,-0.277237,0.960343,0.168369,0.015487,-0.019537,-0.010314,0.026393,-0.454711,
1624910280.000000,918707132.000000,0.165599,-0.072269,-0.005682,0.000183,0.029865,-0.278339,0.960018,0.167999,0.016689,-0.020115,-0.023139,0.081400,-0.459139,
1624910280.000000,923710108.000000,0.166346,-0.072643,-0.005833,0.000145,0.030082,-0.279427,0.959696,0.167541,0.017883,-0.020629,-0.023258,0.094595,-0.447374,
1624910280.000000,928712845.000000,0.167064,-0.073043,-0.005945,0.000096,0.030281,-0.280492,0.959379,0.165692,0.014314,-0.016642,-0.043269,0.021075,-0.446236,
1624910280.000000,933716059.000000,0.167791,-0.073427,-0.006065,-0.000081,0.030231,-0.281563,0.959066,0.164661,0.013916,-0.015062,-0.041480,-0.072875,-0.447391,
1624910280.000000,938719034.000000,0.168509,-0.073810,-0.006194,-0.000191,0.030051,-0.282651,0.958752,0.163361,0.013516,-0.014674,0.034184,-0.068554,-0.467494,
1624910280.000000,993656635.000000,0.173145,-0.079205,-0.005174,0.000544,0.028603,-0.294281,0.955291,0.157031,-0.000422,-0.000527,0.015417,0.130690,-0.426218,
1624910280.000000,998659611.000000,0.173807,-0.079656,-0.005221,0.000601,0.028951,-0.295321,0.954959,0.162878,0.001160,-0.001113,-0.023125,0.146618,-0.454838,
1624910281.000000,3662586.000000,0.174498,-0.080119,-0.005281,0.000620,0.029272,-0.296433,0.954605,0.168958,0.002796,-0.002465,0.000224,0.100042,-0.464736,
1624910281.000000,8665562.000000,0.175156,-0.080550,-0.005383,0.000655,0.029424,-0.297534,0.954257,0.164617,0.004624,-0.008888,0.000627,0.035233,-0.464461,
1624910281.000000,13669729.000000,0.174289,-0.080990,-0.004581,0.000761,0.029543,-0.298705,0.953888,0.148753,-0.000704,-0.003410,-0.023019,-0.010298,-0.455067,
1624910281.000000,18672705.000000,0.174899,-0.081414,-0.004645,0.000663,0.029576,-0.299783,0.953549,0.149214,0.000929,-0.005077,-0.032554,0.053798,-0.457042,
1624910281.000000,23675680.000000,0.175471,-0.081847,-0.004679,0.000631,0.029829,-0.300879,0.953196,0.146318,-0.001432,-0.002616,-0.021965,0.112899,-0.459334,
1624910281.000000,28678656.000000,0.176063,-0.082272,-0.004740,0.000611,0.030051,-0.301962,0.952846,0.145735,-0.001108,-0.003357,-0.029221,0.042855,-0.451797,
1624910281.000000,33681631.000000,0.176650,-0.082694,-0.004803,0.000483,0.030064,-0.303039,0.952504,0.144974,-0.000789,-0.004095,-0.040080,-0.050673,-0.457092,
1624910281.000000,38684607.000000,0.177201,-0.083169,-0.004651,0.000368,0.029908,-0.304148,0.952155,0.142891,-0.010191,0.024484,0.037464,-0.070945,-0.477345,
1624910281.000000,83713770.000000,0.178272,-0.089145,-0.003095,0.000847,0.028122,-0.313700,0.949105,0.109633,-0.032488,0.002823,0.061189,-0.133524,-0.444468,
1624910281.000000,88716507.000000,0.178792,-0.089784,-0.002981,0.000969,0.027967,-0.314759,0.948759,0.132961,-0.035543,0.014564,0.069044,0.063675,-0.441337,
1624910281.000000,93719482.000000,0.179233,-0.090333,-0.002943,0.001147,0.028281,-0.315798,0.948404,0.138521,-0.035252,0.014701,0.010152,0.202918,-0.431727,
1624910281.000000,98722696.000000,0.179695,-0.090899,-0.002905,0.001239,0.028783,-0.316822,0.948048,0.143904,-0.034953,0.014826,-0.041029,0.179667,-0.438045,
1624910281.000000,103725672.000000,0.180160,-0.091412,-0.002933,0.001228,0.029137,-0.317885,0.947681,0.141800,-0.028270,0.005197,-0.012525,0.097654,-0.463649,
1624910281.000000,108728647.000000,0.180647,-0.091950,-0.002960,0.001257,0.029296,-0.318992,0.947304,0.143959,-0.025378,0.000633,-0.000226,0.042578,-0.460622,
1624910281.000000,113732815.000000,0.181217,-0.092791,-0.002560,0.001340,0.029464,-0.320121,0.946918,0.150789,-0.022286,0.005661,-0.004849,-0.021910,-0.459367,
1624910281.000000,118735552.000000,0.181631,-0.093326,-0.002500,0.001263,0.029414,-0.321214,0.946549,0.141654,-0.027252,0.010637,-0.024849,0.004068,-0.459541,
1624910281.000000,123738527.000000,0.182112,-0.093866,-0.002485,0.001178,0.029568,-0.322300,0.946175,0.141080,-0.026848,0.010261,-0.046383,0.093522,-0.465785,
1624910281.000000,128741741.000000,0.182593,-0.094405,-0.002471,0.001095,0.029817,-0.323391,0.945795,0.140807,-0.026443,0.009805,-0.056907,0.045247,-0.447909,
1624910281.000000,223801613.000000,0.191965,-0.104004,-0.002975,0.001575,0.029335,-0.343172,0.938813,0.139764,-0.016029,-0.001884,0.000133,-0.016078,-0.465849,
1624910281.000000,228804827.000000,0.192542,-0.104539,-0.002961,0.001503,0.029639,-0.344296,0.938392,0.147864,-0.011149,0.004641,-0.107009,0.171579,-0.489418,
1624910281.000000,233807564.000000,0.193072,-0.105056,-0.002952,0.001362,0.030000,-0.345407,0.937972,0.148673,-0.009539,0.008765,-0.019314,0.018939,-0.450121,
1624910281.000000,238810539.000000,0.193606,-0.105569,-0.002926,0.001424,0.029906,-0.346439,0.937595,0.149010,-0.007954,0.012584,0.079936,0.019159,-0.447501,
1624910281.000000,243813753.000000,0.194035,-0.106092,-0.002739,0.001654,0.030025,-0.347516,0.937192,0.137407,-0.018492,0.036975,0.087920,0.101381,-0.452247,
1624910281.000000,248816729.000000,0.194517,-0.106791,-0.003119,0.002001,0.030178,-0.348537,0.936807,0.141274,-0.027912,0.031575,0.058203,0.101928,-0.436074,
1624910281.000000,253819704.000000,0.194960,-0.107366,-0.002980,0.002163,0.030319,-0.349574,0.936415,0.139453,-0.031175,0.039501,0.063274,0.044818,-0.456177,
1624910281.000000,258823872.000000,0.195341,-0.107827,-0.003025,0.002334,0.030244,-0.350653,0.936014,0.126079,-0.026941,0.021502,0.116657,-0.047485,-0.441651,
1624910281.000000,263826609.000000,0.195725,-0.108343,-0.002971,0.002490,0.029981,-0.351663,0.935643,0.121181,-0.027803,0.019192,0.066058,-0.081638,-0.427371,
1624910281.000000,268829584.000000,0.196087,-0.108847,-0.002921,0.002419,0.029753,-0.352652,0.935278,0.116386,-0.028699,0.017350,-0.013452,-0.115101,-0.403240,
1624910281.000000,313857555.000000,0.200500,-0.113211,-0.002902,0.002213,0.029488,-0.361779,0.931795,0.155847,-0.002492,0.007458,-0.007063,0.087787,-0.458384,
1624910281.000000,318860531.000000,0.201082,-0.113751,-0.002901,0.002266,0.029724,-0.362852,0.931370,0.159131,-0.000085,0.007274,-0.017094,0.096723,-0.453308,
1624910281.000000,323864460.000000,0.201550,-0.114261,-0.002847,0.002227,0.029944,-0.363886,0.930960,0.149880,-0.004378,0.012144,-0.038857,0.061602,-0.441380,
1624910281.000000,328867674.000000,0.202087,-0.114786,-0.002827,0.002136,0.030050,-0.364918,0.930552,0.149276,-0.004009,0.012836,-0.036524,-0.010323,-0.449953,
1624910281.000000,333870649.000000,0.202624,-0.115309,-0.002804,0.001986,0.029999,-0.365968,0.930142,0.148767,-0.003637,0.013439,-0.031267,-0.046701,-0.451093,
1624910281.000000,338873625.000000,0.203122,-0.115860,-0.002650,0.001886,0.029904,-0.367020,0.929730,0.146262,-0.010116,0.031521,0.020800,-0.046428,-0.458437,
1624910281.000000,343876839.000000,0.203623,-0.116403,-0.002515,0.001946,0.029761,-0.368097,0.929309,0.144724,-0.012476,0.038945,0.089166,-0.026443,-0.458578,
1624910281.000000,348879576.000000,0.202940,-0.116950,-0.002725,0.002188,0.029490,-0.369112,0.928914,0.128399,-0.027782,0.046038,0.092532,0.108953,-0.455277,
1624910281.000000,353882551.000000,0.203330,-0.117456,-0.002575,0.002484,0.029789,-0.370156,0.928489,0.124995,-0.025623,0.046761,0.067790,0.164040,-0.430934,
1624910281.000000,358885527.000000,0.203703,-0.117986,-0.002355,0.002726,0.029962,-0.371125,0.928095,0.122987,-0.026639,0.053014,0.097466,0.020725,-0.405172,
1624910281.000000,403914928.000000,0.207594,-0.122163,-0.003563,0.002525,0.028961,-0.379988,0.924535,0.140423,-0.005186,-0.013283,-0.007890,0.053187,-0.460673,
1624910281.000000,408917665.000000,0.208079,-0.122676,-0.003679,0.002539,0.029088,-0.381046,0.924095,0.144304,-0.003285,-0.017005,-0.000205,0.050163,-0.450048,
1624910281.000000,413920641.000000,0.208475,-0.124035,-0.003356,0.002733,0.029231,-0.382125,0.923644,0.148084,-0.010928,-0.006576,-0.002389,0.036525,-0.446687,
1624910281.000000,418923616.000000,0.208958,-0.124592,-0.003441,0.002709,0.029318,-0.383164,0.923211,0.148856,-0.009979,-0.007814,-0.021497,0.041526,-0.451072,
1624910281.000000,423926592.000000,0.209447,-0.125153,-0.003526,0.002660,0.029510,-0.384202,0.922773,0.149739,-0.009032,-0.008820,-0.046085,0.098807,-0.452088,
1624910281.000000,428929567.000000,0.209939,-0.125713,-0.003596,0.002607,0.029745,-0.385239,0.922334,0.150518,-0.008090,-0.009045,-0.029164,0.021120,-0.446811,
1624910281.000000,433933735.000000,0.210401,-0.126272,-0.003631,0.002498,0.029719,-0.386268,0.921904,0.148244,-0.009923,-0.005460,-0.030959,-0.025621,-0.450970,
1624910281.000000,438936472.000000,0.210883,-0.126835,-0.003668,0.002384,0.029704,-0.387323,0.921462,0.148119,-0.009898,-0.003587,-0.002657,-0.033218,-0.465955,
1624910281.000000,443939447.000000,0.211368,-0.127403,-0.003721,0.002409,0.029637,-0.388403,0.921010,0.148327,-0.009863,-0.002704,0.064747,0.036922,-0.463883,
1624910281.000000,448942661.000000,0.211795,-0.128545,-0.003356,0.002743,0.029645,-0.389430,0.920575,0.142577,-0.028862,0.047070,0.100032,0.097057,-0.457423,
1624910281.000000,498899221.000000,0.216029,-0.133811,-0.003304,0.003011,0.028679,-0.399222,0.916401,0.146286,-0.009015,0.007888,0.026265,0.056394,-0.429770,
1624910281.000000,503903389.000000,0.216507,-0.134385,-0.003293,0.003065,0.028794,-0.400227,0.915959,0.150883,-0.007285,0.007980,-0.024330,0.035713,-0.446814,
1624910281.000000,508906364.000000,0.216973,-0.134940,-0.003282,0.002978,0.028916,-0.401271,0.915498,0.149306,-0.005847,0.007194,-0.017737,0.060521,-0.468115,
1624910281.000000,513909340.000000,0.217548,-0.136295,-0.003732,0.003267,0.029275,-0.402367,0.915004,0.158645,-0.009499,-0.007236,-0.020001,0.121299,-0.452284,
1624910281.000000,518912315.000000,0.218052,-0.136913,-0.003813,0.003272,0.029523,-0.403365,0.914557,0.161116,-0.007873,-0.009141,-0.003714,0.024425,-0.429653,
1624910281.000000,523915291.000000,0.218499,-0.137506,-0.003882,0.003263,0.029503,-0.404348,0.914123,0.155484,-0.009941,-0.009200,0.007605,0.022966,-0.430791,
1624910281.000000,528918028.000000,0.218983,-0.138114,-0.003976,0.003256,0.029680,-0.405348,0.913675,0.155402,-0.009544,-0.011072,-0.049093,0.083522,-0.449934,
1624910281.000000,533921003.000000,0.219468,-0.138724,-0.004093,0.003157,0.029892,-0.406379,0.913210,0.155628,-0.009126,-0.013793,-0.047284,0.038771,-0.446925,
1624910281.000000,538925171.000000,0.219952,-0.139334,-0.004219,0.003025,0.029891,-0.407384,0.912763,0.155758,-0.008718,-0.016313,-0.036190,-0.092439,-0.442439,
1624910281.000000,543927908.000000,0.220386,-0.139974,-0.004109,0.002891,0.029697,-0.408415,0.912308,0.153387,-0.015665,0.010444,0.060084,-0.010079,-0.462743,
1624910281.000000,588956118.000000,0.223649,-0.145298,-0.004349,0.003235,0.028538,-0.417205,0.908359,0.139815,-0.015663,-0.000335,0.034799,0.007731,-0.414891,
1624910281.000000,593959332.000000,0.224055,-0.145888,-0.004396,0.003357,0.028592,-0.418136,0.907928,0.144397,-0.014612,-0.001320,0.041622,0.037267,-0.412551,
1624910281.000000,598962307.000000,0.224477,-0.146491,-0.004448,0.003464,0.028689,-0.419092,0.907484,0.148811,-0.013539,-0.002143,0.035933,0.128091,-0.423407,
1624910281.000000,603966475.000000,0.224920,-0.147074,-0.004557,0.003642,0.029004,-0.420059,0.907026,0.150170,-0.008710,-0.010069,-0.006297,0.097002,-0.429715,
1624910281.000000,608969212.000000,0.225378,-0.147674,-0.004657,0.003576,0.029101,-0.421037,0.906569,0.153193,-0.006109,-0.012915,-0.032349,-0.006204,-0.432969,
1624910281.000000,613972187.000000,0.225747,-0.148295,-0.004393,0.003633,0.029122,-0.422094,0.906077,0.154917,-0.003211,-0.008254,-0.020351,-0.016421,-0.461561,
1624910281.000000,618975163.000000,0.226163,-0.148882,-0.004422,0.003580,0.029156,-0.423155,0.905581,0.150389,-0.006404,-0.004583,-0.002245,0.047064,-0.461850,
1624910281.000000,623978376.000000,0.226622,-0.149480,-0.004496,0.003613,0.029311,-0.424172,0.905100,0.151045,-0.005701,-0.005918,-0.008513,0.061381,-0.440301,
1624910281.000000,628981352.000000,0.227080,-0.150075,-0.004574,0.003606,0.029465,-0.425167,0.904628,0.151297,-0.005016,-0.007152,-0.019336,0.075595,-0.445615,
1624910281.000000,633984089.000000,0.227528,-0.150666,-0.004642,0.003603,0.029701,-0.426181,0.904143,0.149957,-0.005464,-0.005967,-0.045784,0.087721,-0.448937,
1624910281.000000,724041224.000000,0.233763,-0.161649,-0.003623,0.004005,0.029139,-0.443691,0.895697,0.147896,-0.002584,0.004978,0.014138,-0.000763,-0.451848,
1624910281.000000,729044199.000000,0.234183,-0.162272,-0.003602,0.004031,0.029260,-0.444706,0.895189,0.150148,-0.005031,0.009119,-0.021147,0.098127,-0.446692,
1624910281.000000,734047174.000000,0.234622,-0.162889,-0.003601,0.004061,0.029551,-0.445681,0.894695,0.151759,-0.004215,0.009954,-0.020422,0.109966,-0.429504,
1624910281.000000,739050388.000000,0.235068,-0.163512,-0.003593,0.004110,0.029806,-0.446653,0.894201,0.153082,-0.003399,0.010977,-0.025319,0.110575,-0.450714,
1624910281.000000,744054317.000000,0.234975,-0.164044,-0.004315,0.004139,0.029896,-0.447657,0.893696,0.143298,-0.015246,0.016671,-0.023687,0.045341,-0.441474,
1624910281.000000,749057293.000000,0.235355,-0.164686,-0.004256,0.004130,0.029912,-0.448636,0.893204,0.143227,-0.016927,0.023392,0.037303,-0.009201,-0.454834,
1624910281.000000,754060030.000000,0.235722,-0.165325,-0.004157,0.004255,0.029880,-0.449698,0.892670,0.142698,-0.018580,0.030323,0.087428,0.061697,-0.482934,
1624910281.000000,759063005.000000,0.236025,-0.165912,-0.004044,0.004547,0.030018,-0.450769,0.892124,0.132928,-0.021631,0.035360,0.086472,0.131108,-0.464762,
1624910281.000000,764065981.000000,0.236330,-0.166512,-0.003891,0.004821,0.030200,-0.451774,0.891608,0.128508,-0.023889,0.041715,0.075572,0.088759,-0.432725,
1624910281.000000,769069195.000000,0.236612,-0.167104,-0.003704,0.004973,0.030205,-0.452711,0.891132,0.124087,-0.026185,0.048224,0.044917,-0.030024,-0.403955,
1624910281.000000,814098120.000000,0.238378,-0.171838,-0.002801,0.004654,0.029241,-0.461149,0.886829,0.145006,-0.008435,0.014685,0.014833,0.047216,-0.451868,
1624910281.000000,819101095.000000,0.238776,-0.172464,-0.002772,0.004691,0.029295,-0.462150,0.886305,0.149133,-0.005487,0.012473,-0.002840,0.033097,-0.444455,
1624910281.000000,824104309.000000,0.239101,-0.173054,-0.002684,0.004650,0.029388,-0.463128,0.885792,0.142833,-0.008330,0.017373,-0.021422,0.009242,-0.446411,
1624910281.000000,829107285.000000,0.239480,-0.173666,-0.002641,0.004607,0.029475,-0.464123,0.885269,0.143313,-0.007232,0.016949,-0.022205,0.086791,-0.447651,
1624910281.000000,834110260.000000,0.239864,-0.174279,-0.002599,0.004657,0.029783,-0.465100,0.884745,0.143898,-0.006138,0.016694,-0.029774,0.113453,-0.440095,
1624910281.000000,839113235.000000,0.240216,-0.174900,-0.002521,0.004662,0.029969,-0.466070,0.884228,0.142203,-0.010018,0.020995,-0.002165,0.033301,-0.439042,
1624910281.000000,844116211.000000,0.240782,-0.175919,-0.003973,0.004516,0.029668,-0.467006,0.883745,0.138844,-0.015537,0.007037,-0.003888,-0.023993,-0.448580,
1624910281.000000,849120378.000000,0.241107,-0.176539,-0.003972,0.004460,0.029679,-0.468021,0.883208,0.138537,-0.016449,0.008702,0.004133,0.046791,-0.474098,
1624910281.000000,854123354.000000,0.241373,-0.177158,-0.003739,0.004564,0.029783,-0.469070,0.882647,0.133035,-0.022757,0.035570,0.056562,0.032964,-0.460509,
1624910281.000000,859126329.000000,0.241655,-0.177786,-0.003573,0.004748,0.029757,-0.470071,0.882114,0.131688,-0.025451,0.045525,0.108739,0.078222,-0.454796,
1624910281.000000,914160252.000000,0.244824,-0.185080,-0.004165,0.005199,0.029217,-0.480448,0.876521,0.158497,-0.011643,-0.000076,0.016152,0.057202,-0.433726,
1624910281.000000,919163227.000000,0.245143,-0.185652,-0.004186,0.005252,0.029334,-0.481415,0.875986,0.148135,-0.008015,0.000099,-0.005150,0.037737,-0.451733,
1624910281.000000,924167395.000000,0.245511,-0.186298,-0.004230,0.005209,0.029393,-0.482413,0.875435,0.148632,-0.005557,-0.000933,-0.014914,0.002474,-0.454018,
1624910281.000000,929170132.000000,0.245889,-0.186939,-0.004278,0.005139,0.029430,-0.483389,0.874895,0.149281,-0.003098,-0.001900,-0.030683,0.013052,-0.440056,
1624910281.000000,934173107.000000,0.246252,-0.187595,-0.004310,0.005107,0.029575,-0.484351,0.874359,0.149987,-0.005139,-0.000142,-0.006529,0.099790,-0.446386,
1624910281.000000,939176321.000000,0.246627,-0.188243,-0.004356,0.005223,0.029850,-0.485326,0.873808,0.150381,-0.004477,-0.000880,-0.016621,0.112137,-0.438052,
1624910281.000000,944179296.000000,0.247707,-0.189502,-0.005389,0.005067,0.029658,-0.486246,0.873304,0.152167,-0.005332,-0.007695,-0.019299,0.006973,-0.435663,
1624910281.000000,949182272.000000,0.248016,-0.190179,-0.005296,0.004995,0.029613,-0.487221,0.872762,0.149049,-0.012604,0.011236,0.006548,-0.027483,-0.458139,
1624910281.000000,954186440.000000,0.248350,-0.190850,-0.005263,0.005019,0.029606,-0.488242,0.872191,0.148254,-0.014502,0.017373,0.046854,0.052203,-0.474164,
1624910281.000000,959189177.000000,0.248676,-0.191528,-0.005200,0.005241,0.029695,-0.489271,0.871610,0.147889,-0.016388,0.023440,0.097052,0.083388,-0.457193,
1624910282.000000,4217148.000000,0.251002,-0.197407,-0.005266,0.005106,0.028036,-0.497561,0.866961,0.142164,-0.015005,0.010144,0.021437,0.126499,-0.434584,
1624910282.000000,9220123.000000,0.251093,-0.198339,-0.005297,0.005398,0.028524,-0.498546,0.866377,0.150381,-0.017393,0.009630,0.012800,0.176704,-0.441189,
1624910282.000000,14223099.000000,0.251460,-0.199010,-0.005407,0.005587,0.028850,-0.499490,0.865821,0.155302,-0.009867,-0.001752,0.011767,0.135881,-0.431503,
1624910282.000000,19226074.000000,0.251813,-0.199712,-0.005464,0.005683,0.029057,-0.500432,0.865270,0.159963,-0.007102,-0.005093,-0.010504,0.033456,-0.446327,
1624910282.000000,24230242.000000,0.252185,-0.200428,-0.005537,0.005643,0.029136,-0.501401,0.864706,0.164837,-0.004311,-0.008695,-0.013932,0.063152,-0.441248,
1624910282.000000,29233217.000000,0.252521,-0.201104,-0.005589,0.005691,0.029319,-0.502346,0.864151,0.158471,-0.005155,-0.006962,-0.006267,0.031870,-0.445199,
1624910282.000000,34236193.000000,0.252886,-0.201798,-0.005665,0.005644,0.029356,-0.503314,0.863586,0.158275,-0.003814,-0.008315,-0.018020,0.035598,-0.441248,
1624910282.000000,39239407.000000,0.253256,-0.202489,-0.005752,0.005646,0.029535,-0.504260,0.863028,0.157907,-0.002476,-0.009693,-0.025542,0.062258,-0.449453,
1624910282.000000,44242144.000000,0.253469,-0.203412,-0.006296,0.005461,0.029335,-0.505217,0.862476,0.152004,-0.011862,-0.002744,-0.026617,0.077615,-0.451826,
1624910282.000000,49245119.000000,0.253786,-0.204105,-0.006346,0.005452,0.029473,-0.506179,0.861907,0.152303,-0.012240,-0.001349,-0.004343,-0.009784,-0.443218,
1624910282.000000,94274044.000000,0.256980,-0.210299,-0.007135,0.005486,0.028018,-0.514551,0.856984,0.133034,-0.010588,0.000175,0.030875,-0.150078,-0.420877,
1624910282.000000,99277258.000000,0.257247,-0.210911,-0.007174,0.005397,0.027806,-0.515461,0.856445,0.133231,-0.009978,-0.001105,0.020113,-0.009393,-0.425120,
1624910282.000000,104279995.000000,0.257578,-0.211603,-0.007234,0.005443,0.027837,-0.516372,0.855895,0.147648,-0.006700,-0.003668,0.023296,0.015797,-0.421957,
1624910282.000000,109282970.000000,0.257902,-0.212282,-0.007297,0.005506,0.027877,-0.517284,0.855342,0.153678,-0.004978,-0.005445,0.023375,0.096030,-0.436736,
1624910282.000000,114286184.000000,0.257519,-0.212857,-0.006360,0.005734,0.028420,-0.518280,0.854720,0.163775,-0.008267,0.007332,-0.003276,0.191203,-0.443359,
1624910282.000000,119289160.000000,0.257866,-0.213609,-0.006368,0.005907,0.028819,-0.519214,0.854138,0.169368,-0.006483,0.005723,-0.008826,0.129895,-0.434737,
1624910282.000000,124293327.000000,0.258161,-0.214235,-0.006418,0.005992,0.029018,-0.520139,0.853567,0.158716,-0.004191,0.000273,0.007315,0.071965,-0.434714,
1624910282.000000,129296303.000000,0.258509,-0.214949,-0.006470,0.006039,0.029146,-0.521077,0.852991,0.159733,-0.002248,-0.002786,-0.013871,0.030103,-0.446439,
1624910282.000000,134299040.000000,0.258866,-0.215667,-0.006541,0.006013,0.029239,-0.522023,0.852409,0.161042,-0.000299,-0.006266,-0.002526,0.060209,-0.433797,
1624910282.000000,139302254.000000,0.259206,-0.216375,-0.006600,0.006057,0.029386,-0.522938,0.851842,0.158878,-0.001203,-0.005312,-0.028585,0.025216,-0.437783,
1624910282.000000,189333200.000000,0.263145,-0.223888,-0.009251,0.006263,0.028825,-0.532085,0.846177,0.122836,-0.005074,-0.004685,0.020919,-0.297963,-0.397585,
1624910282.000000,194336891.000000,0.263378,-0.224429,-0.009309,0.005879,0.028124,-0.532943,0.845663,0.116307,-0.003945,-0.008096,0.033885,-0.263472,-0.416529,
1624910282.000000,199340105.000000,0.263686,-0.225115,-0.009324,0.005660,0.027683,-0.533850,0.845107,0.136874,-0.002911,-0.001077,0.029546,-0.155031,-0.425363,
1624910282.000000,204343081.000000,0.263972,-0.225747,-0.009364,0.005562,0.027433,-0.534748,0.844548,0.141668,-0.001770,-0.000283,0.036938,-0.014049,-0.428291,
1624910282.000000,209346056.000000,0.264273,-0.226400,-0.009400,0.005689,0.027565,-0.535656,0.843967,0.146587,-0.000604,0.001030,-0.001122,0.144546,-0.423178,
1624910282.000000,214349270.000000,0.264903,-0.227403,-0.009824,0.005902,0.028154,-0.536618,0.843335,0.175744,0.010080,-0.016883,0.002505,0.139393,-0.442101,
1624910282.000000,219352007.000000,0.265324,-0.228174,-0.009993,0.006081,0.028408,-0.537575,0.842715,0.181255,0.012973,-0.020457,0.012729,0.160504,-0.456223,
1624910282.000000,224354982.000000,0.265772,-0.228972,-0.010168,0.006251,0.028726,-0.538533,0.842091,0.187099,0.015902,-0.023270,-0.004659,0.084545,-0.458175,
1624910282.000000,229359150.000000,0.266171,-0.229698,-0.010313,0.006273,0.028819,-0.539493,0.841474,0.177193,0.014931,-0.022282,0.009213,0.058556,-0.446592,
1624910282.000000,234362125.000000,0.266603,-0.230458,-0.010468,0.006346,0.029024,-0.540435,0.840861,0.177185,0.016299,-0.023810,-0.044721,0.095752,-0.463370,
1624910282.000000,319415092.000000,0.272530,-0.244260,-0.013274,0.006558,0.028330,-0.556161,0.830565,0.192500,0.014313,-0.023094,0.005883,0.076032,-0.455086,
1624910282.000000,324418068.000000,0.272940,-0.245033,-0.013462,0.006633,0.028484,-0.557127,0.829912,0.186573,0.017550,-0.026927,-0.010828,0.071749,-0.464948,
1624910282.000000,329422235.000000,0.273375,-0.245860,-0.013650,0.006680,0.028691,-0.558078,0.829265,0.188106,0.019724,-0.028646,-0.011189,0.105561,-0.458358,
1624910282.000000,334425211.000000,0.273821,-0.246693,-0.013848,0.006770,0.028905,-0.559013,0.828627,0.189794,0.021897,-0.030430,-0.008729,0.056334,-0.439319,
1624910282.000000,339427948.000000,0.274248,-0.247501,-0.014025,0.006786,0.029042,-0.559907,0.828018,0.185765,0.021462,-0.028109,-0.013199,0.101795,-0.433782,
1624910282.000000,344431162.000000,0.274688,-0.248314,-0.014222,0.006898,0.029332,-0.560807,0.827398,0.184815,0.022575,-0.028653,-0.023695,0.097953,-0.432916,
1624910282.000000,349434137.000000,0.274811,-0.249005,-0.014967,0.006520,0.028981,-0.561668,0.826829,0.179544,0.021230,-0.040104,-0.038757,-0.011071,-0.438116,
1624910282.000000,354437113.000000,0.275231,-0.249788,-0.015225,0.006329,0.028901,-0.562591,0.826206,0.178363,0.022327,-0.041533,-0.017588,-0.123175,-0.457336,
1624910282.000000,359440327.000000,0.275562,-0.250627,-0.015186,0.006192,0.028690,-0.563566,0.825549,0.178082,0.012025,-0.013254,0.054875,0.009152,-0.486080,
1624910282.000000,364444256.000000,0.275929,-0.251425,-0.015293,0.006459,0.028789,-0.564571,0.824857,0.176488,0.009835,-0.006673,0.087158,0.129670,-0.469272,
1624910282.000000,409472227.000000,0.278322,-0.257290,-0.015596,0.006204,0.027090,-0.572550,0.819398,0.164397,0.015429,-0.010120,0.031799,0.117245,-0.428597,
1624910282.000000,414475441.000000,0.278118,-0.258222,-0.015928,0.006226,0.027210,-0.573466,0.818753,0.180135,0.012306,-0.021588,0.011154,0.170780,-0.433147,
1624910282.000000,419478178.000000,0.278499,-0.258996,-0.016139,0.006411,0.027507,-0.574360,0.818115,0.180074,0.017530,-0.028856,-0.009950,0.077012,-0.451051,
1624910282.000000,424480915.000000,0.278887,-0.259810,-0.016333,0.006390,0.027583,-0.575303,0.817450,0.183222,0.020082,-0.031352,-0.002758,0.008154,-0.465124,
1624910282.000000,429485083.000000,0.279291,-0.260636,-0.016542,0.006408,0.027644,-0.576258,0.816775,0.186451,0.022661,-0.033833,-0.000295,0.055200,-0.472422,
1624910282.000000,434488058.000000,0.279668,-0.261422,-0.016722,0.006474,0.027841,-0.577219,0.816089,0.180760,0.021875,-0.030368,-0.020707,0.113542,-0.464053,
1624910282.000000,439491034.000000,0.280068,-0.262230,-0.016924,0.006576,0.028126,-0.578131,0.815432,0.180554,0.023095,-0.030490,-0.014387,0.112702,-0.432017,
1624910282.000000,444494247.000000,0.279480,-0.262530,-0.017067,0.006618,0.028151,-0.579032,0.814792,0.168314,0.015785,-0.038317,-0.017402,0.116382,-0.439336,
1624910282.000000,449497223.000000,0.279770,-0.263250,-0.017192,0.006664,0.028396,-0.579938,0.814138,0.160973,0.012117,-0.026794,-0.042028,0.051063,-0.440771,
1624910282.000000,454499960.000000,0.280085,-0.263989,-0.017354,0.006518,0.028400,-0.580834,0.813500,0.159151,0.011667,-0.023279,-0.018783,-0.118528,-0.453205,
1624910282.000000,499528408.000000,0.281641,-0.270191,-0.017675,0.005997,0.026175,-0.589024,0.807669,0.135527,0.002352,-0.010380,0.042098,-0.101510,-0.449332,
1624910282.000000,504531622.000000,0.281861,-0.270839,-0.017766,0.006043,0.026128,-0.589909,0.807024,0.139324,0.002889,-0.011464,0.024064,0.056488,-0.425767,
1624910282.000000,509534359.000000,0.282087,-0.271504,-0.017864,0.006206,0.026307,-0.590754,0.806399,0.143028,0.003427,-0.012740,0.030169,0.166725,-0.414035,
1624910282.000000,514537334.000000,0.281889,-0.272851,-0.017711,0.006446,0.026672,-0.591674,0.805711,0.165627,0.000157,-0.004617,0.021966,0.184260,-0.443816,
1624910282.000000,519540548.000000,0.282142,-0.273652,-0.017777,0.006647,0.026974,-0.592590,0.805025,0.169736,0.000826,-0.004139,-0.011203,0.125285,-0.454796,
1624910282.000000,524543524.000000,0.282402,-0.274471,-0.017841,0.006684,0.027157,-0.593502,0.804346,0.173774,0.001508,-0.003647,-0.022989,-0.007635,-0.461944,
1624910282.000000,529546499.000000,0.282630,-0.275026,-0.018002,0.006536,0.027067,-0.594446,0.803653,0.158359,0.005527,-0.011036,0.000438,-0.066891,-0.470677,
1624910282.000000,534550428.000000,0.282888,-0.275773,-0.018119,0.006502,0.027061,-0.595390,0.802954,0.158316,0.006903,-0.013318,-0.008869,0.084774,-0.470560,
1624910282.000000,539553165.000000,0.283153,-0.276526,-0.018243,0.006639,0.027376,-0.596317,0.802254,0.158672,0.008280,-0.015277,-0.018795,0.144102,-0.448333,
1624910282.000000,544556141.000000,0.282500,-0.277208,-0.018413,0.006684,0.027304,-0.597177,0.801617,0.157869,0.001675,-0.019288,-0.011203,0.152478,-0.432250,
1624910282.000000,589584589.000000,0.283166,-0.283145,-0.018031,0.007100,0.026683,-0.605190,0.795602,0.113524,-0.007886,0.008465,0.012410,-0.266795,-0.434505,
1624910282.000000,594587564.000000,0.283302,-0.283840,-0.018027,0.006674,0.026111,-0.606066,0.794958,0.123047,-0.008470,0.006170,0.037462,-0.265226,-0.438752,
1624910282.000000,599590302.000000,0.283424,-0.284443,-0.018039,0.006423,0.025630,-0.606953,0.794298,0.122103,-0.007904,0.003054,0.030697,-0.142076,-0.451451,
1624910282.000000,604594469.000000,0.283547,-0.285045,-0.018065,0.006331,0.025498,-0.607843,0.793623,0.121578,-0.007337,0.000151,0.013048,0.027476,-0.429321,
1624910282.000000,609597445.000000,0.283722,-0.285766,-0.018101,0.006474,0.025635,-0.608672,0.792981,0.139513,-0.004083,-0.001302,0.027183,0.107399,-0.420431,
1624910282.000000,614600420.000000,0.283163,-0.286337,-0.017402,0.006490,0.025773,-0.609567,0.792289,0.151672,-0.006251,0.002985,0.028298,0.098370,-0.437699,
1624910282.000000,619603634.000000,0.283333,-0.287088,-0.017428,0.006665,0.025987,-0.610456,0.791596,0.156652,-0.004495,0.001623,-0.004754,0.157227,-0.463222,
1624910282.000000,624606609.000000,0.283508,-0.287767,-0.017495,0.006834,0.026341,-0.611385,0.790865,0.152022,-0.001023,-0.003562,-0.033636,0.112703,-0.473996,
1624910282.000000,629609346.000000,0.283700,-0.288505,-0.017553,0.006829,0.026479,-0.612307,0.790147,0.153957,0.001283,-0.005536,0.002425,-0.001527,-0.457977,
1624910282.000000,634613276.000000,0.283902,-0.289248,-0.017615,0.006809,0.026447,-0.613208,0.789449,0.155655,0.003581,-0.007096,0.001883,0.002630,-0.459958,
1624910282.000000,719666481.000000,0.284503,-0.300167,-0.017505,0.006942,0.025548,-0.628165,0.777629,0.144095,-0.004297,0.006644,-0.032709,0.127036,-0.452758,
1624910282.000000,724669456.000000,0.284641,-0.300885,-0.017513,0.006981,0.025725,-0.629054,0.776905,0.146647,-0.001273,0.004825,0.004514,0.043270,-0.455072,
1624910282.000000,729672432.000000,0.284795,-0.301610,-0.017530,0.007008,0.025758,-0.629942,0.776183,0.149003,0.001769,0.003558,-0.010859,-0.019553,-0.470767,
1624910282.000000,734676600.000000,0.284914,-0.302281,-0.017503,0.006867,0.025755,-0.630863,0.775436,0.141001,-0.000455,0.008299,-0.033860,-0.009722,-0.466850,
1624910282.000000,739679575.000000,0.285057,-0.302973,-0.017497,0.006828,0.025876,-0.631751,0.774709,0.139788,0.000472,0.008658,-0.037748,0.068192,-0.462256,
1624910282.000000,744682312.000000,0.285202,-0.303658,-0.017491,0.006857,0.026108,-0.632647,0.773970,0.138607,0.001401,0.008890,-0.029483,0.090484,-0.459305,
1624910282.000000,749685287.000000,0.285245,-0.304595,-0.018088,0.006824,0.026226,-0.633531,0.773243,0.139411,-0.006175,-0.003722,0.004700,-0.006937,-0.447564,
1624910282.000000,754688263.000000,0.285348,-0.305285,-0.018136,0.006766,0.026155,-0.634403,0.772530,0.139266,-0.006927,-0.001694,0.008066,-0.019378,-0.460264,
1624910282.000000,759691238.000000,0.285446,-0.305976,-0.018178,0.006811,0.026196,-0.635312,0.771781,0.139102,-0.007662,0.000031,0.037527,0.082778,-0.475329,
1624910282.000000,764694452.000000,0.285511,-0.306638,-0.018091,0.007086,0.026309,-0.636231,0.771018,0.133481,-0.011969,0.018465,0.094248,0.113884,-0.473161,
1624910282.000000,819729567.000000,0.284716,-0.314621,-0.016612,0.007130,0.025086,-0.645487,0.763326,0.147810,-0.012968,0.010136,0.011414,0.096057,-0.448827,
1624910282.000000,824732542.000000,0.284785,-0.315373,-0.016604,0.007214,0.025281,-0.646349,0.762589,0.152498,-0.010904,0.008513,-0.036781,0.053369,-0.462511,
1624910282.000000,829735518.000000,0.284835,-0.315994,-0.016623,0.007169,0.025417,-0.647242,0.761827,0.141945,-0.009316,0.004393,-0.020996,0.047300,-0.471206,
1624910282.000000,834738493.000000,0.284908,-0.316701,-0.016653,0.007190,0.025534,-0.648128,0.761069,0.142217,-0.007402,0.001176,-0.020530,0.017414,-0.459423,
1624910282.000000,839742422.000000,0.284988,-0.317407,-0.016699,0.007113,0.025575,-0.648992,0.760332,0.142412,-0.005496,-0.002166,-0.010335,0.004967,-0.452977,
1624910282.000000,844745398.000000,0.285283,-0.318094,-0.017617,0.007108,0.025518,-0.649878,0.759577,0.140584,-0.011540,-0.001353,-0.005732,0.089762,-0.467926,
1624910282.000000,849748611.000000,0.285332,-0.318795,-0.017655,0.007236,0.025792,-0.650769,0.758803,0.140593,-0.011731,-0.000590,-0.040950,0.126381,-0.465948,
1624910282.000000,854751587.000000,0.285379,-0.319497,-0.017697,0.007284,0.026025,-0.651638,0.758049,0.140683,-0.011925,-0.000332,-0.006183,0.033058,-0.457276,
1624910282.000000,859754324.000000,0.285369,-0.320143,-0.017520,0.007331,0.026005,-0.652510,0.757298,0.132635,-0.017572,0.022312,0.058163,0.029095,-0.463691,
1624910282.000000,864757299.000000,0.285377,-0.320810,-0.017421,0.007574,0.026037,-0.653394,0.756533,0.130083,-0.019466,0.029797,0.094266,0.128131,-0.461639,
1624910282.000000,909786463.000000,0.286082,-0.326116,-0.017719,0.006965,0.024194,-0.660681,0.750244,0.121718,-0.007444,0.013290,0.025259,0.074079,-0.421145,
1624910282.000000,914789438.000000,0.285621,-0.326698,-0.016860,0.007182,0.024587,-0.661491,0.749516,0.134239,-0.008301,0.014827,0.006804,0.115596,-0.442403,
1624910282.000000,919792414.000000,0.285686,-0.327301,-0.016867,0.007370,0.024820,-0.662333,0.748762,0.130142,-0.003906,0.008508,0.006831,0.142790,-0.446902,
1624910282.000000,924795389.000000,0.285756,-0.327961,-0.016876,0.007553,0.025049,-0.663162,0.748019,0.132473,-0.001340,0.005584,-0.001600,0.069260,-0.446674,
1624910282.000000,929798365.000000,0.285838,-0.328630,-0.016896,0.007556,0.025127,-0.664002,0.747270,0.134718,0.001233,0.002726,-0.015525,0.026953,-0.448948,
1624910282.000000,934801579.000000,0.285930,-0.329305,-0.016925,0.007555,0.025253,-0.664839,0.746522,0.136915,0.003808,-0.000092,-0.032514,0.049818,-0.452041,
1624910282.000000,939805508.000000,0.285981,-0.329928,-0.016914,0.007573,0.025419,-0.665678,0.745768,0.130934,0.000936,0.003425,-0.010358,0.077130,-0.443646,
1624910282.000000,944808483.000000,0.285846,-0.330181,-0.017533,0.007468,0.025382,-0.666550,0.744991,0.123818,-0.002338,-0.001375,-0.015359,0.030942,-0.449959,
1624910282.000000,949811459.000000,0.285904,-0.330800,-0.017580,0.007442,0.025484,-0.667392,0.744233,0.123621,-0.001616,-0.002620,-0.022110,0.068162,-0.451174,
1624910282.000000,954814434.000000,0.285914,-0.331423,-0.017501,0.007509,0.025659,-0.668229,0.743475,0.122907,-0.006236,0.009172,-0.013387,0.032398,-0.455290,
1624910282.000000,999833822.000000,0.285795,-0.336017,-0.016929,0.007137,0.024156,-0.675475,0.736953,0.094851,-0.008074,0.018421,0.040938,-0.155180,-0.423336,
1624910283.000000,4837990.000000,0.285799,-0.336503,-0.016860,0.007048,0.023982,-0.676269,0.736231,0.097169,-0.007413,0.017502,0.017382,0.015764,-0.425705,
1624910283.000000,9840965.000000,0.285807,-0.336999,-0.016796,0.007139,0.024067,-0.677048,0.735510,0.099395,-0.006747,0.016431,0.018291,0.052366,-0.428666,
1624910283.000000,14843941.000000,0.285718,-0.337860,-0.016704,0.007241,0.024270,-0.677870,0.734745,0.116920,-0.001936,0.013264,0.012081,0.069418,-0.421490,
1624910283.000000,19846916.000000,0.285758,-0.338474,-0.016661,0.007393,0.024441,-0.678650,0.734018,0.121931,-0.000001,0.010988,0.012890,0.111198,-0.446682,
1624910283.000000,24849892.000000,0.285809,-0.339114,-0.016631,0.007570,0.024638,-0.679490,0.733232,0.127118,0.001984,0.008968,-0.007039,0.105834,-0.453562,
1624910283.000000,29853106.000000,0.285860,-0.339711,-0.016579,0.007653,0.024845,-0.680301,0.732472,0.123599,0.002738,0.011229,-0.025464,0.065588,-0.443594,
1624910283.000000,34857035.000000,0.285924,-0.340331,-0.016554,0.007653,0.024957,-0.681121,0.731705,0.124692,0.004251,0.010428,-0.013624,0.009374,-0.453327,
1624910283.000000,39860010.000000,0.285994,-0.340956,-0.016537,0.007641,0.025009,-0.681947,0.730934,0.125894,0.005775,0.009595,-0.000820,0.055557,-0.445909,
1624910283.000000,44862986.000000,0.285788,-0.341577,-0.017586,0.007623,0.025045,-0.682775,0.730159,0.117627,0.001857,-0.001393,-0.027426,0.095531,-0.452149,
1624910283.000000,104900837.000000,0.285666,-0.349970,-0.017320,0.007286,0.023855,-0.692375,0.721107,0.084303,-0.002736,0.011231,0.029962,-0.048808,-0.421280,
1624910283.000000,109903812.000000,0.285679,-0.350513,-0.017246,0.007314,0.023819,-0.693143,0.720370,0.099433,-0.001645,0.015166,0.023525,0.053821,-0.425698,
1624910283.000000,114907026.000000,0.285118,-0.353810,-0.018213,0.007333,0.023889,-0.693866,0.719670,0.130361,-0.004687,0.005922,0.028682,0.117451,-0.423447,
1624910283.000000,119910002.000000,0.285122,-0.354474,-0.018209,0.007539,0.024049,-0.694633,0.718923,0.135523,-0.003500,0.005341,0.007626,0.068029,-0.434005,
1624910283.000000,124912977.000000,0.285156,-0.355079,-0.018258,0.007593,0.024160,-0.695428,0.718150,0.131497,0.001056,-0.001138,-0.007598,0.072384,-0.450081,
1624910283.000000,129915714.000000,0.285188,-0.355739,-0.018304,0.007693,0.024350,-0.696242,0.717353,0.133653,0.003368,-0.004222,-0.030734,0.072272,-0.458584,
1624910283.000000,134919882.000000,0.285229,-0.356412,-0.018375,0.007732,0.024517,-0.697056,0.716555,0.136058,0.005696,-0.008083,0.004982,0.079977,-0.447993,
1624910283.000000,139922857.000000,0.285252,-0.357047,-0.018445,0.007892,0.024655,-0.697844,0.715782,0.131473,0.004213,-0.008768,-0.000625,0.076401,-0.435092,
1624910283.000000,144926071.000000,0.285085,-0.359603,-0.019095,0.008102,0.024864,-0.698587,0.715047,0.132255,0.001295,-0.007399,-0.026874,0.103371,-0.442462,
1624910283.000000,149929047.000000,0.285107,-0.360257,-0.019163,0.008192,0.025095,-0.699378,0.714265,0.131129,0.002059,-0.007637,-0.036166,0.053252,-0.439418,
1624910283.000000,189954042.000000,0.284656,-0.367433,-0.019325,0.008804,0.024837,-0.705689,0.708032,0.107802,-0.008366,0.016083,0.020160,-0.207878,-0.413614,
1624910283.000000,194956779.000000,0.284620,-0.367961,-0.019277,0.008374,0.024382,-0.706438,0.707306,0.102676,-0.007295,0.012376,0.021086,-0.267304,-0.427516,
1624910283.000000,199960947.000000,0.284587,-0.368466,-0.019247,0.007965,0.023925,-0.707205,0.706559,0.097713,-0.006237,0.008718,0.018123,-0.183784,-0.426574,
1624910283.000000,204963923.000000,0.284557,-0.369085,-0.019176,0.007729,0.023664,-0.707953,0.705821,0.112287,-0.005571,0.014308,0.022167,-0.114187,-0.419000,
1624910283.000000,209966898.000000,0.284531,-0.369657,-0.019131,0.007631,0.023497,-0.708694,0.705083,0.114965,-0.004656,0.014097,0.031917,0.008891,-0.416900,
1624910283.000000,214969873.000000,0.284711,-0.373121,-0.019145,0.007827,0.023697,-0.709399,0.704365,0.137538,-0.002753,0.009745,0.019208,0.094616,-0.431673,
1624910283.000000,219972849.000000,0.284729,-0.373875,-0.019186,0.008010,0.023869,-0.710168,0.703582,0.146543,0.002140,0.003449,0.011598,0.126834,-0.437159,
1624910283.000000,224975824.000000,0.284738,-0.374621,-0.019214,0.008220,0.024098,-0.710937,0.702795,0.151057,0.004396,0.000799,-0.012692,0.111387,-0.444449,
1624910283.000000,229978800.000000,0.284755,-0.375389,-0.019257,0.008303,0.024271,-0.711718,0.701997,0.155711,0.006677,-0.002292,-0.001343,0.044344,-0.439306,
1624910283.000000,234982014.000000,0.284763,-0.376105,-0.019306,0.008360,0.024348,-0.712482,0.701218,0.149783,0.006283,-0.004525,-0.007241,0.065202,-0.440153,
1624910283.000000,280010939.000000,0.284081,-0.383715,-0.020115,0.009492,0.025142,-0.719511,0.693961,0.130226,-0.005951,0.035248,0.080962,0.128478,-0.428457,
1624910283.000000,285013914.000000,0.284032,-0.384368,-0.019965,0.009672,0.025127,-0.720240,0.693203,0.124898,-0.005824,0.036674,0.047891,-0.010921,-0.415519,
1624910283.000000,290017128.000000,0.283983,-0.384987,-0.019809,0.009574,0.024952,-0.720968,0.692453,0.119165,-0.005741,0.037895,0.021222,-0.141937,-0.417803,
1624910283.000000,295020103.000000,0.283934,-0.385577,-0.019642,0.009195,0.024580,-0.721696,0.691712,0.113406,-0.005687,0.039256,0.005263,-0.265040,-0.418819,
1624910283.000000,300023794.000000,0.283895,-0.386197,-0.019610,0.008684,0.024088,-0.722439,0.690961,0.115310,-0.003894,0.025526,0.025381,-0.263213,-0.434770,
1624910283.000000,305027008.000000,0.283852,-0.386759,-0.019530,0.008329,0.023661,-0.723202,0.690181,0.111545,-0.003280,0.021193,0.035245,-0.162267,-0.434914,
1624910283.000000,310029745.000000,0.283813,-0.387313,-0.019460,0.008189,0.023461,-0.723937,0.689419,0.108308,-0.002677,0.017435,0.024425,-0.008748,-0.410341,
1624910283.000000,315032721.000000,0.283469,-0.389422,-0.020734,0.008087,0.023458,-0.724577,0.688747,0.137774,-0.001245,0.000877,0.022348,0.047011,-0.401631,
1624910283.000000,320035934.000000,0.283429,-0.390122,-0.020766,0.008207,0.023523,-0.725281,0.688002,0.141911,-0.000152,-0.000152,0.022405,0.089663,-0.418706,
1624910283.000000,325038910.000000,0.283392,-0.390841,-0.020803,0.008409,0.023687,-0.726025,0.687209,0.145942,0.000978,-0.001055,0.010704,0.105112,-0.449620,
1624910283.000000,385077000.000000,0.281566,-0.397483,-0.021776,0.009870,0.024647,-0.735173,0.677360,0.125701,-0.019556,0.040877,0.028368,0.128240,-0.412142,
1624910283.000000,390080214.000000,0.281537,-0.397946,-0.021900,0.009962,0.024636,-0.735865,0.676607,0.106889,-0.008969,0.011029,0.042684,-0.099284,-0.406905,
1624910283.000000,395082951.000000,0.281452,-0.398457,-0.021869,0.009692,0.024256,-0.736563,0.675864,0.100050,-0.007529,0.007014,0.057483,-0.205284,-0.410150,
1624910283.000000,400086880.000000,0.281378,-0.398934,-0.021845,0.009345,0.023826,-0.737274,0.675109,0.093028,-0.006113,0.003981,0.005654,-0.246552,-0.425013,
1624910283.000000,405090094.000000,0.281312,-0.399375,-0.021828,0.008821,0.023422,-0.738009,0.674327,0.085974,-0.004722,0.001347,-0.002520,-0.240960,-0.435767,
1624910283.000000,410093069.000000,0.281228,-0.400023,-0.021824,0.008471,0.023073,-0.738747,0.673534,0.106635,-0.004001,0.001038,0.027868,-0.144176,-0.433599,
1624910283.000000,415095806.000000,0.280542,-0.399705,-0.021276,0.008170,0.022930,-0.739398,0.672829,0.112312,-0.004036,0.009978,0.028916,0.022005,-0.419698,
1624910283.000000,420099020.000000,0.280469,-0.400263,-0.021242,0.008355,0.023046,-0.740093,0.672057,0.114284,-0.002847,0.009643,0.023457,0.130606,-0.411100,
1624910283.000000,425101757.000000,0.280408,-0.400920,-0.021280,0.008598,0.023228,-0.740797,0.671272,0.124601,-0.000369,0.004068,0.013961,0.102962,-0.434486,
1624910283.000000,430105925.000000,0.280348,-0.401554,-0.021298,0.008768,0.023394,-0.741552,0.670430,0.128984,0.001280,0.002236,0.000052,0.126649,-0.464449,
1624910283.000000,515158892.000000,0.277977,-0.414884,-0.021806,0.008794,0.022759,-0.754009,0.656411,0.124293,-0.004698,0.005263,0.031097,0.002904,-0.424909,
1624910283.000000,520162106.000000,0.277869,-0.415499,-0.021798,0.008977,0.022844,-0.754701,0.655609,0.129193,-0.003648,0.004592,0.026926,0.112037,-0.418513,
1624910283.000000,525165081.000000,0.277762,-0.416144,-0.021804,0.009202,0.023007,-0.755386,0.654811,0.133965,-0.002573,0.004153,0.011927,0.125078,-0.421665,
1624910283.000000,530168772.000000,0.277653,-0.416820,-0.021812,0.009400,0.023198,-0.756089,0.653990,0.139094,-0.001477,0.003698,-0.006142,0.082043,-0.442968,
1624910283.000000,535171986.000000,0.277589,-0.417455,-0.021884,0.009475,0.023314,-0.756830,0.653128,0.136051,0.003537,-0.003056,0.004351,0.053920,-0.462224,
1624910283.000000,540174961.000000,0.277513,-0.418129,-0.021960,0.009585,0.023427,-0.757586,0.652245,0.138063,0.005980,-0.006562,-0.009161,0.083846,-0.462232,
1624910283.000000,545177698.000000,0.277443,-0.418823,-0.022051,0.009669,0.023601,-0.758326,0.651376,0.140386,0.008427,-0.009900,-0.021233,0.049186,-0.448356,
1624910283.000000,550180912.000000,0.276948,-0.420020,-0.021827,0.009922,0.023761,-0.759056,0.650516,0.149240,0.010892,-0.013474,-0.014623,0.108649,-0.438656,
1624910283.000000,555183887.000000,0.276890,-0.420771,-0.021940,0.010132,0.024016,-0.759763,0.649677,0.152081,0.013361,-0.016191,-0.010385,0.110093,-0.437613,
1624910283.000000,560188055.000000,0.276841,-0.421535,-0.022069,0.010209,0.024160,-0.760469,0.648844,0.154887,0.015842,-0.019048,-0.022028,0.043376,-0.433383,
1624910283.000000,605216026.000000,0.274820,-0.426993,-0.021011,0.009995,0.023112,-0.766816,0.641372,0.092756,-0.003226,0.012752,0.020362,-0.248945,-0.433357,
1624910283.000000,610219002.000000,0.274687,-0.427566,-0.020913,0.009616,0.022742,-0.767519,0.640550,0.106047,-0.004299,0.018436,0.025871,-0.163906,-0.429126,
1624910283.000000,615221977.000000,0.273483,-0.428410,-0.020867,0.009417,0.022665,-0.768157,0.639791,0.113677,-0.008653,0.020235,0.020435,-0.058057,-0.421461,
1624910283.000000,620225191.000000,0.273340,-0.428967,-0.020785,0.009407,0.022610,-0.768829,0.638986,0.114878,-0.008027,0.020427,0.031031,0.016440,-0.412011,
1624910283.000000,625228167.000000,0.273215,-0.429624,-0.020785,0.009554,0.022658,-0.769484,0.638193,0.126963,-0.003068,0.011445,0.024814,0.130272,-0.413985,
1624910283.000000,630231619.000000,0.273085,-0.430254,-0.020751,0.009826,0.022880,-0.770156,0.637369,0.131773,-0.000964,0.008617,-0.004048,0.098612,-0.432192,
1624910283.000000,635234833.000000,0.272961,-0.430911,-0.020746,0.009916,0.022998,-0.770859,0.636514,0.136572,0.001183,0.005127,0.008552,0.072743,-0.452414,
1624910283.000000,640237808.000000,0.272842,-0.431592,-0.020770,0.010049,0.023128,-0.771588,0.635623,0.141251,0.003369,0.001166,-0.022914,0.050598,-0.462065,
1624910283.000000,645240784.000000,0.272741,-0.432204,-0.020731,0.010081,0.023278,-0.772314,0.634734,0.134557,0.004880,0.006848,-0.001311,0.102391,-0.454585,
1624910283.000000,650243998.000000,0.272712,-0.433399,-0.021195,0.010418,0.023487,-0.773035,0.633842,0.136750,0.008960,-0.001567,-0.002671,0.063544,-0.433253,
1624910283.000000,695272923.000000,0.270683,-0.439013,-0.020445,0.011210,0.023578,-0.779290,0.626120,0.106777,-0.010397,0.040892,0.028090,-0.067967,-0.415069,
1624910283.000000,700275898.000000,0.270521,-0.439521,-0.020273,0.010921,0.023359,-0.779939,0.625324,0.101653,-0.010564,0.039896,0.004126,-0.198856,-0.406626,
1624910283.000000,705279112.000000,0.270375,-0.440066,-0.020165,0.010449,0.022957,-0.780584,0.624542,0.104983,-0.006879,0.030435,0.026820,-0.286598,-0.416059,
1624910283.000000,710282087.000000,0.270232,-0.440573,-0.020047,0.009959,0.022501,-0.781255,0.623727,0.102933,-0.005510,0.026374,0.027916,-0.183527,-0.426891,
1624910283.000000,715285063.000000,0.268995,-0.441329,-0.020787,0.009794,0.022333,-0.781870,0.622965,0.106074,-0.005719,0.014190,0.031018,-0.042639,-0.416169,
1624910283.000000,720288038.000000,0.268820,-0.442017,-0.020725,0.009799,0.022274,-0.782508,0.622165,0.124678,-0.003956,0.015348,0.015283,0.015476,-0.401223,
1624910283.000000,725291014.000000,0.268666,-0.442642,-0.020671,0.009864,0.022313,-0.783140,0.621367,0.129853,-0.002392,0.015400,0.024508,0.054513,-0.420263,
1624910283.000000,730294943.000000,0.268511,-0.443294,-0.020616,0.010041,0.022393,-0.783814,0.620511,0.134973,-0.000800,0.015700,0.014311,0.109563,-0.440736,
1624910283.000000,735298157.000000,0.268372,-0.443929,-0.020599,0.010264,0.022595,-0.784497,0.619636,0.134131,0.002130,0.010592,0.000056,0.128858,-0.443828,
1624910283.000000,740300894.000000,0.268232,-0.444592,-0.020579,0.010415,0.022758,-0.785185,0.618756,0.136688,0.004260,0.007999,-0.017737,0.032623,-0.448095,
1624910283.000000,790331841.000000,0.265554,-0.451263,-0.020454,0.011686,0.023416,-0.792024,0.609929,0.114562,-0.014674,0.053558,0.071705,0.098624,-0.438531,
1624910283.000000,795336008.000000,0.265334,-0.451802,-0.020191,0.011814,0.023388,-0.792675,0.609080,0.110718,-0.017653,0.063191,0.038355,-0.037174,-0.413975,
1624910283.000000,800338984.000000,0.265184,-0.452306,-0.020147,0.011626,0.023162,-0.793305,0.608273,0.103671,-0.009223,0.034504,0.034210,-0.171029,-0.411761,
1624910283.000000,805342197.000000,0.265013,-0.452790,-0.020011,0.011229,0.022794,-0.793940,0.607465,0.098379,-0.007691,0.028869,0.021514,-0.242991,-0.409785,
1624910283.000000,810344934.000000,0.264855,-0.453249,-0.019902,0.010735,0.022395,-0.794569,0.606665,0.092988,-0.006186,0.023134,0.015000,-0.239914,-0.413904,
1624910283.000000,815347910.000000,0.262858,-0.453640,-0.020221,0.010515,0.022251,-0.795211,0.605833,0.090180,-0.010791,-0.000174,0.034147,-0.111721,-0.435244,
1624910283.000000,820351124.000000,0.262695,-0.454047,-0.020250,0.010466,0.022130,-0.795878,0.604962,0.084956,-0.009291,-0.004851,0.028994,0.014841,-0.433235,
1624910283.000000,825354099.000000,0.262544,-0.454432,-0.020305,0.010564,0.022154,-0.796519,0.604115,0.079732,-0.007831,-0.009531,0.029806,0.057147,-0.416066,
1624910283.000000,830357075.000000,0.262275,-0.455406,-0.020340,0.010712,0.022213,-0.797148,0.603280,0.119307,-0.003397,-0.009123,0.008810,0.076012,-0.423460,
1624910283.000000,835361242.000000,0.262098,-0.455986,-0.020408,0.010873,0.022379,-0.797801,0.602407,0.123782,-0.001211,-0.011852,-0.006443,0.122560,-0.446973,
1624910283.000000,885391951.000000,0.259998,-0.464044,-0.020477,0.011887,0.023381,-0.804526,0.593339,0.128736,-0.009687,0.052289,0.089490,0.082470,-0.454401,
1624910283.000000,890394926.000000,0.259759,-0.464655,-0.020217,0.012216,0.023390,-0.805196,0.592421,0.126777,-0.012122,0.063399,0.080912,0.142970,-0.443834,
1624910283.000000,895398855.000000,0.259613,-0.465147,-0.020215,0.012510,0.023410,-0.805838,0.591541,0.112568,-0.006977,0.042119,0.064931,0.014468,-0.420352,
1624910283.000000,900401831.000000,0.259415,-0.465672,-0.020029,0.012364,0.023176,-0.806452,0.590716,0.107026,-0.007211,0.043174,0.031966,-0.193047,-0.405391,
1624910283.000000,905405045.000000,0.259225,-0.466165,-0.019836,0.011884,0.022794,-0.807068,0.589899,0.101094,-0.007477,0.043966,0.014755,-0.260976,-0.424498,
1624910283.000000,910408020.000000,0.259045,-0.466696,-0.019732,0.011409,0.022427,-0.807718,0.589032,0.104547,-0.004125,0.031885,0.019115,-0.192012,-0.440681,
1624910283.000000,915410995.000000,0.258067,-0.467827,-0.020755,0.011003,0.022201,-0.808348,0.588183,0.116325,-0.002472,0.002391,0.021264,-0.163781,-0.420424,
1624910283.000000,920413971.000000,0.257878,-0.468373,-0.020781,0.010742,0.021957,-0.808962,0.587352,0.115273,-0.001282,-0.000947,0.036092,-0.076650,-0.417016,
1624910283.000000,925417900.000000,0.257661,-0.469069,-0.020767,0.010759,0.021892,-0.809584,0.586496,0.131235,0.001461,0.002643,0.020353,0.054269,-0.423596,
1624910283.000000,930420876.000000,0.257462,-0.469707,-0.020780,0.010945,0.022017,-0.810204,0.585633,0.135764,0.003193,0.002331,0.016807,0.127277,-0.425639,
1624910284.000000,25480986.000000,0.252115,-0.482188,-0.020446,0.011230,0.021822,-0.822298,0.568527,0.126019,0.005862,-0.003118,-0.009988,0.008878,-0.409604,
1624910284.000000,30483961.000000,0.251918,-0.482799,-0.020493,0.011333,0.021858,-0.822898,0.567656,0.130216,0.007685,-0.002686,0.054121,0.110235,-0.442646,
1624910284.000000,35487175.000000,0.251718,-0.483415,-0.020602,0.011712,0.021979,-0.823534,0.566719,0.132975,0.008981,-0.011400,0.032164,0.178747,-0.441914,
1624910284.000000,40490150.000000,0.251519,-0.484060,-0.020692,0.011982,0.022196,-0.824150,0.565810,0.137242,0.010630,-0.013977,-0.022673,0.080238,-0.446827,
1624910284.000000,45492887.000000,0.250724,-0.485156,-0.020079,0.012134,0.022424,-0.824834,0.564800,0.158238,0.009621,-0.015746,-0.032210,0.042451,-0.477952,
1624910284.000000,50497055.000000,0.250519,-0.485767,-0.020164,0.012210,0.022559,-0.825504,0.563813,0.146128,0.009167,-0.015033,0.010308,0.076837,-0.466313,
1624910284.000000,55500031.000000,0.250296,-0.486460,-0.020290,0.012342,0.022650,-0.826140,0.562875,0.145989,0.010190,-0.017815,-0.017891,0.045247,-0.440577,
1624910284.000000,60503006.000000,0.250077,-0.487150,-0.020435,0.012396,0.022824,-0.826753,0.561966,0.145495,0.011202,-0.020857,-0.025073,0.123832,-0.441606,
1624910284.000000,65506220.000000,0.249861,-0.487816,-0.020573,0.012681,0.023070,-0.827381,0.561023,0.141832,0.010595,-0.021431,-0.001082,0.133677,-0.462962,
1624910284.000000,70509195.000000,0.249649,-0.488485,-0.020718,0.012788,0.023226,-0.828025,0.560065,0.139854,0.010964,-0.023024,-0.041591,0.024803,-0.447180,
1624910284.000000,110533953.000000,0.247104,-0.493838,-0.019445,0.012212,0.022154,-0.832916,0.552820,0.103113,0.003500,0.015986,0.034943,-0.379509,-0.411709,
1624910284.000000,115537882.000000,0.245833,-0.493820,-0.019050,0.011881,0.021796,-0.833527,0.551920,0.120237,-0.007354,0.024804,0.056360,-0.231721,-0.455472,
1624910284.000000,120541096.000000,0.245570,-0.494362,-0.018949,0.011651,0.021535,-0.834169,0.550965,0.120057,-0.007600,0.025226,0.028634,-0.044541,-0.447245,
1624910284.000000,125544071.000000,0.245302,-0.494904,-0.018850,0.011682,0.021546,-0.834765,0.550060,0.120021,-0.007884,0.025719,0.001839,0.073950,-0.427697,
1624910284.000000,130546808.000000,0.245038,-0.495636,-0.018839,0.011876,0.021694,-0.835346,0.549168,0.138404,0.000738,0.017290,0.008224,0.113283,-0.416185,
1624910284.000000,135550022.000000,0.244765,-0.496295,-0.018788,0.012163,0.021853,-0.835916,0.548288,0.144552,0.003185,0.015269,0.030664,0.177366,-0.427683,
1624910284.000000,140552998.000000,0.244492,-0.496984,-0.018739,0.012545,0.022058,-0.836517,0.547353,0.150519,0.005672,0.013924,0.005305,0.130649,-0.451328,
1624910284.000000,145555973.000000,0.243988,-0.497587,-0.018024,0.012838,0.022389,-0.837136,0.546386,0.140392,0.008331,0.001558,-0.022685,0.047349,-0.463034,
1624910284.000000,150560141.000000,0.243746,-0.498251,-0.018060,0.012814,0.022488,-0.837775,0.545402,0.141573,0.010607,-0.002358,-0.033223,-0.007603,-0.482067,
1624910284.000000,155563116.000000,0.243510,-0.498924,-0.018116,0.012765,0.022574,-0.838429,0.544394,0.142868,0.012898,-0.006390,-0.015245,0.055497,-0.466358,
1624910284.000000,200590849.000000,0.240934,-0.503175,-0.016708,0.013998,0.022738,-0.843896,0.535842,0.098846,-0.007919,0.054045,0.021126,-0.128122,-0.399044,
1624910284.000000,205593824.000000,0.240722,-0.503644,-0.016593,0.013550,0.022482,-0.844441,0.535006,0.097103,-0.002457,0.037219,-0.006878,-0.253535,-0.409631,
1624910284.000000,210597038.000000,0.240510,-0.504079,-0.016441,0.012949,0.022117,-0.845014,0.534129,0.093150,-0.001002,0.032813,0.020945,-0.290402,-0.433165,
1624910284.000000,215600967.000000,0.239908,-0.504854,-0.017211,0.012484,0.021885,-0.845626,0.533181,0.094684,0.002201,0.007651,0.042439,-0.253253,-0.450233,
1624910284.000000,220603943.000000,0.239721,-0.505292,-0.017220,0.012125,0.021577,-0.846233,0.532238,0.091410,0.003706,0.002868,0.029567,-0.074551,-0.444929,
1624910284.000000,225606918.000000,0.239392,-0.506016,-0.017097,0.012164,0.021577,-0.846816,0.531308,0.120742,0.004033,0.014402,0.005054,0.082030,-0.432076,
1624910284.000000,230609894.000000,0.239142,-0.506583,-0.017044,0.012380,0.021723,-0.847377,0.530402,0.126592,0.005200,0.015062,0.018708,0.127266,-0.416127,
1624910284.000000,235612869.000000,0.238888,-0.507178,-0.016994,0.012645,0.021836,-0.847933,0.529503,0.132018,0.006409,0.015786,0.025426,0.095586,-0.435124,
1624910284.000000,240616083.000000,0.238660,-0.507765,-0.017001,0.012827,0.021951,-0.848530,0.528536,0.130932,0.009940,0.008668,-0.009829,0.115118,-0.466239,
1624910284.000000,245620012.000000,0.237166,-0.508467,-0.016883,0.013162,0.022272,-0.849146,0.527525,0.148252,0.006651,-0.000892,-0.012216,0.122217,-0.480069,
1624910284.000000,290647745.000000,0.233891,-0.515128,-0.016609,0.014071,0.022639,-0.854564,0.518661,0.125504,-0.008413,0.055520,0.098805,0.197523,-0.457718,
1624910284.000000,295650959.000000,0.233561,-0.515671,-0.016329,0.014509,0.022702,-0.855141,0.517695,0.122032,-0.011094,0.066853,0.054085,0.091003,-0.434231,
1624910284.000000,300653934.000000,0.233323,-0.516161,-0.016278,0.014443,0.022601,-0.855690,0.516794,0.110096,-0.002664,0.037305,0.015507,-0.178605,-0.408666,
1624910284.000000,305656672.000000,0.233067,-0.516636,-0.016129,0.013875,0.022255,-0.856229,0.515930,0.103582,-0.000978,0.031995,0.009211,-0.293840,-0.422349,
1624910284.000000,310660839.000000,0.232831,-0.517086,-0.016005,0.013248,0.021860,-0.856802,0.515012,0.097108,0.000696,0.026493,0.028337,-0.294097,-0.441784,
1624910284.000000,315663815.000000,0.232518,-0.517617,-0.016569,0.012778,0.021740,-0.857401,0.514032,0.116372,0.002922,0.010640,0.033824,-0.212832,-0.438548,
1624910284.000000,320666790.000000,0.232247,-0.518154,-0.016543,0.012488,0.021514,-0.857973,0.513093,0.120257,0.003251,0.010526,0.020955,-0.068444,-0.449085,
1624910284.000000,325670004.000000,0.231965,-0.518710,-0.016517,0.012532,0.021521,-0.858550,0.512124,0.124355,0.003602,0.010429,0.013471,0.126234,-0.442905,
1624910284.000000,330672979.000000,0.231698,-0.519310,-0.016542,0.012894,0.021722,-0.859101,0.511182,0.131446,0.008935,0.002410,0.017723,0.154807,-0.430984,
1624910284.000000,335675716.000000,0.231421,-0.519920,-0.016562,0.013161,0.021858,-0.859647,0.510251,0.136324,0.011309,-0.000838,0.013555,0.120766,-0.426822,
1624910284.000000,385708094.000000,0.228249,-0.528653,-0.016343,0.014329,0.022694,-0.865494,0.500199,0.136932,0.003696,0.053620,0.107211,0.090588,-0.455671,
1624910284.000000,390711069.000000,0.227918,-0.529261,-0.016075,0.014657,0.022624,-0.866055,0.499222,0.134761,0.000680,0.065905,0.083842,0.122356,-0.443840,
1624910284.000000,395714045.000000,0.227754,-0.529780,-0.016148,0.014955,0.022647,-0.866600,0.498264,0.117871,0.011352,0.033584,0.042143,0.080355,-0.425897,
1624910284.000000,400716782.000000,0.227516,-0.530313,-0.016013,0.014939,0.022588,-0.867116,0.497370,0.111204,0.012615,0.031575,0.014456,-0.138749,-0.401278,
1624910284.000000,405720711.000000,0.227303,-0.530815,-0.015893,0.014383,0.022256,-0.867630,0.496504,0.104000,0.013839,0.028970,0.022884,-0.338772,-0.420338,
1624910284.000000,410723925.000000,0.227055,-0.531361,-0.015790,0.013673,0.021796,-0.868183,0.495576,0.109800,0.013465,0.025878,0.027375,-0.275528,-0.442962,
1624910284.000000,415726900.000000,0.225612,-0.531369,-0.015679,0.013122,0.021611,-0.868735,0.494631,0.121369,0.007876,0.014529,0.019749,-0.190497,-0.446100,
1624910284.000000,420729876.000000,0.225338,-0.531919,-0.015643,0.012800,0.021409,-0.869286,0.493681,0.120925,0.008529,0.013076,0.008142,-0.060253,-0.428089,
1624910284.000000,425732851.000000,0.224995,-0.532642,-0.015617,0.012853,0.021436,-0.869810,0.492753,0.141986,0.012436,0.012083,0.022847,0.096352,-0.434226,
1624910284.000000,430735826.000000,0.224683,-0.533297,-0.015598,0.013168,0.021556,-0.870346,0.491793,0.147989,0.014215,0.010400,0.025290,0.176575,-0.428172,
1624910284.000000,515789747.000000,0.218159,-0.542153,-0.014304,0.013679,0.021596,-0.879508,0.475197,0.093675,0.007622,0.001844,0.040053,-0.173942,-0.435725,
1624910284.000000,520792723.000000,0.217790,-0.542802,-0.014210,0.013487,0.021409,-0.880021,0.474260,0.120191,0.009063,0.011881,0.026331,-0.013996,-0.421683,
1624910284.000000,525795937.000000,0.217492,-0.543348,-0.014184,0.013546,0.021442,-0.880518,0.473334,0.125516,0.010408,0.011644,-0.005804,0.043836,-0.419544,
1624910284.000000,530798912.000000,0.217182,-0.543915,-0.014165,0.013641,0.021521,-0.881015,0.472401,0.130725,0.011760,0.010711,0.019590,0.087483,-0.424894,
1624910284.000000,535803080.000000,0.216885,-0.544494,-0.014215,0.013922,0.021615,-0.881528,0.471431,0.132980,0.014968,0.000800,0.022168,0.144144,-0.454632,
1624910284.000000,540806055.000000,0.216577,-0.545099,-0.014253,0.014231,0.021796,-0.882067,0.470405,0.136579,0.017119,-0.003084,-0.009009,0.149303,-0.454919,
1624910284.000000,545808792.000000,0.215895,-0.545649,-0.013493,0.014567,0.022022,-0.882617,0.469350,0.148597,0.017726,0.007914,-0.015383,0.076478,-0.448240,
1624910284.000000,550812006.000000,0.215614,-0.546193,-0.013433,0.014630,0.022136,-0.883145,0.468349,0.135459,0.016927,0.012153,-0.022771,0.048353,-0.454769,
1624910284.000000,555814981.000000,0.215310,-0.546798,-0.013400,0.014726,0.022267,-0.883666,0.467357,0.133626,0.018090,0.012406,-0.004825,0.077346,-0.434590,
1624910284.000000,560817957.000000,0.215017,-0.547394,-0.013358,0.014851,0.022372,-0.884166,0.466400,0.131432,0.019227,0.013106,-0.018319,0.045748,-0.439659,
1624910284.000000,605846882.000000,0.211713,-0.552342,-0.013139,0.015043,0.021772,-0.888750,0.457627,0.099714,0.003815,0.034936,0.011250,-0.165280,-0.433353,
1624910284.000000,610850096.000000,0.211448,-0.552755,-0.012994,0.014742,0.021672,-0.889262,0.456646,0.093254,0.004490,0.031971,-0.022905,-0.159718,-0.442190,
1624910284.000000,615853071.000000,0.209721,-0.552277,-0.012939,0.014425,0.021623,-0.889772,0.455664,0.084556,-0.001277,0.028043,0.022765,-0.158403,-0.422839,
1624910284.000000,620855808.000000,0.209480,-0.552609,-0.012814,0.014220,0.021426,-0.890256,0.454733,0.078166,-0.000658,0.027315,0.038240,-0.062149,-0.426920,
1624910284.000000,625859022.000000,0.209259,-0.552915,-0.012692,0.014210,0.021358,-0.890743,0.453782,0.071734,-0.000076,0.026484,0.037756,0.057124,-0.415495,
1624910284.000000,630861759.000000,0.208650,-0.553806,-0.012690,0.014417,0.021402,-0.891206,0.452863,0.117249,0.002713,0.019763,0.006233,0.072777,-0.416230,
1624910284.000000,635865688.000000,0.208311,-0.554303,-0.012599,0.014514,0.021509,-0.891692,0.451899,0.121905,0.003858,0.018957,-0.010253,0.072853,-0.445173,
1624910284.000000,640868902.000000,0.207958,-0.554825,-0.012529,0.014690,0.021636,-0.892200,0.450883,0.126895,0.005042,0.017483,-0.003508,0.095687,-0.456936,
1624910284.000000,645871878.000000,0.207634,-0.555306,-0.012454,0.014814,0.021726,-0.892710,0.449863,0.121754,0.005447,0.017435,0.013316,0.019472,-0.452631,
1624910284.000000,650874853.000000,0.207209,-0.558102,-0.013942,0.014950,0.021794,-0.893201,0.448881,0.137769,0.019978,-0.001598,-0.008742,0.052404,-0.435653,
1624910284.000000,695903063.000000,0.204608,-0.564576,-0.014888,0.016420,0.022309,-0.897684,0.439768,0.116594,0.017589,0.037582,0.079612,0.081404,-0.422916,
1624910284.000000,700906992.000000,0.204324,-0.565086,-0.014719,0.016439,0.022162,-0.898141,0.438841,0.110131,0.015759,0.042582,0.049811,-0.082802,-0.402592,
1624910284.000000,705909967.000000,0.204051,-0.565565,-0.014520,0.016059,0.021945,-0.898585,0.437955,0.103547,0.013887,0.047940,-0.015095,-0.284334,-0.396186,
1624910284.000000,710913181.000000,0.203812,-0.566069,-0.014446,0.015246,0.021642,-0.899044,0.437057,0.101963,0.020159,0.031071,-0.003886,-0.328075,-0.429118,
1624910284.000000,715916157.000000,0.203214,-0.568102,-0.016255,0.014621,0.021271,-0.899512,0.436133,0.105675,0.031716,-0.015079,0.085977,-0.258191,-0.419943,
1624910284.000000,720918894.000000,0.203023,-0.568603,-0.016351,0.014296,0.020916,-0.899972,0.435210,0.100990,0.033066,-0.018743,0.028101,-0.041782,-0.421620,
1624910284.000000,725922108.000000,0.202699,-0.569334,-0.016303,0.014345,0.020998,-0.900431,0.434254,0.125650,0.037654,-0.003592,-0.013536,0.045644,-0.411402,
1624910284.000000,730925798.000000,0.202448,-0.569958,-0.016357,0.014415,0.021052,-0.900863,0.433352,0.130793,0.040048,-0.002822,0.005263,0.068521,-0.398251,
1624910284.000000,735928774.000000,0.202194,-0.570605,-0.016407,0.014616,0.021148,-0.901308,0.432416,0.135328,0.042473,-0.001977,0.020970,0.094788,-0.433474,
1624910284.000000,740931988.000000,0.201941,-0.571241,-0.016511,0.014786,0.021168,-0.901788,0.431406,0.136011,0.042729,-0.009659,0.038191,0.043633,-0.447547,
1624910284.000000,785959959.000000,0.198512,-0.577584,-0.018670,0.015373,0.021557,-0.906121,0.422189,0.126518,0.031074,0.011010,0.087783,-0.000794,-0.459470,
1624910284.000000,790962934.000000,0.198218,-0.578168,-0.018626,0.015558,0.021429,-0.906599,0.421161,0.124637,0.028840,0.019125,0.090482,0.133072,-0.445430,
1624910284.000000,795967102.000000,0.197919,-0.578739,-0.018539,0.015979,0.021410,-0.907061,0.420151,0.122697,0.026596,0.027507,0.081005,0.119514,-0.432726,
1624910284.000000,800970078.000000,0.197703,-0.579287,-0.018619,0.016183,0.021340,-0.907508,0.419180,0.113602,0.033585,0.006737,0.058548,0.048282,-0.418825,
1624910284.000000,805973053.000000,0.197471,-0.579823,-0.018623,0.016170,0.021249,-0.907946,0.418235,0.108750,0.034982,0.003160,0.017121,-0.129509,-0.413503,
1624910284.000000,810976028.000000,0.197259,-0.580344,-0.018642,0.015665,0.021019,-0.908391,0.417298,0.103791,0.036358,-0.000871,0.017855,-0.242335,-0.425183,
1624910284.000000,815979004.000000,0.195205,-0.580459,-0.019515,0.015486,0.020727,-0.908889,0.416236,0.098955,0.027259,-0.019263,0.020480,-0.233157,-0.440227,
1624910284.000000,820981979.000000,0.194846,-0.581041,-0.019572,0.015041,0.020506,-0.909354,0.415245,0.113329,0.025766,-0.014877,0.018149,-0.124423,-0.433905,
1624910284.000000,825986147.000000,0.194571,-0.581553,-0.019680,0.014925,0.020416,-0.909797,0.414281,0.114128,0.026288,-0.016192,0.025695,0.007492,-0.414641,
1624910284.000000,830988884.000000,0.194296,-0.582066,-0.019791,0.015019,0.020406,-0.910220,0.413348,0.114822,0.026802,-0.017412,0.031000,0.053040,-0.405031,
1624910284.000000,921046019.000000,0.186507,-0.593217,-0.022578,0.015378,0.019715,-0.918303,0.395089,0.095138,0.015960,-0.014497,0.029413,-0.238476,-0.437359,
1624910284.000000,926049232.000000,0.186247,-0.593606,-0.022684,0.015055,0.019520,-0.918744,0.394083,0.090773,0.017130,-0.019043,0.032547,-0.051443,-0.438527,
1624910284.000000,931051970.000000,0.185777,-0.594226,-0.022680,0.015107,0.019491,-0.919166,0.393098,0.119062,0.018178,-0.009171,0.016692,0.071637,-0.412951,
1624910284.000000,936054945.000000,0.185420,-0.594735,-0.022748,0.015317,0.019565,-0.919565,0.392152,0.124686,0.019375,-0.008794,0.024944,0.103359,-0.415925,
1624910284.000000,941058159.000000,0.185050,-0.595264,-0.022814,0.015571,0.019618,-0.919981,0.391162,0.130051,0.020597,-0.008263,0.021035,0.114762,-0.435316,
1624910284.000000,946060896.000000,0.185677,-0.597087,-0.023555,0.015883,0.019625,-0.920451,0.390041,0.133270,0.031960,-0.023512,-0.004517,0.119901,-0.451375,
1624910284.000000,951064825.000000,0.185331,-0.597679,-0.023712,0.016048,0.019755,-0.920888,0.388995,0.136465,0.034443,-0.026663,-0.014192,0.020785,-0.448249,
1624910284.000000,956067801.000000,0.184982,-0.598288,-0.023888,0.016013,0.019798,-0.921324,0.387962,0.139584,0.036937,-0.030013,-0.007738,0.028108,-0.455540,
1624910284.000000,961070776.000000,0.184682,-0.598798,-0.024007,0.016159,0.019922,-0.921762,0.386907,0.129578,0.034386,-0.025935,-0.025727,0.111696,-0.447243,
1624910284.000000,966073751.000000,0.184353,-0.599376,-0.024165,0.016394,0.020111,-0.922179,0.385892,0.129074,0.035303,-0.026095,-0.003710,0.123211,-0.434251,
1624910285.000000,11103153.000000,0.179878,-0.604970,-0.025751,0.016845,0.019431,-0.926002,0.376641,0.102321,0.017107,-0.002167,0.030799,-0.135770,-0.407613,
1624910285.000000,16105890.000000,0.178156,-0.606492,-0.026640,0.016434,0.019037,-0.926411,0.375674,0.095214,0.014945,-0.011537,-0.004245,-0.233965,-0.418647,
1624910285.000000,21108866.000000,0.177733,-0.606984,-0.026696,0.015791,0.018807,-0.926813,0.374719,0.110071,0.014597,-0.009234,0.015796,-0.279932,-0.421622,
1624910285.000000,26112080.000000,0.177391,-0.607416,-0.026775,0.015227,0.018516,-0.927228,0.373729,0.110825,0.015033,-0.010845,0.040643,-0.196251,-0.441923,
1624910285.000000,31115055.000000,0.177037,-0.607860,-0.026860,0.015020,0.018345,-0.927647,0.372706,0.112036,0.015484,-0.012070,0.044739,0.027186,-0.433541,
1624910285.000000,36118031.000000,0.176648,-0.608378,-0.026985,0.015281,0.018377,-0.928038,0.371718,0.123452,0.020238,-0.016520,0.017216,0.138397,-0.416315,
1624910285.000000,41121244.000000,0.176265,-0.608884,-0.027106,0.015589,0.018511,-0.928417,0.370752,0.128435,0.022426,-0.018470,0.004123,0.149195,-0.409977,
1624910285.000000,46123981.000000,0.176113,-0.610191,-0.027624,0.016091,0.018590,-0.928839,0.369666,0.135424,0.024271,-0.018893,0.010867,0.094217,-0.430233,
1624910285.000000,51127672.000000,0.175699,-0.610754,-0.027757,0.016231,0.018646,-0.929246,0.368634,0.139924,0.026531,-0.021544,0.004543,0.053502,-0.449587,
1624910285.000000,56130886.000000,0.175352,-0.611237,-0.027857,0.016291,0.018698,-0.929661,0.367581,0.131701,0.026668,-0.019981,-0.004068,0.000997,-0.454829,
1624910285.000000,101159096.000000,0.170598,-0.616215,-0.029674,0.016674,0.018521,-0.933379,0.358027,0.110162,0.006434,0.015444,0.092045,0.150300,-0.456128,
1624910285.000000,106161833.000000,0.170212,-0.616601,-0.029608,0.017035,0.018469,-0.933771,0.356987,0.106089,0.004756,0.021168,0.067523,0.078452,-0.427243,
1624910285.000000,111166000.000000,0.168443,-0.617964,-0.030664,0.017136,0.018134,-0.934165,0.355968,0.110747,-0.003410,0.016056,0.031378,-0.099171,-0.414487,
1624910285.000000,116168976.000000,0.168099,-0.618354,-0.030873,0.016756,0.017962,-0.934542,0.355005,0.105050,0.004751,-0.010845,0.009029,-0.211580,-0.416641,
1624910285.000000,121171951.000000,0.167730,-0.618714,-0.030961,0.016204,0.017752,-0.934927,0.354024,0.100852,0.006226,-0.016300,0.017475,-0.238039,-0.433667,
1624910285.000000,126175165.000000,0.167379,-0.619066,-0.031074,0.015662,0.017506,-0.935325,0.353010,0.096850,0.007693,-0.021785,0.026175,-0.226211,-0.434870,
1624910285.000000,131178141.000000,0.166916,-0.619504,-0.031107,0.015249,0.017304,-0.935714,0.352004,0.114940,0.007106,-0.010829,0.029264,-0.099556,-0.436839,
1624910285.000000,136180878.000000,0.166499,-0.619916,-0.031183,0.015252,0.017241,-0.936101,0.350978,0.119380,0.007793,-0.009853,0.035691,0.086361,-0.433779,
1624910285.000000,141184092.000000,0.166069,-0.620344,-0.031255,0.015580,0.017307,-0.936469,0.349975,0.123882,0.008498,-0.008595,0.017671,0.160766,-0.415608,
1624910285.000000,146188021.000000,0.166188,-0.622218,-0.031688,0.016084,0.017369,-0.936852,0.348926,0.133939,0.017263,-0.014438,0.009160,0.097886,-0.423050,
1624910285.000000,196218729.000000,0.161104,-0.628161,-0.033709,0.016606,0.017592,-0.940719,0.338323,0.115815,0.005086,0.012775,0.099997,0.063624,-0.458557,
1624910285.000000,201221943.000000,0.160669,-0.628544,-0.033655,0.016913,0.017441,-0.941095,0.337268,0.113288,0.001957,0.021741,0.099158,0.130438,-0.438052,
1624910285.000000,206225872.000000,0.160233,-0.628908,-0.033549,0.017236,0.017368,-0.941457,0.336243,0.110725,-0.001188,0.031186,0.064798,0.070435,-0.420115,
1624910285.000000,211229086.000000,0.159884,-0.629265,-0.033619,0.017217,0.017247,-0.941805,0.335275,0.100916,0.005833,0.008587,0.040325,-0.122587,-0.405067,
1624910285.000000,216232061.000000,0.159761,-0.630372,-0.034577,0.016835,0.016841,-0.942177,0.334268,0.088832,0.009935,-0.006804,0.013942,-0.264161,-0.411541,
1624910285.000000,221234798.000000,0.159460,-0.630679,-0.034644,0.016188,0.016614,-0.942544,0.333276,0.082826,0.010747,-0.010644,0.012673,-0.247284,-0.443498,
1624910285.000000,226238012.000000,0.159018,-0.631092,-0.034690,0.015727,0.016405,-0.942929,0.332217,0.099973,0.010469,-0.009588,0.041562,-0.145260,-0.451159,
1624910285.000000,231240988.000000,0.158660,-0.631446,-0.034770,0.015519,0.016248,-0.943300,0.331180,0.101450,0.010962,-0.012358,0.025786,-0.047716,-0.428654,
1624910285.000000,236243963.000000,0.158299,-0.631805,-0.034864,0.015496,0.016227,-0.943649,0.330188,0.102807,0.011450,-0.015090,0.011603,0.030645,-0.415813,
1624910285.000000,241248131.000000,0.157907,-0.632215,-0.034954,0.015659,0.016245,-0.943991,0.329198,0.110851,0.014805,-0.015334,0.038327,0.106849,-0.422213,
1624910285.000000,286275864.000000,0.154007,-0.638794,-0.037605,0.016988,0.016786,-0.947271,0.319541,0.123745,0.021723,-0.028782,-0.008270,-0.058311,-0.438404,
1624910285.000000,291278839.000000,0.153592,-0.639150,-0.037515,0.016777,0.016689,-0.947627,0.318501,0.114969,0.014161,-0.002969,0.049338,-0.042751,-0.448951,
1624910285.000000,296281815.000000,0.153180,-0.639542,-0.037543,0.016860,0.016550,-0.947993,0.317412,0.111670,0.012013,0.003839,0.089940,0.050813,-0.461899,
1624910285.000000,301285982.000000,0.152769,-0.639920,-0.037528,0.017084,0.016396,-0.948356,0.316324,0.108796,0.009869,0.011117,0.099483,0.100015,-0.443800,
1624910285.000000,306288958.000000,0.152386,-0.640277,-0.037535,0.017334,0.016267,-0.948699,0.315287,0.102989,0.009577,0.010852,0.072907,0.023466,-0.429801,
1624910285.000000,311291933.000000,0.152006,-0.640617,-0.037493,0.017290,0.016128,-0.949040,0.314269,0.098762,0.008133,0.015206,0.045041,-0.048611,-0.425633,
1624910285.000000,316294909.000000,0.151545,-0.641255,-0.038219,0.017026,0.015764,-0.949391,0.313239,0.085728,0.004260,0.013087,0.019732,-0.148527,-0.409747,
1624910285.000000,321297884.000000,0.151206,-0.641609,-0.038396,0.016530,0.015588,-0.949718,0.312280,0.087974,0.010361,-0.008433,0.015314,-0.246538,-0.410687,
1624910285.000000,326301098.000000,0.150893,-0.641906,-0.038467,0.015948,0.015353,-0.950055,0.311295,0.084961,0.011227,-0.012986,0.036719,-0.226455,-0.424643,
1624910285.000000,331305027.000000,0.150591,-0.642197,-0.038560,0.015555,0.015137,-0.950398,0.310277,0.081972,0.012078,-0.017311,0.040012,-0.103501,-0.436340,
1624910285.000000,421360970.000000,0.140281,-0.651466,-0.042476,0.016849,0.014551,-0.956345,0.291390,0.090860,0.003497,-0.006724,0.013534,-0.249232,-0.423743,
1624910285.000000,426365137.000000,0.139925,-0.651726,-0.042538,0.016261,0.014350,-0.956666,0.290380,0.085555,0.004107,-0.010871,0.021146,-0.238266,-0.421694,
1624910285.000000,431367874.000000,0.139465,-0.652044,-0.042574,0.015749,0.014150,-0.956983,0.289371,0.100259,0.003347,-0.007675,0.029669,-0.183313,-0.436405,
1624910285.000000,436370850.000000,0.139054,-0.652336,-0.042635,0.015477,0.014005,-0.957306,0.288322,0.102373,0.003436,-0.008868,0.033944,-0.030917,-0.430310,
1624910285.000000,441374063.000000,0.138634,-0.652633,-0.042701,0.015594,0.013970,-0.957611,0.287302,0.104356,0.003526,-0.009965,0.036055,0.098881,-0.429977,
1624910285.000000,446377039.000000,0.138053,-0.653966,-0.043260,0.016191,0.013985,-0.957932,0.286197,0.122639,0.011989,-0.016923,0.024566,0.133513,-0.427080,
1624910285.000000,451380014.000000,0.137566,-0.654359,-0.043378,0.016478,0.014061,-0.958234,0.285165,0.127688,0.013677,-0.019606,-0.003123,0.102725,-0.437560,
1624910285.000000,456382990.000000,0.137063,-0.654771,-0.043510,0.016679,0.014163,-0.958549,0.284085,0.132718,0.015405,-0.022328,-0.001176,0.095012,-0.457942,
1624910285.000000,461386919.000000,0.136653,-0.655118,-0.043638,0.016865,0.014230,-0.958871,0.282982,0.122203,0.015783,-0.023584,0.003331,0.050991,-0.454770,
1624910285.000000,466389894.000000,0.136187,-0.655514,-0.043788,0.016905,0.014279,-0.959188,0.281903,0.122281,0.017065,-0.025902,-0.014859,0.016562,-0.446160,
1624910285.000000,511349678.000000,0.129119,-0.659245,-0.046204,0.017601,0.013955,-0.961990,0.272160,0.100621,-0.004091,0.004966,0.067100,0.090107,-0.422864,
1624910285.000000,516352654.000000,0.128681,-0.659483,-0.046203,0.017608,0.013826,-0.962272,0.271165,0.096034,-0.005011,0.006636,0.042849,-0.132331,-0.404693,
1624910285.000000,521356583.000000,0.128260,-0.659703,-0.046195,0.017070,0.013614,-0.962556,0.270202,0.091268,-0.005971,0.008134,0.030865,-0.273168,-0.403639,
1624910285.000000,526359558.000000,0.127850,-0.659969,-0.046401,0.016443,0.013380,-0.962849,0.269208,0.091808,-0.002098,-0.013454,0.024697,-0.237828,-0.435525,
1624910285.000000,531362534.000000,0.127466,-0.660190,-0.046497,0.015971,0.013221,-0.963157,0.268140,0.087998,-0.001612,-0.018273,0.018169,-0.149714,-0.442203,
1624910285.000000,536365509.000000,0.127096,-0.660403,-0.046618,0.015691,0.013104,-0.963453,0.267096,0.084401,-0.001156,-0.023289,0.030974,-0.094445,-0.431303,
1624910285.000000,541368723.000000,0.126620,-0.660679,-0.046688,0.015564,0.012992,-0.963744,0.266057,0.100560,-0.000856,-0.016822,0.041697,-0.002725,-0.430323,
1624910285.000000,546371698.000000,0.126282,-0.662052,-0.046746,0.015923,0.013039,-0.964037,0.264971,0.118099,0.005564,-0.007251,0.018414,0.115987,-0.422927,
1624910285.000000,551375628.000000,0.125784,-0.662380,-0.046808,0.016245,0.013120,-0.964313,0.263940,0.122180,0.006055,-0.007152,0.012863,0.123882,-0.435548,
1624910285.000000,556378603.000000,0.125338,-0.662725,-0.046990,0.016482,0.013169,-0.964603,0.262861,0.120475,0.010973,-0.020144,0.009894,0.089361,-0.450650,
1624910285.000000,601406574.000000,0.118966,-0.667068,-0.049206,0.017144,0.013374,-0.967232,0.252961,0.109981,-0.000977,0.006869,0.083556,0.114547,-0.462409,
1624910285.000000,606409550.000000,0.118487,-0.667324,-0.049169,0.017444,0.013245,-0.967515,0.251861,0.106533,-0.003954,0.016992,0.099306,0.118826,-0.442056,
1624910285.000000,611412287.000000,0.116448,-0.667849,-0.049913,0.017685,0.012901,-0.967778,0.250852,0.104939,-0.014641,0.029466,0.077291,0.062370,-0.438836,
1624910285.000000,616416454.000000,0.116080,-0.668071,-0.050133,0.017692,0.012773,-0.968050,0.249805,0.091661,-0.005991,-0.003207,0.047176,-0.068595,-0.417676,
1624910285.000000,621419430.000000,0.115673,-0.668263,-0.050186,0.017348,0.012616,-0.968311,0.248824,0.085260,-0.005188,-0.007966,0.015429,-0.242962,-0.402558,
1624910285.000000,626422644.000000,0.115320,-0.668433,-0.050267,0.016623,0.012430,-0.968581,0.247830,0.077833,-0.004393,-0.013264,0.014079,-0.305323,-0.432382,
1624910285.000000,631425619.000000,0.115000,-0.668584,-0.050358,0.015976,0.012207,-0.968868,0.246761,0.070234,-0.003643,-0.017772,0.047294,-0.228468,-0.444356,
1624910285.000000,636428595.000000,0.114461,-0.668834,-0.050374,0.015565,0.011998,-0.969146,0.245702,0.093272,-0.005301,-0.011213,0.037872,-0.121502,-0.434594,
1624910285.000000,641431570.000000,0.114037,-0.669033,-0.050444,0.015424,0.011926,-0.969412,0.244663,0.096064,-0.005325,-0.011804,0.009958,0.006700,-0.419742,
1624910285.000000,646435499.000000,0.112826,-0.671146,-0.050824,0.015854,0.012006,-0.969689,0.243531,0.112712,-0.001968,-0.004722,0.024918,0.095746,-0.435588,
1624910285.000000,701469660.000000,0.104603,-0.675299,-0.052835,0.016982,0.012245,-0.972652,0.231320,0.122665,-0.009701,0.012906,0.111603,0.146240,-0.481661,
1624910285.000000,706472397.000000,0.104030,-0.675524,-0.052768,0.017500,0.012112,-0.972917,0.230175,0.120534,-0.013169,0.023248,0.098737,0.206061,-0.446451,
1624910285.000000,711476564.000000,0.103167,-0.676964,-0.053673,0.017989,0.011935,-0.973161,0.229109,0.102924,-0.008535,0.014944,0.073054,0.049203,-0.420784,
1624910285.000000,716479540.000000,0.102704,-0.677152,-0.053615,0.017939,0.011793,-0.973403,0.228093,0.096166,-0.008468,0.015405,0.042254,-0.073630,-0.414420,
1624910285.000000,721482515.000000,0.102273,-0.677323,-0.053552,0.017604,0.011676,-0.973645,0.227089,0.089312,-0.008441,0.015966,0.005981,-0.247275,-0.412329,
1624910285.000000,726485729.000000,0.101788,-0.677516,-0.053526,0.016806,0.011481,-0.973894,0.226090,0.095086,-0.008879,0.009034,0.033435,-0.357676,-0.417618,
1624910285.000000,731488466.000000,0.101345,-0.677683,-0.053493,0.016004,0.011206,-0.974150,0.225056,0.093259,-0.009062,0.005933,0.028682,-0.299915,-0.441032,
1624910285.000000,736492395.000000,0.100913,-0.677844,-0.053479,0.015481,0.011056,-0.974410,0.223972,0.091577,-0.009240,0.002581,0.028099,-0.094783,-0.444399,
1624910285.000000,741495609.000000,0.100487,-0.677999,-0.053486,0.015468,0.010975,-0.974656,0.222903,0.089842,-0.009427,-0.000718,0.037041,0.025049,-0.433592,
