1624840949.000000,627003963.000000,-0.048254,-0.584745,0.000000,0.000000,0.000000,-0.007518,0.999972,0.000000,0.000000,0.000000,0.000000,0.000000,-0.000131,
1624840949.000000,660003963.000000,-0.048254,-0.584745,0.000000,0.000000,0.000000,-0.007516,0.999972,0.000000,0.000000,0.000000,0.000000,0.000000,0.000098,
1624840949.000000,693003963.000000,-0.048254,-0.584745,0.000000,0.000000,0.000000,-0.007516,0.999972,0.000000,0.000000,0.000000,0.000000,0.000000,0.000052,
1624840949.000000,726003963.000000,-0.048254,-0.584745,0.000000,0.000000,0.000000,-0.007516,0.999972,0.000000,0.000000,0.000000,0.000000,0.000000,-0.000039,
1624840949.000000,759003963.000000,-0.048254,-0.584745,0.000000,0.000000,0.000000,-0.007516,0.999972,0.000000,0.000000,0.000000,0.000000,0.000000,-0.000005,
1624840960.000000,122050966.000000,-0.048254,-0.584745,0.000000,0.000000,0.000000,-0.007504,0.999972,0.000000,0.000000,0.000000,0.000000,0.000000,0.000010,
1624840960.000000,155050966.000000,-0.048254,-0.584745,0.000000,0.000000,0.000000,-0.007503,0.999972,0.000000,0.000000,0.000000,0.000000,0.000000,0.000042,
1624840960.000000,188050966.000000,-0.048254,-0.584745,0.000000,0.000000,0.000000,-0.007505,0.999972,0.000000,0.000000,0.000000,0.000000,0.000000,-0.000089,
1624840960.000000,223050966.000000,-0.048254,-0.584745,0.000000,0.000000,0.000000,-0.007501,0.999972,0.000000,0.000000,0.000000,0.000000,0.000000,0.000215,
1624840960.000000,256050966.000000,-0.048254,-0.584745,0.000000,0.000000,0.000000,-0.007502,0.999972,0.000000,0.000000,0.000000,0.000000,0.000000,-0.000075,
1624840960.000000,289050966.000000,-0.048254,-0.584745,0.000000,0.000000,0.000000,-0.007505,0.999972,0.000000,0.000000,0.000000,0.000000,0.000000,-0.000196,
1624840960.000000,322050966.000000,-0.048254,-0.584745,0.000000,0.000000,0.000000,-0.007505,0.999972,0.000000,0.000000,0.000000,0.000000,0.000000,0.000011,
1624840960.000000,355050966.000000,-0.048254,-0.584745,0.000000,0.000000,0.000000,-0.007505,0.999972,0.000000,0.000000,0.000000,0.000000,0.000000,0.000035,
1624840960.000000,388050966.000000,-0.048254,-0.584745,0.000000,0.000000,0.000000,-0.007504,0.999972,0.000000,0.000000,0.000000,0.000000,0.000000,0.000020,
1624840960.000000,421050966.000000,-0.048254,-0.584745,0.000000,0.000000,0.000000,-0.007503,0.999972,0.000000,0.000000,0.000000,0.000000,0.000000,0.000080,
1624840960.000000,454050966.000000,-0.048254,-0.584745,0.000000,0.000000,0.000000,-0.007506,0.999972,0.000000,0.000000,0.000000,0.000000,0.000000,-0.000166,
1624840960.000000,487050966.000000,-0.048254,-0.584745,0.000000,0.000000,0.000000,-0.007504,0.999972,0.000000,0.000000,0.000000,0.000000,0.000000,0.000130,
1624840960.000000,520050966.000000,-0.047571,-0.584755,0.000000,0.000000,0.000000,-0.008172,0.999967,0.020709,0.000000,0.000000,0.000000,0.000000,-0.040522,
1624840960.000000,553050966.000000,-0.045900,-0.584790,0.000000,0.000000,0.000000,-0.012785,0.999918,0.050621,0.000000,0.000000,0.000000,0.000000,-0.279586,
1624840960.000000,586050966.000000,-0.043927,-0.584853,0.000000,0.000000,0.000000,-0.019208,0.999816,0.059825,0.000000,0.000000,0.000000,0.000000,-0.389291,
1624840960.000000,619050966.000000,-0.041904,-0.584946,0.000000,0.000000,0.000000,-0.026527,0.999648,0.061359,0.000000,0.000000,0.000000,0.000000,-0.443713,
1624840960.000000,652050966.000000,-0.039833,-0.585069,0.000000,0.000000,0.000000,-0.032991,0.999456,0.062893,0.000000,0.000000,0.000000,0.000000,-0.391951,
1624840960.000000,685050966.000000,-0.037712,-0.585226,0.000000,0.000000,0.000000,-0.040735,0.999170,0.064427,0.000000,0.000000,0.000000,0.000000,-0.469619,
1624840960.000000,719050966.000000,-0.035569,-0.585417,0.000000,0.000000,0.000000,-0.047994,0.998848,0.063277,0.000000,0.000000,0.000000,0.000000,-0.427452,
1624840960.000000,752050966.000000,-0.033480,-0.585633,0.000000,0.000000,0.000000,-0.055072,0.998482,0.063660,0.000000,0.000000,0.000000,0.000000,-0.429562,
1624840960.000000,785050966.000000,-0.031343,-0.585884,0.000000,0.000000,0.000000,-0.061780,0.998090,0.065194,0.000000,0.000000,0.000000,0.000000,-0.407241,
1624840960.000000,818050966.000000,-0.029260,-0.586158,0.000000,0.000000,0.000000,-0.068904,0.997623,0.063660,0.000000,0.000000,0.000000,0.000000,-0.432624,
1624840960.000000,851050966.000000,-0.027181,-0.586461,0.000000,0.000000,0.000000,-0.075851,0.997119,0.063660,0.000000,0.000000,0.000000,0.000000,-0.422149,
1624840960.000000,884050966.000000,-0.025057,-0.586802,0.000000,0.000000,0.000000,-0.083120,0.996540,0.065194,0.000000,0.000000,0.000000,0.000000,-0.441953,
1624840960.000000,917050966.000000,-0.023038,-0.587156,0.000000,0.000000,0.000000,-0.090132,0.995930,0.062126,0.000000,0.000000,0.000000,0.000000,-0.426582,
1624840960.000000,950050966.000000,-0.020999,-0.587543,0.000000,0.000000,0.000000,-0.097089,0.995276,0.062893,0.000000,0.000000,0.000000,0.000000,-0.423507,
1624840960.000000,983050966.000000,-0.018891,-0.587974,0.000000,0.000000,0.000000,-0.104355,0.994540,0.065194,0.000000,0.000000,0.000000,0.000000,-0.442625,
1624840961.000000,16050966.000000,-0.016888,-0.588414,0.000000,0.000000,0.000000,-0.111447,0.993770,0.062126,0.000000,0.000000,0.000000,0.000000,-0.432342,
1624840961.000000,49050966.000000,-0.014868,-0.588889,0.000000,0.000000,0.000000,-0.118773,0.992921,0.062893,0.000000,0.000000,0.000000,0.000000,-0.446949,
1624840961.000000,82050966.000000,-0.012805,-0.589404,0.000000,0.000000,0.000000,-0.125404,0.992106,0.064427,0.000000,0.000000,0.000000,0.000000,-0.404934,
1624840961.000000,115050966.000000,-0.010799,-0.589936,0.000000,0.000000,0.000000,-0.132987,0.991118,0.062893,0.000000,0.000000,0.000000,0.000000,-0.463462,
1624840961.000000,148050966.000000,-0.008801,-0.590496,0.000000,0.000000,0.000000,-0.139299,0.990250,0.062893,0.000000,0.000000,0.000000,0.000000,-0.386115,
1624840961.000000,181050966.000000,-0.006761,-0.591097,0.000000,0.000000,0.000000,-0.146560,0.989202,0.064427,0.000000,0.000000,0.000000,0.000000,-0.444645,
1624840961.000000,214050966.000000,-0.004731,-0.591729,0.000000,0.000000,0.000000,-0.153808,0.988101,0.064427,0.000000,0.000000,0.000000,0.000000,-0.444280,
1624840961.000000,247050966.000000,-0.002758,-0.592373,0.000000,0.000000,0.000000,-0.160667,0.987009,0.062893,0.000000,0.000000,0.000000,0.000000,-0.420929,
1624840961.000000,280050966.000000,-0.000723,-0.593070,0.000000,0.000000,0.000000,-0.167929,0.985799,0.065194,0.000000,0.000000,0.000000,0.000000,-0.446240,
1624840961.000000,313050966.000000,0.001278,-0.593790,0.000000,0.000000,0.000000,-0.175683,0.984447,0.064427,0.000000,0.000000,0.000000,0.000000,-0.477017,
1624840961.000000,346050966.000000,0.003244,-0.594530,0.000000,0.000000,0.000000,-0.182043,0.983291,0.063660,0.000000,0.000000,0.000000,0.000000,-0.391736,
1624840961.000000,372165935.000000,0.005247,-0.595315,0.000000,0.000000,0.000000,-0.189251,0.981929,0.065194,0.000000,0.000000,0.000000,0.000000,-0.444586,
1624840961.000000,405165935.000000,0.007215,-0.596119,0.000000,0.000000,0.000000,-0.196601,0.980484,0.064427,0.000000,0.000000,0.000000,0.000000,-0.453988,
1624840961.000000,438165935.000000,0.009147,-0.596943,0.000000,0.000000,0.000000,-0.203568,0.979061,0.063660,0.000000,0.000000,0.000000,0.000000,-0.430988,
1624840961.000000,471165935.000000,0.011184,-0.597846,0.000000,0.000000,0.000000,-0.210788,0.977532,0.067495,0.000000,0.000000,0.000000,0.000000,-0.447248,
1624840961.000000,504165935.000000,0.013114,-0.598737,0.000000,0.000000,0.000000,-0.218082,0.975930,0.064427,0.000000,0.000000,0.000000,0.000000,-0.452636,
1624840961.000000,537165935.000000,0.015032,-0.599655,0.000000,0.000000,0.000000,-0.225000,0.974359,0.064427,0.000000,0.000000,0.000000,0.000000,-0.429940,
1624840961.000000,570165935.000000,0.016980,-0.600625,0.000000,0.000000,0.000000,-0.232788,0.972527,0.065961,0.000000,0.000000,0.000000,0.000000,-0.484894,
1624840961.000000,604165935.000000,0.018913,-0.601626,0.000000,0.000000,0.000000,-0.240218,0.970719,0.064021,0.000000,0.000000,0.000000,0.000000,-0.449772,
1624840961.000000,637165935.000000,0.020787,-0.602630,0.000000,0.000000,0.000000,-0.246659,0.969102,0.064427,0.000000,0.000000,0.000000,0.000000,-0.402509,
1624840961.000000,670165935.000000,0.022713,-0.603698,0.000000,0.000000,0.000000,-0.254360,0.967110,0.066728,0.000000,0.000000,0.000000,0.000000,-0.482072,
1624840961.000000,706165935.000000,0.024710,-0.604845,0.000000,0.000000,0.000000,-0.261071,0.965320,0.063980,0.000000,0.000000,0.000000,0.000000,-0.385871,
1624840961.000000,739165935.000000,0.026495,-0.605905,0.000000,0.000000,0.000000,-0.268468,0.963289,0.062893,0.000000,0.000000,0.000000,0.000000,-0.464901,
1624840961.000000,772165935.000000,0.028350,-0.607044,0.000000,0.000000,0.000000,-0.275492,0.961303,0.065961,0.000000,0.000000,0.000000,0.000000,-0.442378,
1624840961.000000,807165935.000000,0.030208,-0.608225,0.000000,0.000000,0.000000,-0.282893,0.959151,0.062915,0.000000,0.000000,0.000000,0.000000,-0.440458,
1624840961.000000,840165935.000000,0.031965,-0.609377,0.000000,0.000000,0.000000,-0.289614,0.957143,0.063660,0.000000,0.000000,0.000000,0.000000,-0.425125,
1624840961.000000,873165935.000000,0.033747,-0.610583,0.000000,0.000000,0.000000,-0.296551,0.955017,0.065194,0.000000,0.000000,0.000000,0.000000,-0.439731,
1624840961.000000,906165935.000000,0.035510,-0.611816,0.000000,0.000000,0.000000,-0.304210,0.952605,0.065194,0.000000,0.000000,0.000000,0.000000,-0.486652,
1624840961.000000,939165935.000000,0.037254,-0.613075,0.000000,0.000000,0.000000,-0.311010,0.950407,0.065194,0.000000,0.000000,0.000000,0.000000,-0.433098,
1624840961.000000,972165935.000000,0.038960,-0.614344,0.000000,0.000000,0.000000,-0.317884,0.948129,0.064427,0.000000,0.000000,0.000000,0.000000,-0.438908,
1624840962.000000,5165935.000000,0.040607,-0.615607,0.000000,0.000000,0.000000,-0.324338,0.945941,0.062893,0.000000,0.000000,0.000000,0.000000,-0.412993,
1624840962.000000,38165935.000000,0.042257,-0.616907,0.000000,0.000000,0.000000,-0.330874,0.943675,0.063660,0.000000,0.000000,0.000000,0.000000,-0.419233,
1624840962.000000,71165935.000000,0.043908,-0.618247,0.000000,0.000000,0.000000,-0.337651,0.941271,0.064427,0.000000,0.000000,0.000000,0.000000,-0.435820,
1624840962.000000,104165935.000000,0.045519,-0.619595,0.000000,0.000000,0.000000,-0.345033,0.938591,0.063660,0.000000,0.000000,0.000000,0.000000,-0.475982,
1624840962.000000,137165935.000000,0.047072,-0.620934,0.000000,0.000000,0.000000,-0.351523,0.936179,0.062126,0.000000,0.000000,0.000000,0.000000,-0.419626,
1624840962.000000,170165935.000000,0.048700,-0.622378,0.000000,0.000000,0.000000,-0.358280,0.933614,0.065961,0.000000,0.000000,0.000000,0.000000,-0.438016,
1624840962.000000,203165935.000000,0.050234,-0.623776,0.000000,0.000000,0.000000,-0.364039,0.931384,0.062893,0.000000,0.000000,0.000000,0.000000,-0.374283,
1624840962.000000,235165935.000000,0.051731,-0.625178,0.000000,0.000000,0.000000,-0.370975,0.928643,0.064068,0.000000,0.000000,0.000000,0.000000,-0.466126,
1624840962.000000,268165935.000000,0.053260,-0.626654,0.000000,0.000000,0.000000,-0.378170,0.925736,0.064427,0.000000,0.000000,0.000000,0.000000,-0.470287,
1624840962.000000,301165935.000000,0.054731,-0.628118,0.000000,0.000000,0.000000,-0.384896,0.922960,0.062893,0.000000,0.000000,0.000000,0.000000,-0.440996,
1624840962.000000,334165935.000000,0.056199,-0.629621,0.000000,0.000000,0.000000,-0.391279,0.920272,0.063660,0.000000,0.000000,0.000000,0.000000,-0.419787,
1624840962.000000,367165935.000000,0.057664,-0.631163,0.000000,0.000000,0.000000,-0.397859,0.917446,0.064427,0.000000,0.000000,0.000000,0.000000,-0.434007,
1624840962.000000,400165935.000000,0.059105,-0.632726,0.000000,0.000000,0.000000,-0.404589,0.914499,0.064427,0.000000,0.000000,0.000000,0.000000,-0.445286,
1624840962.000000,433165935.000000,0.060507,-0.634290,0.000000,0.000000,0.000000,-0.411009,0.911631,0.063660,0.000000,0.000000,0.000000,0.000000,-0.426153,
1624840962.000000,468165935.000000,0.061987,-0.635988,0.000000,0.000000,0.000000,-0.417379,0.908733,0.064361,0.000000,0.000000,0.000000,0.000000,-0.399869,
1624840962.000000,501165935.000000,0.063360,-0.637612,0.000000,0.000000,0.000000,-0.424517,0.905420,0.064427,0.000000,0.000000,0.000000,0.000000,-0.476974,
1624840962.000000,534165935.000000,0.064676,-0.639217,0.000000,0.000000,0.000000,-0.430785,0.902455,0.062893,0.000000,0.000000,0.000000,0.000000,-0.420222,
1624840962.000000,567165935.000000,0.066002,-0.640879,0.000000,0.000000,0.000000,-0.436686,0.899614,0.064427,0.000000,0.000000,0.000000,0.000000,-0.396931,
1624840962.000000,600165935.000000,0.067288,-0.642539,0.000000,0.000000,0.000000,-0.443783,0.896134,0.063660,0.000000,0.000000,0.000000,0.000000,-0.479052,
1624840962.000000,633165935.000000,0.068537,-0.644198,0.000000,0.000000,0.000000,-0.449063,0.893500,0.062893,0.000000,0.000000,0.000000,0.000000,-0.357570,
1624840962.000000,666165935.000000,0.069763,-0.645872,0.000000,0.000000,0.000000,-0.455694,0.890136,0.062893,0.000000,0.000000,0.000000,0.000000,-0.450647,
1624840962.000000,699165935.000000,0.070992,-0.647607,0.000000,0.000000,0.000000,-0.462670,0.886530,0.064427,0.000000,0.000000,0.000000,0.000000,-0.475956,
1624840962.000000,732165935.000000,0.072153,-0.649297,0.000000,0.000000,0.000000,-0.468839,0.883284,0.062126,0.000000,0.000000,0.000000,0.000000,-0.422445,
1624840962.000000,765165935.000000,0.073332,-0.651066,0.000000,0.000000,0.000000,-0.475044,0.879962,0.064427,0.000000,0.000000,0.000000,0.000000,-0.426589,
1624840962.000000,798165935.000000,0.074472,-0.652831,0.000000,0.000000,0.000000,-0.481489,0.876452,0.063660,0.000000,0.000000,0.000000,0.000000,-0.444764,
1624840962.000000,832165935.000000,0.075572,-0.654590,0.000000,0.000000,0.000000,-0.487726,0.872997,0.061043,0.000000,0.000000,0.000000,0.000000,-0.419394,
1624840962.000000,865165935.000000,0.076674,-0.656409,0.000000,0.000000,0.000000,-0.493870,0.869536,0.064427,0.000000,0.000000,0.000000,0.000000,-0.427389,
1624840962.000000,898165935.000000,0.077749,-0.658243,0.000000,0.000000,0.000000,-0.500317,0.865842,0.064427,0.000000,0.000000,0.000000,0.000000,-0.450313,
1624840962.000000,930165935.000000,0.078800,-0.660091,0.000000,0.000000,0.000000,-0.505622,0.862755,0.066441,0.000000,0.000000,0.000000,0.000000,-0.383617,
1624840962.000000,963165935.000000,0.079812,-0.661932,0.000000,0.000000,0.000000,-0.512137,0.858903,0.063660,0.000000,0.000000,0.000000,0.000000,-0.458730,
1624840962.000000,997165935.000000,0.080832,-0.663855,0.000000,0.000000,0.000000,-0.519010,0.854768,0.064021,0.000000,0.000000,0.000000,0.000000,-0.471834,
1624840963.000000,29165935.000000,0.081801,-0.665748,0.000000,0.000000,0.000000,-0.524321,0.851520,0.066441,0.000000,0.000000,0.000000,0.000000,-0.389084,
1624840963.000000,62165935.000000,0.082743,-0.667653,0.000000,0.000000,0.000000,-0.530795,0.847500,0.064427,0.000000,0.000000,0.000000,0.000000,-0.461837,
1624840963.000000,95165935.000000,0.083678,-0.669619,0.000000,0.000000,0.000000,-0.537586,0.843209,0.065961,0.000000,0.000000,0.000000,0.000000,-0.486834,
1624840963.000000,128165935.000000,0.084561,-0.671553,0.000000,0.000000,0.000000,-0.543791,0.839220,0.064427,0.000000,0.000000,0.000000,0.000000,-0.447093,
1624840963.000000,162165935.000000,0.085426,-0.673523,0.000000,0.000000,0.000000,-0.549762,0.835321,0.063277,0.000000,0.000000,0.000000,0.000000,-0.419461,
1624840963.000000,195165935.000000,0.086262,-0.675506,0.000000,0.000000,0.000000,-0.555993,0.831187,0.065194,0.000000,0.000000,0.000000,0.000000,-0.453194,
1624840963.000000,228165935.000000,0.087059,-0.677477,0.000000,0.000000,0.000000,-0.562164,0.827026,0.064427,0.000000,0.000000,0.000000,0.000000,-0.451115,
1624840963.000000,261165935.000000,0.087836,-0.679483,0.000000,0.000000,0.000000,-0.568099,0.822960,0.065194,0.000000,0.000000,0.000000,0.000000,-0.436001,
1624840963.000000,294165935.000000,0.088594,-0.681523,0.000000,0.000000,0.000000,-0.573756,0.819026,0.065961,0.000000,0.000000,0.000000,0.000000,-0.417590,
1624840963.000000,327165935.000000,0.089304,-0.683527,0.000000,0.000000,0.000000,-0.580237,0.814447,0.064427,0.000000,0.000000,0.000000,0.000000,-0.480955,
1624840963.000000,360165935.000000,0.089969,-0.685493,0.000000,0.000000,0.000000,-0.585567,0.810624,0.062893,0.000000,0.000000,0.000000,0.000000,-0.397511,
1624840963.000000,392165935.000000,0.090639,-0.687564,0.000000,0.000000,0.000000,-0.591079,0.806614,0.068022,0.000000,0.000000,0.000000,0.000000,-0.426020,
1624840963.000000,425165935.000000,0.091256,-0.689573,0.000000,0.000000,0.000000,-0.597448,0.801907,0.063660,0.000000,0.000000,0.000000,0.000000,-0.479982,
1624840963.000000,459165935.000000,0.091843,-0.691590,0.000000,0.000000,0.000000,-0.603004,0.797738,0.061788,0.000000,0.000000,0.000000,0.000000,-0.408613,
1624840963.000000,492165935.000000,0.092408,-0.693639,0.000000,0.000000,0.000000,-0.608789,0.793333,0.064427,0.000000,0.000000,0.000000,0.000000,-0.440668,
1624840963.000000,525165935.000000,0.092936,-0.695673,0.000000,0.000000,0.000000,-0.614986,0.788538,0.063660,0.000000,0.000000,0.000000,0.000000,-0.474850,
1624840963.000000,559165935.000000,0.093433,-0.697714,0.000000,0.000000,0.000000,-0.620681,0.784064,0.061788,0.000000,0.000000,0.000000,0.000000,-0.426042,
1624840963.000000,592165935.000000,0.093923,-0.699861,0.000000,0.000000,0.000000,-0.626384,0.779515,0.066728,0.000000,0.000000,0.000000,0.000000,-0.442142,
1624840963.000000,625165935.000000,0.094355,-0.701891,0.000000,0.000000,0.000000,-0.632048,0.774929,0.062893,0.000000,0.000000,0.000000,0.000000,-0.441683,
1624840963.000000,658165935.000000,0.094763,-0.703951,0.000000,0.000000,0.000000,-0.637408,0.770527,0.063660,0.000000,0.000000,0.000000,0.000000,-0.420354,
1624840963.000000,692165935.000000,0.095155,-0.706093,0.000000,0.000000,0.000000,-0.643115,0.765770,0.064021,0.000000,0.000000,0.000000,0.000000,-0.437035,
1624840963.000000,725165935.000000,0.095504,-0.708164,0.000000,0.000000,0.000000,-0.648274,0.761407,0.063660,0.000000,0.000000,0.000000,0.000000,-0.409498,
1624840963.000000,758165935.000000,0.095821,-0.710215,0.000000,0.000000,0.000000,-0.653534,0.756897,0.062893,0.000000,0.000000,0.000000,0.000000,-0.419888,
1624840963.000000,792165935.000000,0.096129,-0.712421,0.000000,0.000000,0.000000,-0.659207,0.751961,0.065510,0.000000,0.000000,0.000000,0.000000,-0.442358,
1624840963.000000,826165935.000000,0.096388,-0.714506,0.000000,0.000000,0.000000,-0.664707,0.747105,0.061788,0.000000,0.000000,0.000000,0.000000,-0.431594,
1624840963.000000,862031105.000000,0.096615,-0.716569,0.000000,0.000000,0.000000,-0.670263,0.742124,0.062893,0.000000,0.000000,0.000000,0.000000,-0.452229,
1624840963.000000,895031105.000000,0.096816,-0.718686,0.000000,0.000000,0.000000,-0.675147,0.737683,0.064427,0.000000,0.000000,0.000000,0.000000,-0.400077,
1624840963.000000,928031105.000000,0.096987,-0.720779,0.000000,0.000000,0.000000,-0.680499,0.732749,0.063660,0.000000,0.000000,0.000000,0.000000,-0.441165,
1624840963.000000,961031105.000000,0.097126,-0.722850,0.000000,0.000000,0.000000,-0.685557,0.728019,0.062893,0.000000,0.000000,0.000000,0.000000,-0.419711,
1624840963.000000,994031105.000000,0.097239,-0.724999,0.000000,0.000000,0.000000,-0.690774,0.723071,0.065194,0.000000,0.000000,0.000000,0.000000,-0.435779,
1624840964.000000,27031105.000000,0.097319,-0.727073,0.000000,0.000000,0.000000,-0.696071,0.717973,0.062893,0.000000,0.000000,0.000000,0.000000,-0.445536,
1624840964.000000,60031105.000000,0.097370,-0.729223,0.000000,0.000000,0.000000,-0.701064,0.713099,0.065194,0.000000,0.000000,0.000000,0.000000,-0.422897,
1624840964.000000,93031105.000000,0.097392,-0.731349,0.000000,0.000000,0.000000,-0.706111,0.708101,0.064427,0.000000,0.000000,0.000000,0.000000,-0.430504,
1624840964.000000,126031105.000000,0.097381,-0.733475,0.000000,0.000000,0.000000,-0.711694,0.702489,0.064427,0.000000,0.000000,0.000000,0.000000,-0.479763,
1624840964.000000,159031105.000000,0.097340,-0.735551,0.000000,0.000000,0.000000,-0.716181,0.697915,0.062893,0.000000,0.000000,0.000000,0.000000,-0.388330,
1624840964.000000,192031105.000000,0.097269,-0.737675,0.000000,0.000000,0.000000,-0.721476,0.692440,0.064427,0.000000,0.000000,0.000000,0.000000,-0.461582,
1624840964.000000,225031105.000000,0.097167,-0.739799,0.000000,0.000000,0.000000,-0.726188,0.687496,0.064427,0.000000,0.000000,0.000000,0.000000,-0.413971,
1624840964.000000,258031105.000000,0.097041,-0.741845,0.000000,0.000000,0.000000,-0.730945,0.682436,0.062126,0.000000,0.000000,0.000000,0.000000,-0.420892,
1624840964.000000,291031105.000000,0.096883,-0.743940,0.000000,0.000000,0.000000,-0.735680,0.677330,0.063660,0.000000,0.000000,0.000000,0.000000,-0.422033,
1624840964.000000,324031105.000000,0.096693,-0.746032,0.000000,0.000000,0.000000,-0.740987,0.671519,0.063660,0.000000,0.000000,0.000000,0.000000,-0.476960,
1624840964.000000,357031105.000000,0.096476,-0.748096,0.000000,0.000000,0.000000,-0.745310,0.666718,0.062893,0.000000,0.000000,0.000000,0.000000,-0.391556,
1624840964.000000,391031105.000000,0.096219,-0.750258,0.000000,0.000000,0.000000,-0.750090,0.661335,0.064021,0.000000,0.000000,0.000000,0.000000,-0.423445,
1624840964.000000,425031105.000000,0.095933,-0.752390,0.000000,0.000000,0.000000,-0.754941,0.655793,0.063277,0.000000,0.000000,0.000000,0.000000,-0.433249,
1624840964.000000,458031105.000000,0.095632,-0.754418,0.000000,0.000000,0.000000,-0.759610,0.650379,0.062126,0.000000,0.000000,0.000000,0.000000,-0.433261,
1624840964.000000,491031105.000000,0.095290,-0.756517,0.000000,0.000000,0.000000,-0.764175,0.645009,0.064427,0.000000,0.000000,0.000000,0.000000,-0.427217,
1624840964.000000,524031105.000000,0.094917,-0.758610,0.000000,0.000000,0.000000,-0.768917,0.639349,0.064427,0.000000,0.000000,0.000000,0.000000,-0.447454,
1624840964.000000,558031105.000000,0.094494,-0.760797,0.000000,0.000000,0.000000,-0.773743,0.633500,0.065510,0.000000,0.000000,0.000000,0.000000,-0.446088,
1624840964.000000,591031105.000000,0.094065,-0.762853,0.000000,0.000000,0.000000,-0.778217,0.627996,0.063660,0.000000,0.000000,0.000000,0.000000,-0.429865,
1624840964.000000,624031105.000000,0.093588,-0.764977,0.000000,0.000000,0.000000,-0.783207,0.621761,0.065961,0.000000,0.000000,0.000000,0.000000,-0.484004,
1624840964.000000,657031105.000000,0.093087,-0.767069,0.000000,0.000000,0.000000,-0.787069,0.616865,0.065194,0.000000,0.000000,0.000000,0.000000,-0.377897,
1624840964.000000,691031105.000000,0.092544,-0.769203,0.000000,0.000000,0.000000,-0.791924,0.610619,0.064766,0.000000,0.000000,0.000000,0.000000,-0.465386,
1624840964.000000,727031105.000000,0.091933,-0.771450,0.000000,0.000000,0.000000,-0.797112,0.603831,0.064683,0.000000,0.000000,0.000000,0.000000,-0.474625,
1624840964.000000,760031105.000000,0.091350,-0.773468,0.000000,0.000000,0.000000,-0.801447,0.598066,0.063660,0.000000,0.000000,0.000000,0.000000,-0.437198,
1624840964.000000,793031105.000000,0.090723,-0.775527,0.000000,0.000000,0.000000,-0.805441,0.592675,0.065194,0.000000,0.000000,0.000000,0.000000,-0.406587,
1624840964.000000,826031105.000000,0.090060,-0.777600,0.000000,0.000000,0.000000,-0.809847,0.586641,0.065961,0.000000,0.000000,0.000000,0.000000,-0.452797,
1624840964.000000,859031105.000000,0.089390,-0.779591,0.000000,0.000000,0.000000,-0.814441,0.580246,0.063660,0.000000,0.000000,0.000000,0.000000,-0.477263,
1624840964.000000,892031105.000000,0.088682,-0.781596,0.000000,0.000000,0.000000,-0.818280,0.574820,0.064427,0.000000,0.000000,0.000000,0.000000,-0.402783,
1624840964.000000,926031105.000000,0.087901,-0.783708,0.000000,0.000000,0.000000,-0.822996,0.568047,0.066254,0.000000,0.000000,0.000000,0.000000,-0.485508,
1624840964.000000,959031105.000000,0.087132,-0.785691,0.000000,0.000000,0.000000,-0.827109,0.562042,0.064427,0.000000,0.000000,0.000000,0.000000,-0.441110,
1624840964.000000,992031105.000000,0.086336,-0.787662,0.000000,0.000000,0.000000,-0.830839,0.556512,0.064427,0.000000,0.000000,0.000000,0.000000,-0.404271,
1624840965.000000,25031105.000000,0.085512,-0.789622,0.000000,0.000000,0.000000,-0.834940,0.550341,0.064427,0.000000,0.000000,0.000000,0.000000,-0.449043,
1624840965.000000,58031105.000000,0.084669,-0.791546,0.000000,0.000000,0.000000,-0.839174,0.543864,0.063660,0.000000,0.000000,0.000000,0.000000,-0.469002,
1624840965.000000,91031105.000000,0.083788,-0.793481,0.000000,0.000000,0.000000,-0.842707,0.538372,0.064427,0.000000,0.000000,0.000000,0.000000,-0.395764,
1624840965.000000,124031105.000000,0.082901,-0.795358,0.000000,0.000000,0.000000,-0.846885,0.531777,0.062893,0.000000,0.000000,0.000000,0.000000,-0.473174,
1624840965.000000,158031105.000000,0.081941,-0.797311,0.000000,0.000000,0.000000,-0.850764,0.525548,0.064021,0.000000,0.000000,0.000000,0.000000,-0.431622,
1624840965.000000,191031105.000000,0.080999,-0.799161,0.000000,0.000000,0.000000,-0.854406,0.519606,0.062893,0.000000,0.000000,0.000000,0.000000,-0.422434,
1624840965.000000,224031105.000000,0.079997,-0.801064,0.000000,0.000000,0.000000,-0.857895,0.513825,0.065194,0.000000,0.000000,0.000000,0.000000,-0.409209,
1624840965.000000,257031105.000000,0.079004,-0.802887,0.000000,0.000000,0.000000,-0.861589,0.507607,0.062893,0.000000,0.000000,0.000000,0.000000,-0.438361,
1624840965.000000,290031105.000000,0.077973,-0.804717,0.000000,0.000000,0.000000,-0.865071,0.501650,0.063660,0.000000,0.000000,0.000000,0.000000,-0.418128,
1624840965.000000,323031105.000000,0.076903,-0.806554,0.000000,0.000000,0.000000,-0.868955,0.494891,0.064427,0.000000,0.000000,0.000000,0.000000,-0.472466,
1624840965.000000,356031105.000000,0.075818,-0.808353,0.000000,0.000000,0.000000,-0.872496,0.488622,0.063660,0.000000,0.000000,0.000000,0.000000,-0.436371,
1624840965.000000,389031105.000000,0.074722,-0.810116,0.000000,0.000000,0.000000,-0.875632,0.482978,0.062893,0.000000,0.000000,0.000000,0.000000,-0.391306,
1624840965.000000,422031105.000000,0.073560,-0.811927,0.000000,0.000000,0.000000,-0.879391,0.476100,0.065194,0.000000,0.000000,0.000000,0.000000,-0.475071,
1624840965.000000,458031105.000000,0.072316,-0.813805,0.000000,0.000000,0.000000,-0.882582,0.470159,0.062574,0.000000,0.000000,0.000000,0.000000,-0.374632,
1624840965.000000,491031105.000000,0.071145,-0.815518,0.000000,0.000000,0.000000,-0.886054,0.463583,0.062893,0.000000,0.000000,0.000000,0.000000,-0.450680,
1624840965.000000,524031105.000000,0.069905,-0.817276,0.000000,0.000000,0.000000,-0.889646,0.456650,0.065194,0.000000,0.000000,0.000000,0.000000,-0.473218,
1624840965.000000,557031105.000000,0.068685,-0.818955,0.000000,0.000000,0.000000,-0.892460,0.451127,0.062893,0.000000,0.000000,0.000000,0.000000,-0.375690,
1624840965.000000,590031105.000000,0.067442,-0.820617,0.000000,0.000000,0.000000,-0.895762,0.444533,0.062893,0.000000,0.000000,0.000000,0.000000,-0.446945,
1624840965.000000,624031105.000000,0.066066,-0.822401,0.000000,0.000000,0.000000,-0.899094,0.437755,0.066254,0.000000,0.000000,0.000000,0.000000,-0.444247,
1624840965.000000,657031105.000000,0.064757,-0.824044,0.000000,0.000000,0.000000,-0.902515,0.430658,0.063660,0.000000,0.000000,0.000000,0.000000,-0.477545,
1624840965.000000,690031105.000000,0.063442,-0.825649,0.000000,0.000000,0.000000,-0.905196,0.424995,0.062893,0.000000,0.000000,0.000000,0.000000,-0.379685,
1624840965.000000,723031105.000000,0.062055,-0.827295,0.000000,0.000000,0.000000,-0.908257,0.418412,0.065194,0.000000,0.000000,0.000000,0.000000,-0.440020,
1624840965.000000,757031105.000000,0.060662,-0.828900,0.000000,0.000000,0.000000,-0.911304,0.411734,0.062532,0.000000,0.000000,0.000000,0.000000,-0.431780,
1624840965.000000,789031105.000000,0.059313,-0.830411,0.000000,0.000000,0.000000,-0.914056,0.405588,0.063277,0.000000,0.000000,0.000000,0.000000,-0.420876,
1624840965.000000,822031105.000000,0.057840,-0.832013,0.000000,0.000000,0.000000,-0.917195,0.398438,0.065961,0.000000,0.000000,0.000000,0.000000,-0.473236,
1624840965.000000,855031105.000000,0.056396,-0.833539,0.000000,0.000000,0.000000,-0.919880,0.392199,0.063660,0.000000,0.000000,0.000000,0.000000,-0.411673,
1624840965.000000,888031105.000000,0.054967,-0.835009,0.000000,0.000000,0.000000,-0.922499,0.385999,0.062126,0.000000,0.000000,0.000000,0.000000,-0.407880,
1624840965.000000,921031105.000000,0.053445,-0.836530,0.000000,0.000000,0.000000,-0.925246,0.379368,0.065194,0.000000,0.000000,0.000000,0.000000,-0.435002,
1624840965.000000,954031105.000000,0.051956,-0.837975,0.000000,0.000000,0.000000,-0.928210,0.372058,0.062893,0.000000,0.000000,0.000000,0.000000,-0.478080,
1624840965.000000,988031105.000000,0.050464,-0.839382,0.000000,0.000000,0.000000,-0.930527,0.366224,0.060299,0.000000,0.000000,0.000000,0.000000,-0.369233,
1624840966.000000,21031105.000000,0.048861,-0.840854,0.000000,0.000000,0.000000,-0.933155,0.359474,0.065961,0.000000,0.000000,0.000000,0.000000,-0.439037,
1624840966.000000,54031105.000000,0.047255,-0.842286,0.000000,0.000000,0.000000,-0.935785,0.352571,0.065194,0.000000,0.000000,0.000000,0.000000,-0.447656,
1624840966.000000,87031105.000000,0.045724,-0.843611,0.000000,0.000000,0.000000,-0.938219,0.346041,0.061359,0.000000,0.000000,0.000000,0.000000,-0.422384,
1624840966.000000,121031105.000000,0.044059,-0.845012,0.000000,0.000000,0.000000,-0.940684,0.339283,0.064021,0.000000,0.000000,0.000000,0.000000,-0.423137,
1624840966.000000,153031105.000000,0.042411,-0.846357,0.000000,0.000000,0.000000,-0.943347,0.331808,0.066441,0.000000,0.000000,0.000000,0.000000,-0.495993,
1624840966.000000,187031105.000000,0.040784,-0.847645,0.000000,0.000000,0.000000,-0.945490,0.325650,0.061043,0.000000,0.000000,0.000000,0.000000,-0.383510,
1624840966.000000,220031105.000000,0.039040,-0.848989,0.000000,0.000000,0.000000,-0.947843,0.318736,0.066728,0.000000,0.000000,0.000000,0.000000,-0.442642,
1624840966.000000,253031105.000000,0.037316,-0.850276,0.000000,0.000000,0.000000,-0.950200,0.311642,0.065194,0.000000,0.000000,0.000000,0.000000,-0.453039,
1624840966.000000,286031105.000000,0.035614,-0.851508,0.000000,0.000000,0.000000,-0.952401,0.304847,0.063660,0.000000,0.000000,0.000000,0.000000,-0.432925,
1624840966.000000,319031105.000000,0.033832,-0.852758,0.000000,0.000000,0.000000,-0.954755,0.297393,0.065961,0.000000,0.000000,0.000000,0.000000,-0.473694,
1624840966.000000,352031105.000000,0.032052,-0.853966,0.000000,0.000000,0.000000,-0.956957,0.290229,0.065194,0.000000,0.000000,0.000000,0.000000,-0.454267,
1624840966.000000,389517925.000000,0.030276,-0.855135,0.000000,0.000000,0.000000,-0.958863,0.283869,0.064427,0.000000,0.000000,0.000000,0.000000,-0.402357,
1624840966.000000,423517925.000000,0.028420,-0.856320,0.000000,0.000000,0.000000,-0.960971,0.276648,0.064766,0.000000,0.000000,0.000000,0.000000,-0.442526,
1624840966.000000,456517925.000000,0.026525,-0.857490,0.000000,0.000000,0.000000,-0.963035,0.269375,0.067495,0.000000,0.000000,0.000000,0.000000,-0.458168,
1624840966.000000,490517925.000000,0.024743,-0.858554,0.000000,0.000000,0.000000,-0.964959,0.262399,0.061043,0.000000,0.000000,0.000000,0.000000,-0.425675,
1624840966.000000,523517925.000000,0.022858,-0.859643,0.000000,0.000000,0.000000,-0.966862,0.255298,0.065961,0.000000,0.000000,0.000000,0.000000,-0.445583,
1624840966.000000,556517925.000000,0.020979,-0.860691,0.000000,0.000000,0.000000,-0.968759,0.248003,0.065194,0.000000,0.000000,0.000000,0.000000,-0.456824,
1624840966.000000,589517925.000000,0.019107,-0.861699,0.000000,0.000000,0.000000,-0.970510,0.241061,0.064427,0.000000,0.000000,0.000000,0.000000,-0.433878,
1624840966.000000,623517925.000000,0.017131,-0.862726,0.000000,0.000000,0.000000,-0.972300,0.233735,0.065510,0.000000,0.000000,0.000000,0.000000,-0.443641,
1624840966.000000,656517925.000000,0.015207,-0.863690,0.000000,0.000000,0.000000,-0.974023,0.226450,0.065194,0.000000,0.000000,0.000000,0.000000,-0.453660,
1624840966.000000,690517925.000000,0.013338,-0.864592,0.000000,0.000000,0.000000,-0.975589,0.219605,0.061043,0.000000,0.000000,0.000000,0.000000,-0.413053,
1624840966.000000,723517925.000000,0.011388,-0.865500,0.000000,0.000000,0.000000,-0.977136,0.212615,0.065194,0.000000,0.000000,0.000000,0.000000,-0.433900,
1624840966.000000,756517925.000000,0.009494,-0.866349,0.000000,0.000000,0.000000,-0.978666,0.205456,0.062893,0.000000,0.000000,0.000000,0.000000,-0.443726,
1624840966.000000,789517925.000000,0.007564,-0.867180,0.000000,0.000000,0.000000,-0.980092,0.198544,0.063660,0.000000,0.000000,0.000000,0.000000,-0.427730,
1624840966.000000,822517925.000000,0.005600,-0.867993,0.000000,0.000000,0.000000,-0.981483,0.191550,0.064427,0.000000,0.000000,0.000000,0.000000,-0.432145,
1624840966.000000,855517925.000000,0.003647,-0.868768,0.000000,0.000000,0.000000,-0.982964,0.183796,0.063660,0.000000,0.000000,0.000000,0.000000,-0.478463,
1624840966.000000,888517925.000000,0.001684,-0.869515,0.000000,0.000000,0.000000,-0.984037,0.177963,0.063660,0.000000,0.000000,0.000000,0.000000,-0.359441,
1624840966.000000,921517925.000000,-0.000313,-0.870245,0.000000,0.000000,0.000000,-0.985364,0.170462,0.064427,0.000000,0.000000,0.000000,0.000000,-0.461629,
1624840966.000000,954517925.000000,-0.002273,-0.870926,0.000000,0.000000,0.000000,-0.986672,0.162721,0.062893,0.000000,0.000000,0.000000,0.000000,-0.475826,
1624840966.000000,987517925.000000,-0.004243,-0.871581,0.000000,0.000000,0.000000,-0.987619,0.156875,0.062893,0.000000,0.000000,0.000000,0.000000,-0.358936,
1624840967.000000,20517925.000000,-0.006270,-0.872224,0.000000,0.000000,0.000000,-0.988850,0.148916,0.064427,0.000000,0.000000,0.000000,0.000000,-0.488072,
1624840967.000000,53517925.000000,-0.008306,-0.872835,0.000000,0.000000,0.000000,-0.989911,0.141693,0.064427,0.000000,0.000000,0.000000,0.000000,-0.442469,
1624840967.000000,86517925.000000,-0.010278,-0.873396,0.000000,0.000000,0.000000,-0.990885,0.134710,0.062126,0.000000,0.000000,0.000000,0.000000,-0.427311,
1624840967.000000,119517925.000000,-0.012306,-0.873944,0.000000,0.000000,0.000000,-0.991733,0.128316,0.063660,0.000000,0.000000,0.000000,0.000000,-0.390905,
1624840967.000000,153517925.000000,-0.014415,-0.874482,0.000000,0.000000,0.000000,-0.992672,0.120841,0.064021,0.000000,0.000000,0.000000,0.000000,-0.443192,
1624840967.000000,186517925.000000,-0.016458,-0.874971,0.000000,0.000000,0.000000,-0.993566,0.113254,0.063660,0.000000,0.000000,0.000000,0.000000,-0.463002,
1624840967.000000,219517925.000000,-0.018533,-0.875436,0.000000,0.000000,0.000000,-0.994276,0.106841,0.064427,0.000000,0.000000,0.000000,0.000000,-0.391021,
1624840967.000000,252517925.000000,-0.020614,-0.875871,0.000000,0.000000,0.000000,-0.995085,0.099025,0.064427,0.000000,0.000000,0.000000,0.000000,-0.476216,
1624840967.000000,285517925.000000,-0.022701,-0.876276,0.000000,0.000000,0.000000,-0.995721,0.092407,0.064427,0.000000,0.000000,0.000000,0.000000,-0.402942,
1624840967.000000,318517925.000000,-0.024744,-0.876644,0.000000,0.000000,0.000000,-0.996334,0.085546,0.062893,0.000000,0.000000,0.000000,0.000000,-0.417507,
1624840967.000000,351517925.000000,-0.026866,-0.876994,0.000000,0.000000,0.000000,-0.996977,0.077699,0.065194,0.000000,0.000000,0.000000,0.000000,-0.477162,
1624840967.000000,384517925.000000,-0.028944,-0.877306,0.000000,0.000000,0.000000,-0.997469,0.071096,0.063660,0.000000,0.000000,0.000000,0.000000,-0.401273,
1624840967.000000,417517925.000000,-0.031001,-0.877585,0.000000,0.000000,0.000000,-0.997967,0.063737,0.062893,0.000000,0.000000,0.000000,0.000000,-0.447013,
1624840967.000000,450517925.000000,-0.033136,-0.877843,0.000000,0.000000,0.000000,-0.998406,0.056445,0.065194,0.000000,0.000000,0.000000,0.000000,-0.442772,
1624840967.000000,483517925.000000,-0.035200,-0.878064,0.000000,0.000000,0.000000,-0.998753,0.049930,0.062893,0.000000,0.000000,0.000000,0.000000,-0.395414,
1624840967.000000,516517925.000000,-0.037242,-0.878253,0.000000,0.000000,0.000000,-0.999093,0.042578,0.062126,0.000000,0.000000,0.000000,0.000000,-0.446023,
1624840967.000000,549517925.000000,-0.039386,-0.878422,0.000000,0.000000,0.000000,-0.999355,0.035910,0.065194,0.000000,0.000000,0.000000,0.000000,-0.404452,
1624840967.000000,583517925.000000,-0.041508,-0.878559,0.000000,0.000000,0.000000,-0.999594,0.028496,0.062532,0.000000,0.000000,0.000000,0.000000,-0.436320,
1624840967.000000,616517925.000000,-0.043581,-0.878663,0.000000,0.000000,0.000000,-0.999766,0.021655,0.062893,0.000000,0.000000,0.000000,0.000000,-0.414769,
1624840967.000000,649517925.000000,-0.045731,-0.878739,0.000000,0.000000,0.000000,-0.999905,0.013818,0.065194,0.000000,0.000000,0.000000,0.000000,-0.475024,
1624840967.000000,682517925.000000,-0.047831,-0.878782,0.000000,0.000000,0.000000,-0.999979,0.006500,0.063660,0.000000,0.000000,0.000000,0.000000,-0.443516,
1624840967.000000,715517925.000000,-0.049881,-0.878794,0.000000,0.000000,0.000000,-1.000000,-0.000416,0.062126,0.000000,0.000000,0.000000,0.000000,-0.419162,
1624840967.000000,749517925.000000,-0.052083,-0.878776,0.000000,0.000000,0.000000,-0.999970,-0.007778,0.064766,0.000000,0.000000,0.000000,0.000000,-0.433066,
1624840967.000000,782517925.000000,-0.054234,-0.878728,0.000000,0.000000,0.000000,-0.999893,-0.014614,0.065194,0.000000,0.000000,0.000000,0.000000,-0.414343,
1624840967.000000,815517925.000000,-0.056283,-0.878653,0.000000,0.000000,0.000000,-0.999755,-0.022119,0.062126,0.000000,0.000000,0.000000,0.000000,-0.454932,
1624840967.000000,848517925.000000,-0.058457,-0.878543,0.000000,0.000000,0.000000,-0.999599,-0.028325,0.065961,0.000000,0.000000,0.000000,0.000000,-0.376239,
1624840967.000000,881517925.000000,-0.060579,-0.878405,0.000000,0.000000,0.000000,-0.999340,-0.036334,0.064427,0.000000,0.000000,0.000000,0.000000,-0.485637,
1624840967.000000,914517925.000000,-0.062698,-0.878235,0.000000,0.000000,0.000000,-0.999034,-0.043941,0.064427,0.000000,0.000000,0.000000,0.000000,-0.461419,
