1624840949.625335,0.000000,0.568467,-0.497867,0.196383,
1624840949.629498,0.000000,0.568474,-0.497871,0.196383,
1624840949.633669,0.000000,0.568471,-0.497883,0.196403,
1624840949.637833,0.000000,0.568463,-0.497869,0.196383,
1624840949.642007,0.000000,0.568478,-0.497886,0.196398,
1624840949.646173,0.000000,0.568478,-0.497872,0.196385,
1624840949.650344,0.000000,0.568481,-0.497880,0.196388,
1624840949.654500,0.000000,0.568488,-0.497886,0.196399,
1624840949.658670,0.000000,0.568478,-0.497875,0.196396,
1624840949.662835,0.000000,0.568471,-0.497867,0.196386,
1624840949.667000,0.000000,0.568468,-0.497870,0.196390,
1624840949.671183,0.000000,0.568463,-0.497877,0.196393,
1624840949.675335,0.000000,0.568476,-0.497873,0.196379,
1624840949.679513,0.000000,0.568474,-0.497875,0.196382,
1624840949.683667,0.000000,0.568481,-0.497875,0.196383,
1624840949.687834,0.000000,0.568473,-0.497865,0.196385,
1624840949.692004,0.000000,0.568482,-0.497864,0.196382,
1624840949.696175,0.000000,0.568477,-0.497869,0.196399,
1624840949.700337,0.000000,0.568477,-0.497879,0.196400,
1624840949.704509,0.000000,0.568472,-0.497892,0.196414,
1624840949.708667,0.000000,0.568472,-0.497866,0.196383,
1624840949.712836,0.000000,0.568470,-0.497870,0.196386,
1624840949.717039,0.000000,0.568469,-0.497865,0.196376,
1624840949.721132,0.000000,0.568482,-0.497868,0.196389,
1624840949.725303,0.000000,0.568475,-0.497864,0.196384,
1624840949.729469,0.000000,0.568482,-0.497888,0.196410,
1624840949.733634,0.000000,0.568491,-0.497879,0.196394,
1624840949.737798,0.000000,0.568476,-0.497857,0.196375,
1624840949.741981,0.000000,0.568473,-0.497873,0.196392,
1624840949.746138,0.000000,0.568481,-0.497885,0.196414,
1624840949.750302,0.000000,0.568471,-0.497867,0.196391,
1624840949.754465,0.000000,0.568480,-0.497874,0.196390,
1624840949.758634,0.000000,0.568480,-0.497872,0.196386,
1624840949.762811,0.000000,0.568476,-0.497874,0.196387,
1624840949.766966,0.000000,0.568475,-0.497877,0.196383,
1624840960.400393,0.000000,0.568471,-0.497871,0.196385,
1624840960.404576,0.000000,0.568473,-0.497866,0.196381,
1624840960.408739,0.000000,0.568480,-0.497873,0.196388,
1624840960.412896,0.000000,0.568476,-0.497860,0.196373,
1624840960.417068,0.000000,0.568479,-0.497858,0.196376,
1624840960.421223,0.000000,0.568485,-0.497870,0.196386,
1624840960.425389,0.000000,0.568478,-0.497872,0.196384,
1624840960.429570,0.000000,0.568469,-0.497862,0.196373,
1624840960.433737,0.000000,0.568482,-0.497879,0.196393,
1624840960.437901,0.000000,0.568478,-0.497874,0.196389,
1624840960.500420,0.000000,0.570470,-0.498235,0.196323,
1624840960.504574,0.000000,0.570989,-0.498305,0.196282,
1624840960.508756,0.000000,0.571482,-0.498360,0.196228,
1624840960.512879,0.000000,0.572017,-0.498416,0.196175,
1624840960.517039,0.000000,0.572579,-0.498519,0.196168,
1624840960.521202,0.000000,0.573162,-0.498574,0.196167,
1624840960.525377,0.000000,0.573712,-0.498585,0.196097,
1624840960.529552,0.000000,0.574285,-0.498648,0.196080,
1624840960.533716,0.000000,0.574882,-0.498685,0.195984,
1624840960.537874,0.000000,0.575497,-0.498726,0.195923,
1624840960.600389,0.000000,0.583097,-0.500164,0.196197,
1624840960.604566,0.000000,0.583698,-0.500281,0.196198,
1624840960.608731,0.000000,0.584326,-0.500356,0.196114,
1624840960.612908,0.000000,0.584913,-0.500426,0.196049,
1624840960.617050,0.000000,0.585500,-0.500538,0.196096,
1624840960.621205,0.000000,0.586114,-0.500545,0.196025,
1624840960.625482,0.000000,0.586658,-0.500619,0.195989,
1624840960.629564,0.000000,0.587169,-0.500739,0.195980,
1624840960.633730,0.000000,0.587820,-0.500712,0.195910,
1624840960.637897,0.000000,0.588435,-0.500778,0.195767,
1624840960.700398,0.000000,0.596514,-0.502805,0.196106,
1624840960.704573,0.000000,0.597102,-0.502892,0.196048,
1624840960.708741,0.000000,0.597657,-0.502980,0.196047,
1624840960.712905,0.000000,0.598292,-0.503127,0.196022,
1624840960.717069,0.000000,0.598905,-0.503198,0.196020,
1624840960.721238,0.000000,0.599488,-0.503294,0.195912,
1624840960.725405,0.000000,0.600084,-0.503418,0.195950,
1624840960.729577,0.000000,0.600675,-0.503516,0.195879,
1624840960.733737,0.000000,0.601250,-0.503615,0.195806,
1624840960.737922,0.000000,0.601775,-0.503766,0.195777,
1624840960.800409,0.000000,0.609611,-0.505998,0.195971,
1624840960.804584,0.000000,0.610278,-0.506107,0.196036,
1624840960.808751,0.000000,0.610857,-0.506218,0.195990,
1624840960.812901,0.000000,0.611396,-0.506394,0.195930,
1624840960.817084,0.000000,0.612131,-0.506488,0.195769,
1624840960.821244,0.000000,0.612704,-0.506589,0.195640,
1624840960.825412,0.000000,0.613229,-0.506745,0.195575,
1624840960.829576,0.000000,0.613817,-0.506814,0.195446,
1624840960.833744,0.000000,0.614425,-0.506944,0.195403,
1624840960.837912,0.000000,0.615087,-0.507105,0.195585,
1624840960.900390,0.000000,0.622680,-0.509634,0.195836,
1624840960.904554,0.000000,0.623173,-0.509839,0.195841,
1624840960.908721,0.000000,0.623779,-0.509940,0.195843,
1624840960.912888,0.000000,0.624530,-0.510065,0.195802,
1624840960.917060,0.000000,0.625060,-0.510258,0.195757,
1624840960.921222,0.000000,0.625640,-0.510402,0.195694,
1624840960.925396,0.000000,0.626202,-0.510517,0.195550,
1624840960.929568,0.000000,0.626816,-0.510665,0.195527,
1624840960.933726,0.000000,0.627431,-0.510838,0.195473,
1624840960.937893,0.000000,0.628007,-0.510958,0.195419,
1624840961.000394,0.000000,0.635429,-0.513968,0.195681,
1624840961.004550,0.000000,0.635978,-0.514166,0.195743,
1624840961.008902,0.000000,0.636548,-0.514362,0.195744,
1624840961.012907,0.000000,0.637092,-0.514638,0.195822,
1624840961.017064,0.000000,0.637672,-0.514795,0.195762,
1624840961.021233,0.000000,0.638307,-0.514956,0.195621,
1624840961.025404,0.000000,0.638911,-0.515114,0.195594,
1624840961.029569,0.000000,0.639482,-0.515294,0.195552,
1624840961.033733,0.000000,0.640029,-0.515472,0.195504,
1624840961.037897,0.000000,0.640544,-0.515622,0.195498,
1624840961.100406,0.000000,0.647806,-0.518812,0.195846,
1624840961.104572,0.000000,0.648316,-0.519027,0.195839,
1624840961.108759,0.000000,0.648848,-0.519271,0.195884,
1624840961.112912,0.000000,0.649439,-0.519449,0.195797,
1624840961.117078,0.000000,0.650014,-0.519640,0.195753,
1624840961.121220,0.000000,0.650576,-0.519863,0.195722,
1624840961.125400,0.000000,0.651157,-0.520084,0.195642,
1624840961.129568,0.000000,0.651726,-0.520304,0.195628,
1624840961.133736,0.000000,0.652299,-0.520541,0.195595,
1624840961.137985,0.000000,0.652902,-0.520789,0.195523,
1624840961.200398,0.000000,0.660196,-0.524200,0.195855,
1624840961.204565,0.000000,0.660763,-0.524423,0.195838,
1624840961.208749,0.000000,0.661309,-0.524654,0.195782,
1624840961.212886,0.000000,0.661873,-0.524930,0.195757,
1624840961.217044,0.000000,0.662416,-0.525179,0.195786,
1624840961.221208,0.000000,0.663013,-0.525447,0.195764,
1624840961.225391,0.000000,0.663688,-0.525662,0.195680,
1624840961.229552,0.000000,0.664191,-0.526022,0.195728,
1624840961.233716,0.000000,0.664759,-0.526254,0.195625,
1624840961.237889,0.000000,0.665348,-0.526528,0.195599,
1624840961.300391,0.000000,0.672514,-0.530312,0.195811,
1624840961.304559,0.000000,0.673011,-0.530595,0.195818,
1624840961.308730,0.000000,0.673534,-0.530871,0.195820,
1624840961.312894,0.000000,0.674070,-0.531129,0.195783,
1624840961.317060,0.000000,0.674626,-0.531368,0.195720,
1624840961.321216,0.000000,0.675296,-0.531577,0.195663,
1624840961.325400,0.000000,0.675761,-0.531870,0.195626,
1624840961.329560,0.000000,0.676347,-0.532162,0.195597,
1624840961.333735,0.000000,0.676894,-0.532398,0.195520,
1624840961.337891,0.000000,0.677430,-0.532672,0.195485,
1624840961.400403,0.000000,0.684626,-0.536970,0.195830,
1624840961.404572,0.000000,0.685133,-0.537258,0.195822,
1624840961.408744,0.000000,0.685633,-0.537590,0.195857,
1624840961.412900,0.000000,0.686210,-0.537886,0.195795,
1624840961.417064,0.000000,0.686731,-0.538156,0.195765,
1624840961.421228,0.000000,0.687265,-0.538435,0.195717,
1624840961.425398,0.000000,0.687839,-0.538709,0.195671,
1624840961.429575,0.000000,0.688434,-0.538964,0.195549,
1624840961.433748,0.000000,0.688975,-0.539332,0.195558,
1624840961.437907,0.000000,0.689524,-0.539623,0.195488,
1624840961.500394,0.000000,0.696441,-0.544176,0.195793,
1624840961.504560,0.000000,0.696961,-0.544497,0.195729,
1624840961.508726,0.000000,0.697485,-0.544801,0.195725,
1624840961.512899,0.000000,0.698069,-0.545094,0.195672,
1624840961.517069,0.000000,0.698550,-0.545397,0.195638,
1624840961.521330,0.000000,0.699067,-0.545704,0.195606,
1624840961.525419,0.000000,0.699602,-0.546017,0.195548,
1624840961.529568,0.000000,0.700200,-0.546333,0.195499,
1624840961.533745,0.000000,0.700750,-0.546635,0.195408,
1624840961.537905,0.000000,0.701225,-0.546964,0.195442,
1624840961.600425,0.000000,0.708163,-0.551932,0.195686,
1624840961.604567,0.000000,0.708582,-0.552304,0.195718,
1624840961.608729,0.000000,0.709130,-0.552644,0.195668,
1624840961.612896,0.000000,0.709599,-0.552991,0.195651,
1624840961.617058,0.000000,0.710211,-0.553315,0.195546,
1624840961.621217,0.000000,0.710697,-0.553627,0.195508,
1624840961.625408,0.000000,0.711183,-0.553960,0.195465,
1624840961.629565,0.000000,0.711670,-0.554271,0.195496,
1624840961.633731,0.000000,0.712136,-0.554549,0.195434,
1624840961.637888,0.000000,0.712814,-0.554906,0.195338,
1624840961.700394,0.000000,0.719393,-0.560233,0.195645,
1624840961.704550,0.000000,0.719809,-0.560549,0.195617,
1624840961.708721,0.000000,0.720276,-0.560935,0.195636,
1624840961.712886,0.000000,0.720724,-0.561263,0.195588,
1624840961.717055,0.000000,0.721218,-0.561620,0.195529,
1624840961.721206,0.000000,0.721804,-0.561950,0.195427,
1624840961.725382,0.000000,0.722333,-0.562276,0.195307,
1624840961.729555,0.000000,0.722838,-0.562602,0.195224,
1624840961.733723,0.000000,0.723328,-0.562960,0.195179,
1624840961.737884,0.000000,0.723807,-0.563334,0.195179,
1624840961.800397,0.000000,0.730054,-0.568780,0.195571,
1624840961.804555,0.000000,0.730463,-0.569173,0.195587,
1624840961.808721,0.000000,0.730926,-0.569529,0.195557,
1624840961.812888,0.000000,0.731390,-0.569905,0.195532,
1624840961.817051,0.000000,0.731873,-0.570256,0.195454,
1624840961.821219,0.000000,0.732375,-0.570644,0.195423,
1624840961.825406,0.000000,0.732814,-0.570993,0.195362,
1624840961.829555,0.000000,0.733293,-0.571342,0.195284,
1624840961.833747,0.000000,0.733759,-0.571714,0.195213,
1624840961.837908,0.000000,0.734272,-0.572080,0.195138,
1624840961.900410,0.000000,0.740493,-0.577845,0.195403,
1624840961.904570,0.000000,0.740965,-0.578259,0.195371,
1624840961.908825,0.000000,0.741279,-0.578607,0.195420,
1624840961.912892,0.000000,0.741702,-0.578949,0.195322,
1624840961.917052,0.000000,0.742164,-0.579362,0.195295,
1624840961.921221,0.000000,0.742662,-0.579740,0.195220,
1624840961.925408,0.000000,0.743194,-0.580101,0.195091,
1624840961.929574,0.000000,0.743661,-0.580511,0.195093,
1624840961.933727,0.000000,0.744098,-0.580881,0.195037,
1624840961.937903,0.000000,0.744549,-0.581250,0.194996,
1624840962.000383,0.000000,0.750387,-0.587222,0.195145,
1624840962.004549,0.000000,0.750747,-0.587568,0.195133,
1624840962.008712,0.000000,0.751122,-0.588044,0.195135,
1624840962.012868,0.000000,0.751545,-0.588463,0.195084,
1624840962.017044,0.000000,0.752035,-0.588882,0.194999,
1624840962.021204,0.000000,0.752433,-0.589297,0.194986,
1624840962.025382,0.000000,0.752802,-0.589672,0.194957,
1624840962.029550,0.000000,0.753303,-0.590101,0.194896,
1624840962.033793,0.000000,0.753741,-0.590485,0.194854,
1624840962.037876,0.000000,0.754202,-0.590915,0.194782,
1624840962.100416,0.000000,0.759714,-0.597102,0.195053,
1624840962.104528,0.000000,0.760143,-0.597553,0.195048,
1624840962.108781,0.000000,0.760441,-0.597958,0.195081,
1624840962.112856,0.000000,0.760848,-0.598366,0.195062,
1624840962.117032,0.000000,0.761312,-0.598806,0.194982,
1624840962.121194,0.000000,0.761774,-0.599219,0.194953,
1624840962.125365,0.000000,0.762191,-0.599653,0.194896,
1624840962.129534,0.000000,0.762579,-0.600079,0.194861,
1624840962.133690,0.000000,0.762998,-0.600497,0.194808,
1624840962.137860,0.000000,0.763413,-0.600954,0.194757,
1624840962.200392,0.000000,0.768640,-0.607271,0.194833,
1624840962.204556,0.000000,0.769058,-0.607718,0.194785,
1624840962.208725,0.000000,0.769523,-0.608148,0.194754,
1624840962.212888,0.000000,0.769886,-0.608570,0.194748,
1624840962.217052,0.000000,0.770221,-0.609010,0.194770,
1624840962.221226,0.000000,0.770539,-0.609448,0.194777,
1624840962.225397,0.000000,0.770909,-0.609894,0.194773,
1624840962.229552,0.000000,0.771343,-0.610357,0.194721,
1624840962.233718,0.000000,0.771814,-0.610833,0.194621,
1624840962.237891,0.000000,0.772201,-0.611297,0.194634,
1624840962.300390,0.000000,0.777266,-0.617810,0.194629,
1624840962.304554,0.000000,0.777576,-0.618227,0.194614,
1624840962.308724,0.000000,0.777861,-0.618607,0.194620,
1624840962.312889,0.000000,0.778192,-0.619076,0.194622,
1624840962.317060,0.000000,0.778594,-0.619562,0.194596,
1624840962.321221,0.000000,0.778954,-0.620060,0.194571,
1624840962.325387,0.000000,0.779426,-0.620509,0.194473,
1624840962.329551,0.000000,0.779754,-0.620987,0.194446,
1624840962.333728,0.000000,0.780163,-0.621487,0.194408,
1624840962.337889,0.000000,0.780530,-0.621917,0.194337,
1624840962.400371,0.000000,0.785473,-0.628858,0.194579,
1624840962.404521,0.000000,0.785765,-0.629286,0.194571,
1624840962.408695,0.000000,0.786072,-0.629704,0.194543,
1624840962.412857,0.000000,0.786329,-0.630130,0.194566,
1624840962.417027,0.000000,0.786644,-0.630564,0.194513,
1624840962.421275,0.000000,0.786949,-0.631033,0.194479,
1624840962.425359,0.000000,0.787348,-0.631511,0.194396,
1624840962.429522,0.000000,0.787711,-0.632040,0.194351,
1624840962.433689,0.000000,0.788107,-0.632526,0.194287,
1624840962.437856,0.000000,0.788426,-0.633052,0.194271,
1624840962.500392,0.000000,0.792922,-0.639961,0.194590,
1624840962.504566,0.000000,0.793195,-0.640406,0.194597,
1624840962.508729,0.000000,0.793439,-0.640827,0.194506,
1624840962.512885,0.000000,0.793682,-0.641251,0.194550,
1624840962.517051,0.000000,0.793971,-0.641784,0.194565,
1624840962.521221,0.000000,0.794274,-0.642296,0.194557,
1624840962.525397,0.000000,0.794548,-0.642836,0.194668,
1624840962.529552,0.000000,0.795011,-0.643606,0.194739,
1624840962.533730,0.000000,0.795325,-0.644042,0.194727,
1624840962.537891,0.000000,0.795669,-0.644563,0.194663,
1624840962.600377,0.000000,0.799959,-0.651652,0.194075,
1624840962.604542,0.000000,0.800200,-0.652085,0.194087,
1624840962.608718,0.000000,0.800402,-0.652538,0.194113,
1624840962.612880,0.000000,0.800728,-0.653000,0.194070,
1624840962.617049,0.000000,0.800974,-0.653506,0.194080,
1624840962.621207,0.000000,0.801283,-0.653926,0.194072,
1624840962.625368,0.000000,0.801579,-0.654503,0.194114,
1624840962.629531,0.000000,0.801900,-0.654997,0.193976,
1624840962.633707,0.000000,0.802208,-0.655471,0.194091,
1624840962.637883,0.000000,0.802514,-0.655982,0.194052,
1624840962.700390,0.000000,0.806288,-0.663391,0.194415,
1624840962.704552,0.000000,0.806511,-0.663873,0.194446,
1624840962.708710,0.000000,0.806709,-0.664361,0.194543,
1624840962.712868,0.000000,0.806963,-0.664797,0.194549,
1624840962.717048,0.000000,0.807218,-0.665275,0.194461,
1624840962.721226,0.000000,0.807449,-0.665773,0.194508,
1624840962.725379,0.000000,0.807702,-0.666291,0.194534,
1624840962.729543,0.000000,0.808013,-0.666857,0.194493,
1624840962.733723,0.000000,0.808317,-0.667383,0.194420,
1624840962.737881,0.000000,0.808606,-0.667879,0.194314,
1624840962.800373,0.000000,0.812251,-0.675562,0.194319,
1624840962.804661,0.000000,0.812472,-0.676071,0.194346,
1624840962.808700,0.000000,0.812620,-0.676543,0.194363,
1624840962.812866,0.000000,0.812831,-0.677002,0.194381,
1624840962.817034,0.000000,0.813041,-0.677505,0.194408,
1624840962.821192,0.000000,0.813263,-0.678022,0.194425,
1624840962.825370,0.000000,0.813495,-0.678530,0.194400,
1624840962.829533,0.000000,0.813828,-0.679079,0.194317,
1624840962.833695,0.000000,0.814058,-0.679638,0.194365,
1624840962.837866,0.000000,0.814325,-0.680185,0.194296,
1624840962.892045,0.000000,0.817415,-0.687111,0.194264,
1624840962.896209,0.000000,0.817576,-0.687548,0.194334,
1624840962.900374,0.000000,0.817748,-0.688016,0.194355,
1624840962.904559,0.000000,0.817905,-0.688526,0.194369,
1624840962.908711,0.000000,0.818099,-0.689044,0.194359,
1624840962.912873,0.000000,0.818282,-0.689580,0.194378,
1624840962.917046,0.000000,0.818476,-0.690092,0.194362,
1624840962.921214,0.000000,0.818707,-0.690626,0.194380,
1624840962.925404,0.000000,0.818907,-0.691134,0.194296,
1624840962.929552,0.000000,0.819121,-0.691699,0.194302,
1624840963.000381,0.000000,0.822744,-0.700856,0.194214,
1624840963.004542,0.000000,0.822866,-0.701359,0.194231,
1624840963.008709,0.000000,0.823020,-0.701872,0.194184,
1624840963.012873,0.000000,0.823242,-0.702383,0.194137,
1624840963.017037,0.000000,0.823342,-0.702950,0.194153,
1624840963.021214,0.000000,0.823583,-0.703495,0.194118,
1624840963.025379,0.000000,0.823784,-0.704039,0.194103,
1624840963.029551,0.000000,0.823996,-0.704624,0.194101,
1624840963.033730,0.000000,0.824228,-0.705193,0.194033,
1624840963.037861,0.000000,0.824433,-0.705774,0.194020,
1624840963.100372,0.000000,0.827178,-0.714017,0.194048,
1624840963.104541,0.000000,0.827255,-0.714585,0.194155,
1624840963.108751,0.000000,0.827390,-0.715130,0.194196,
1624840963.112874,0.000000,0.827568,-0.715608,0.194189,
1624840963.117058,0.000000,0.827689,-0.716174,0.194212,
1624840963.121205,0.000000,0.827859,-0.716683,0.194215,
1624840963.125377,0.000000,0.828018,-0.717260,0.194205,
1624840963.129543,0.000000,0.828301,-0.717797,0.194112,
1624840963.133696,0.000000,0.828501,-0.718358,0.194074,
1624840963.137865,0.000000,0.828720,-0.718876,0.194030,
1624840963.200368,0.000000,0.831024,-0.727493,0.193802,
1624840963.204540,0.000000,0.831137,-0.728026,0.193819,
1624840963.208706,0.000000,0.831244,-0.728561,0.193863,
1624840963.212868,0.000000,0.831353,-0.729130,0.193904,
1624840963.217032,0.000000,0.831471,-0.729712,0.193959,
1624840963.221207,0.000000,0.831620,-0.730242,0.193968,
1624840963.225369,0.000000,0.831790,-0.730738,0.194049,
1624840963.229543,0.000000,0.831977,-0.731334,0.194001,
1624840963.233704,0.000000,0.832170,-0.731986,0.193815,
1624840963.237871,0.000000,0.832393,-0.732500,0.193714,
1624840963.300377,0.000000,0.834314,-0.741010,0.193782,
1624840963.304546,0.000000,0.834417,-0.741519,0.193818,
1624840963.308702,0.000000,0.834492,-0.742091,0.193808,
1624840963.312881,0.000000,0.834639,-0.742689,0.193811,
1624840963.317348,0.000000,0.834744,-0.743265,0.193805,
1624840963.321210,0.000000,0.834847,-0.743843,0.193579,
1624840963.325386,0.000000,0.834935,-0.744355,0.193578,
1624840963.329536,0.000000,0.835041,-0.744965,0.193609,
1624840963.333735,0.000000,0.835200,-0.745564,0.193572,
1624840963.337872,0.000000,0.835369,-0.746131,0.193494,
1624840963.400370,0.000000,0.836923,-0.754647,0.193487,
1624840963.404542,0.000000,0.836995,-0.755161,0.193490,
1624840963.408700,0.000000,0.837063,-0.755683,0.193482,
1624840963.412875,0.000000,0.837174,-0.756117,0.193468,
1624840963.417034,0.000000,0.837256,-0.756667,0.193458,
1624840963.421201,0.000000,0.837356,-0.757234,0.193434,
1624840963.425363,0.000000,0.837452,-0.757825,0.193421,
1624840963.429539,0.000000,0.837545,-0.758477,0.193451,
1624840963.433706,0.000000,0.837684,-0.759078,0.193365,
1624840963.437859,0.000000,0.837790,-0.759664,0.193288,
1624840963.500368,0.000000,0.839019,-0.767934,0.193704,
1624840963.504538,0.000000,0.839127,-0.768498,0.193670,
1624840963.508705,0.000000,0.839059,-0.769077,0.193758,
1624840963.512855,0.000000,0.839189,-0.769579,0.193616,
1624840963.517030,0.000000,0.839240,-0.770170,0.193430,
1624840963.521190,0.000000,0.839333,-0.770576,0.193577,
1624840963.525367,0.000000,0.839381,-0.771168,0.193392,
1624840963.529544,0.000000,0.839496,-0.771613,0.193391,
1624840963.533708,0.000000,0.839533,-0.772312,0.193395,
1624840963.537875,0.000000,0.839605,-0.773070,0.193283,
1624840963.600408,0.000000,0.840594,-0.781523,0.193080,
1624840963.604575,0.000000,0.840593,-0.782084,0.193066,
1624840963.608753,0.000000,0.840595,-0.782598,0.193131,
1624840963.612911,0.000000,0.840618,-0.783121,0.193145,
1624840963.617079,0.000000,0.840626,-0.783465,0.193218,
1624840963.621236,0.000000,0.840650,-0.784033,0.193218,
1624840963.625409,0.000000,0.840633,-0.784660,0.193221,
1624840963.629578,0.000000,0.840770,-0.785221,0.193325,
1624840963.633739,0.000000,0.840892,-0.785763,0.193263,
1624840963.637900,0.000000,0.840974,-0.786353,0.193206,
1624840963.700412,0.000000,0.841542,-0.795204,0.192833,
1624840963.704643,0.000000,0.841461,-0.795566,0.193015,
1624840963.708741,0.000000,0.841467,-0.796058,0.193011,
1624840963.712892,0.000000,0.841496,-0.796731,0.192867,
1624840963.717062,0.000000,0.841496,-0.797228,0.192870,
1624840963.721225,0.000000,0.841504,-0.797754,0.192863,
1624840963.725402,0.000000,0.841508,-0.798141,0.192912,
1624840963.729566,0.000000,0.841501,-0.798753,0.192909,
1624840963.733735,0.000000,0.841511,-0.799351,0.192890,
1624840963.737890,0.000000,0.841708,-0.799896,0.192957,
1624840963.800412,0.000000,0.841908,-0.808611,0.192557,
1624840963.804569,0.000000,0.841899,-0.809116,0.192593,
1624840963.808732,0.000000,0.841889,-0.809840,0.192543,
1624840963.812899,0.000000,0.841831,-0.810350,0.192653,
1624840963.817067,0.000000,0.841808,-0.810828,0.192670,
1624840963.821240,0.000000,0.841798,-0.811369,0.192663,
1624840963.825400,0.000000,0.841824,-0.811848,0.192631,
1624840963.829569,0.000000,0.841930,-0.812233,0.192755,
1624840963.833822,0.000000,0.841784,-0.813072,0.192532,
1624840963.837910,0.000000,0.841759,-0.813499,0.192620,
1624840963.900412,0.000000,0.841515,-0.822481,0.192289,
1624840963.904572,0.000000,0.841496,-0.823002,0.192315,
1624840963.908741,0.000000,0.841447,-0.823482,0.192345,
1624840963.912897,0.000000,0.841393,-0.823980,0.192446,
1624840963.917074,0.000000,0.841324,-0.824520,0.192448,
1624840963.921235,0.000000,0.841280,-0.825068,0.192439,
1624840963.925408,0.000000,0.841244,-0.825596,0.192424,
1624840963.929571,0.000000,0.841249,-0.826115,0.192300,
1624840963.933729,0.000000,0.841241,-0.826669,0.192242,
1624840963.937904,0.000000,0.841185,-0.827246,0.192242,
1624840964.000397,0.000000,0.840759,-0.836072,0.191967,
1624840964.004556,0.000000,0.840682,-0.836563,0.192019,
1624840964.008723,0.000000,0.840579,-0.837053,0.192046,
1624840964.012893,0.000000,0.840501,-0.837566,0.192034,
1624840964.017058,0.000000,0.840408,-0.838068,0.192061,
1624840964.021211,0.000000,0.840351,-0.838579,0.192050,
1624840964.025395,0.000000,0.840300,-0.839103,0.192060,
1624840964.029556,0.000000,0.840260,-0.839627,0.192042,
1624840964.033885,0.000000,0.840209,-0.840167,0.192044,
1624840964.037892,0.000000,0.840174,-0.840730,0.192096,
1624840964.100397,0.000000,0.839211,-0.849626,0.191823,
1624840964.104572,0.000000,0.839126,-0.850095,0.191855,
1624840964.108728,0.000000,0.839072,-0.850594,0.191869,
1624840964.112918,0.000000,0.838971,-0.851058,0.191903,
1624840964.117085,0.000000,0.838812,-0.851544,0.191963,
1624840964.121233,0.000000,0.838751,-0.852053,0.191987,
1624840964.125403,0.000000,0.838621,-0.852595,0.191965,
1624840964.129575,0.000000,0.838569,-0.853138,0.191929,
1624840964.133736,0.000000,0.838543,-0.853645,0.191915,
1624840964.137899,0.000000,0.838403,-0.854249,0.191903,
1624840964.200403,0.000000,0.837050,-0.863088,0.191814,
1624840964.204557,0.000000,0.836975,-0.863565,0.191847,
1624840964.208728,0.000000,0.836863,-0.864051,0.191870,
1624840964.212893,0.000000,0.836773,-0.864537,0.191903,
1624840964.217154,0.000000,0.836627,-0.865025,0.192260,
1624840964.221238,0.000000,0.836501,-0.865508,0.192321,
1624840964.225395,0.000000,0.836396,-0.865976,0.192327,
1624840964.229567,0.000000,0.836267,-0.866464,0.192069,
1624840964.233734,0.000000,0.836205,-0.866968,0.192374,
1624840964.237884,0.000000,0.836095,-0.867513,0.191996,
1624840964.300400,0.000000,0.834573,-0.876395,0.191677,
1624840964.304559,0.000000,0.834440,-0.876900,0.191682,
1624840964.308743,0.000000,0.834255,-0.877402,0.191763,
1624840964.312878,0.000000,0.834102,-0.877606,0.192156,
1624840964.317233,0.000000,0.833960,-0.878394,0.191844,
1624840964.321235,0.000000,0.833793,-0.878889,0.191878,
1624840964.325398,0.000000,0.833521,-0.879222,0.191735,
1624840964.329569,0.000000,0.833369,-0.879715,0.191745,
1624840964.333742,0.000000,0.833450,-0.880120,0.191689,
1624840964.337889,0.000000,0.833114,-0.880792,0.191777,
1624840964.400378,0.000000,0.830979,-0.889487,0.191548,
1624840964.404535,0.000000,0.830996,-0.889842,0.191547,
1624840964.408692,0.000000,0.830866,-0.890325,0.191551,
1624840964.412855,0.000000,0.830702,-0.890793,0.191598,
1624840964.417039,0.000000,0.830434,-0.891242,0.192018,
1624840964.421201,0.000000,0.830234,-0.891716,0.192113,
1624840964.425376,0.000000,0.830232,-0.892160,0.191720,
1624840964.429543,0.000000,0.830094,-0.892648,0.191714,
1624840964.433704,0.000000,0.829931,-0.893164,0.191726,
1624840964.437865,0.000000,0.829720,-0.893708,0.191808,
1624840964.500398,0.000000,0.827207,-0.902459,0.191849,
1624840964.504570,0.000000,0.827122,-0.902959,0.191608,
1624840964.508730,0.000000,0.826754,-0.903552,0.191669,
1624840964.512910,0.000000,0.826738,-0.903895,0.191677,
1624840964.517093,0.000000,0.826519,-0.904344,0.191791,
1624840964.521231,0.000000,0.826308,-0.904842,0.191851,
1624840964.525395,0.000000,0.825953,-0.905423,0.191890,
1624840964.529571,0.000000,0.825796,-0.905937,0.191851,
1624840964.533739,0.000000,0.825644,-0.906432,0.191860,
1624840964.537901,0.000000,0.825670,-0.906827,0.191802,
1624840964.600479,0.000000,0.822826,-0.915437,0.191417,
1624840964.604558,0.000000,0.822622,-0.915920,0.191474,
1624840964.608724,0.000000,0.822428,-0.916412,0.191489,
1624840964.612888,0.000000,0.822247,-0.916865,0.191498,
1624840964.617057,0.000000,0.822049,-0.917347,0.191541,
1624840964.621218,0.000000,0.821836,-0.917823,0.191565,
1624840964.625391,0.000000,0.821617,-0.918317,0.191598,
1624840964.629562,0.000000,0.821385,-0.918837,0.191605,
1624840964.633725,0.000000,0.821192,-0.919381,0.191557,
1624840964.637893,0.000000,0.821023,-0.919916,0.191526,
1624840964.700392,0.000000,0.817713,-0.928375,0.191482,
1624840964.704558,0.000000,0.817566,-0.928850,0.191290,
1624840964.708726,0.000000,0.817297,-0.929307,0.191578,
1624840964.712895,0.000000,0.817052,-0.929760,0.191663,
1624840964.717132,0.000000,0.816677,-0.930284,0.191690,
1624840964.721232,0.000000,0.816454,-0.930749,0.191696,
1624840964.725390,0.000000,0.816222,-0.931248,0.191672,
1624840964.729647,0.000000,0.816004,-0.931801,0.191461,
1624840964.733725,0.000000,0.815760,-0.932253,0.191687,
1624840964.737894,0.000000,0.815770,-0.932704,0.191444,
1624840964.800391,0.000000,0.811910,-0.941392,0.191326,
1624840964.804554,0.000000,0.811640,-0.941833,0.191386,
1624840964.808719,0.000000,0.811435,-0.942300,0.191399,
1624840964.812882,0.000000,0.811152,-0.942715,0.191513,
1624840964.817057,0.000000,0.810896,-0.943174,0.191553,
1624840964.821244,0.000000,0.810635,-0.943623,0.191606,
1624840964.825395,0.000000,0.810404,-0.944159,0.191619,
1624840964.829560,0.000000,0.810146,-0.944597,0.191618,
1624840964.833719,0.000000,0.809855,-0.945104,0.191639,
1624840964.837893,0.000000,0.809832,-0.945330,0.191719,
1624840964.900374,0.000000,0.805702,-0.953885,0.191118,
1624840964.904557,0.000000,0.805365,-0.954387,0.191224,
1624840964.908720,0.000000,0.805126,-0.954768,0.191271,
1624840964.912900,0.000000,0.804817,-0.955227,0.191334,
1624840964.917048,0.000000,0.804525,-0.955632,0.191415,
1624840964.921217,0.000000,0.804273,-0.956040,0.191455,
1624840964.925386,0.000000,0.804023,-0.956466,0.191464,
1624840964.929552,0.000000,0.803775,-0.956846,0.191575,
1624840964.933719,0.000000,0.803451,-0.957387,0.191568,
1624840964.937887,0.000000,0.803140,-0.957976,0.191431,
1624840965.000383,0.000000,0.798877,-0.966108,0.190948,
1624840965.004548,0.000000,0.798546,-0.966531,0.191050,
1624840965.008720,0.000000,0.798243,-0.966910,0.191237,
1624840965.012890,0.000000,0.797951,-0.967336,0.191272,
1624840965.017063,0.000000,0.797725,-0.967773,0.191257,
1624840965.021222,0.000000,0.797474,-0.968194,0.191231,
1624840965.025383,0.000000,0.797207,-0.968607,0.191241,
1624840965.029555,0.000000,0.796928,-0.969053,0.191280,
1624840965.033721,0.000000,0.796612,-0.969500,0.191310,
1624840965.037887,0.000000,0.796296,-0.969980,0.191316,
1624840965.100364,0.000000,0.791644,-0.977585,0.191061,
1624840965.104525,0.000000,0.791323,-0.977945,0.191143,
1624840965.108710,0.000000,0.791004,-0.978349,0.191206,
1624840965.112845,0.000000,0.790757,-0.978826,0.191168,
1624840965.117105,0.000000,0.790525,-0.979227,0.191144,
1624840965.121191,0.000000,0.790252,-0.979618,0.191178,
1624840965.125357,0.000000,0.790007,-0.980024,0.191098,
1624840965.129516,0.000000,0.789694,-0.980480,0.191024,
1624840965.133687,0.000000,0.789414,-0.980958,0.190945,
1624840965.137853,0.000000,0.788884,-0.981319,0.191209,
1624840965.200389,0.000000,0.784484,-0.988898,0.190312,
1624840965.204541,0.000000,0.784142,-0.989333,0.190368,
1624840965.208708,0.000000,0.783834,-0.989704,0.190436,
1624840965.212875,0.000000,0.783435,-0.990125,0.190474,
1624840965.217056,0.000000,0.783189,-0.990480,0.190439,
1624840965.221219,0.000000,0.782876,-0.990844,0.190497,
1624840965.225377,0.000000,0.782418,-0.991294,0.190509,
1624840965.229550,0.000000,0.781945,-0.991724,0.190592,
1624840965.233720,0.000000,0.781689,-0.992112,0.190649,
1624840965.237885,0.000000,0.781537,-0.992420,0.190666,
1624840965.300393,0.000000,0.776188,-0.999944,0.190027,
1624840965.304561,0.000000,0.775767,-1.000380,0.190116,
1624840965.308715,0.000000,0.775448,-1.000766,0.190191,
1624840965.312908,0.000000,0.775103,-1.001116,0.190253,
1624840965.317056,0.000000,0.774972,-1.001413,0.190284,
1624840965.321210,0.000000,0.774664,-1.001750,0.190361,
1624840965.325389,0.000000,0.774120,-1.002181,0.190385,
1624840965.329552,0.000000,0.774062,-1.002463,0.190378,
1624840965.333719,0.000000,0.773527,-1.002908,0.190421,
1624840965.337962,0.000000,0.773152,-1.003326,0.190392,
1624840965.400389,0.000000,0.767661,-1.010490,0.189705,
1624840965.404543,0.000000,0.767225,-1.010934,0.189781,
1624840965.408719,0.000000,0.766923,-1.011201,0.190028,
1624840965.412883,0.000000,0.766578,-1.011635,0.189901,
1624840965.417077,0.000000,0.766220,-1.011980,0.189963,
1624840965.421241,0.000000,0.765767,-1.012407,0.189996,
1624840965.425392,0.000000,0.765474,-1.012738,0.190049,
1624840965.429556,0.000000,0.765115,-1.013078,0.190111,
1624840965.433725,0.000000,0.764783,-1.013405,0.190133,
1624840965.437881,0.000000,0.764392,-1.013797,0.190171,
1624840965.500463,0.000000,0.758487,-1.020679,0.189898,
1624840965.504546,0.000000,0.758166,-1.021111,0.189674,
1624840965.508717,0.000000,0.757794,-1.021420,0.190004,
1624840965.512882,0.000000,0.757384,-1.021753,0.190105,
1624840965.517051,0.000000,0.757055,-1.022112,0.190141,
1624840965.521240,0.000000,0.756647,-1.022429,0.190240,
1624840965.525392,0.000000,0.756268,-1.022734,0.190318,
1624840965.529547,0.000000,0.755903,-1.023044,0.190377,
1624840965.533706,0.000000,0.755589,-1.023416,0.190380,
1624840965.537962,0.000000,0.755237,-1.023763,0.190443,
1624840965.600379,0.000000,0.749166,-1.030463,0.189912,
1624840965.604546,0.000000,0.748496,-1.030870,0.189822,
1624840965.608712,0.000000,0.748022,-1.031258,0.189890,
1624840965.612878,0.000000,0.747703,-1.031592,0.189922,
1624840965.617037,0.000000,0.747271,-1.031915,0.190012,
1624840965.621220,0.000000,0.746930,-1.032231,0.190058,
1624840965.625385,0.000000,0.746587,-1.032531,0.190111,
1624840965.629647,0.000000,0.746191,-1.032829,0.190176,
1624840965.633706,0.000000,0.745949,-1.033156,0.190146,
1624840965.637875,0.000000,0.745431,-1.033469,0.190230,
1624840965.700340,0.000000,0.739140,-1.040001,0.189234,
1624840965.704510,0.000000,0.738804,-1.040274,0.189382,
1624840965.708673,0.000000,0.738512,-1.040598,0.189412,
1624840965.712836,0.000000,0.738037,-1.040946,0.189510,
1624840965.717008,0.000000,0.737579,-1.041340,0.189460,
1624840965.721178,0.000000,0.737234,-1.041534,0.189660,
1624840965.725344,0.000000,0.736675,-1.041591,0.190182,
1624840965.729510,0.000000,0.736225,-1.041917,0.190185,
1624840965.733673,0.000000,0.735820,-1.042230,0.190214,
1624840965.737906,0.000000,0.735483,-1.042550,0.190175,
1624840965.800365,0.000000,0.728866,-1.048646,0.189400,
1624840965.804533,0.000000,0.728416,-1.049042,0.189381,
1624840965.808696,0.000000,0.727964,-1.049372,0.189478,
1624840965.812868,0.000000,0.727532,-1.049652,0.189592,
1624840965.817037,0.000000,0.727100,-1.049945,0.189714,
1624840965.821200,0.000000,0.726676,-1.050255,0.189742,
1624840965.825374,0.000000,0.726313,-1.050558,0.189723,
1624840965.829541,0.000000,0.725975,-1.050869,0.189703,
1624840965.833711,0.000000,0.725523,-1.051236,0.189667,
1624840965.837871,0.000000,0.725120,-1.051524,0.189671,
1624840965.900377,0.000000,0.718043,-1.057138,0.189399,
1624840965.904542,0.000000,0.717566,-1.057471,0.189430,
1624840965.908705,0.000000,0.717119,-1.057813,0.189418,
1624840965.912903,0.000000,0.716682,-1.058118,0.189479,
1624840965.917039,0.000000,0.716327,-1.058395,0.189493,
1624840965.921220,0.000000,0.715901,-1.058618,0.189610,
1624840965.925379,0.000000,0.715605,-1.058877,0.189603,
1624840965.929543,0.000000,0.715153,-1.059166,0.189655,
1624840965.933691,0.000000,0.714695,-1.059373,0.189765,
1624840965.937879,0.000000,0.714249,-1.059650,0.189805,
1624840966.000376,0.000000,0.707164,-1.064856,0.189473,
1624840966.004542,0.000000,0.706633,-1.065234,0.189518,
1624840966.008707,0.000000,0.706190,-1.065552,0.189522,
1624840966.012964,0.000000,0.705699,-1.065840,0.189575,
1624840966.017045,0.000000,0.705229,-1.066141,0.189637,
1624840966.021205,0.000000,0.704795,-1.066390,0.189724,
1624840966.025377,0.000000,0.704360,-1.066639,0.189769,
1624840966.029548,0.000000,0.703934,-1.066859,0.189824,
1624840966.033707,0.000000,0.703475,-1.067118,0.189863,
1624840966.037926,0.000000,0.703068,-1.067441,0.189833,
1624840966.100352,0.000000,0.695860,-1.072328,0.189395,
1624840966.104511,0.000000,0.695333,-1.072701,0.189362,
1624840966.108680,0.000000,0.694784,-1.073013,0.189409,
1624840966.112846,0.000000,0.694295,-1.073279,0.189469,
1624840966.117024,0.000000,0.693874,-1.073548,0.189552,
1624840966.121182,0.000000,0.693399,-1.073784,0.189632,
1624840966.125346,0.000000,0.692927,-1.074020,0.189692,
1624840966.129505,0.000000,0.692514,-1.074230,0.189748,
1624840966.133684,0.000000,0.692017,-1.074462,0.189815,
1624840966.137848,0.000000,0.691601,-1.074679,0.189869,
1624840966.200341,0.000000,0.684803,-1.079257,0.189364,
1624840966.204538,0.000000,0.684214,-1.079351,0.189651,
1624840966.208771,0.000000,0.683441,-1.079786,0.189582,
1624840966.212869,0.000000,0.682653,-1.080090,0.189657,
1624840966.217041,0.000000,0.682132,-1.080374,0.189678,
1624840966.221184,0.000000,0.681594,-1.080467,0.189882,
1624840966.225362,0.000000,0.681176,-1.080724,0.189834,
1624840966.229531,0.000000,0.680762,-1.080940,0.189841,
1624840966.233688,0.000000,0.680416,-1.081267,0.189725,
1624840966.237850,0.000000,0.679924,-1.081539,0.189715,
1624840966.300363,0.000000,0.671944,-1.085700,0.189819,
1624840966.304532,0.000000,0.671362,-1.085990,0.189815,
1624840966.308660,0.000000,0.670827,-1.086239,0.189856,
1624840966.312825,0.000000,0.670336,-1.086523,0.189868,
1624840966.316991,0.000000,0.669867,-1.086786,0.189758,
1624840966.321159,0.000000,0.669296,-1.086816,0.190149,
1624840966.325351,0.000000,0.668729,-1.087211,0.189989,
1624840966.329712,0.000000,0.668272,-1.087344,0.190104,
1624840966.333660,0.000000,0.668192,-1.087635,0.189733,
1624840966.337824,0.000000,0.667618,-1.087719,0.190057,
1624840966.400437,0.000000,0.659454,-1.091673,0.189977,
1624840966.404492,0.000000,0.659025,-1.092026,0.189690,
1624840966.408705,0.000000,0.658429,-1.092245,0.189733,
1624840966.412869,0.000000,0.657977,-1.092460,0.189762,
1624840966.417045,0.000000,0.657356,-1.092629,0.189980,
1624840966.421214,0.000000,0.656879,-1.092846,0.190023,
1624840966.425375,0.000000,0.656410,-1.093029,0.190072,
1624840966.429540,0.000000,0.655867,-1.093184,0.190171,
1624840966.433720,0.000000,0.655591,-1.093448,0.189916,
1624840966.437874,0.000000,0.655140,-1.093642,0.189933,
1624840966.500376,0.000000,0.646911,-1.097233,0.189721,
1624840966.504560,0.000000,0.646437,-1.097453,0.189693,
1624840966.508650,0.000000,0.645868,-1.097725,0.189634,
1624840966.512879,0.000000,0.645256,-1.098014,0.189650,
1624840966.517017,0.000000,0.644690,-1.098186,0.189690,
1624840966.521165,0.000000,0.644171,-1.098368,0.189750,
1624840966.525422,0.000000,0.643667,-1.098533,0.189801,
1624840966.529495,0.000000,0.643201,-1.098676,0.189850,
1624840966.533664,0.000000,0.642651,-1.098811,0.189945,
1624840966.537831,0.000000,0.642155,-1.098993,0.189964,
1624840966.600332,0.000000,0.633956,-1.102297,0.189452,
1624840966.604498,0.000000,0.633425,-1.102464,0.189470,
1624840966.608668,0.000000,0.632919,-1.102663,0.189449,
1624840966.612860,0.000000,0.632394,-1.102857,0.189456,
1624840966.617025,0.000000,0.631885,-1.103032,0.189496,
1624840966.621192,0.000000,0.631401,-1.103163,0.189565,
1624840966.625359,0.000000,0.630839,-1.103290,0.189667,
1624840966.629519,0.000000,0.630341,-1.103443,0.189725,
1624840966.633691,0.000000,0.629824,-1.103536,0.189776,
1624840966.637861,0.000000,0.629341,-1.103652,0.189790,
1624840966.700351,0.000000,0.621162,-1.106504,0.189417,
1624840966.704511,0.000000,0.620553,-1.106664,0.189460,
1624840966.708686,0.000000,0.620056,-1.106845,0.189450,
1624840966.712893,0.000000,0.619545,-1.107055,0.189474,
1624840966.717025,0.000000,0.619022,-1.107135,0.189540,
1624840966.721215,0.000000,0.618383,-1.107281,0.189587,
1624840966.725365,0.000000,0.617889,-1.107381,0.189704,
1624840966.729535,0.000000,0.617289,-1.107544,0.189715,
1624840966.733691,0.000000,0.616842,-1.107624,0.189795,
1624840966.737861,0.000000,0.616301,-1.107772,0.189773,
1624840966.800356,0.000000,0.608030,-1.110306,0.189214,
1624840966.804526,0.000000,0.607510,-1.110471,0.189164,
1624840966.808701,0.000000,0.606840,-1.110661,0.189128,
1624840966.812860,0.000000,0.606352,-1.110809,0.189154,
1624840966.817023,0.000000,0.605846,-1.110911,0.189208,
1624840966.821189,0.000000,0.605267,-1.111029,0.189269,
1624840966.825390,0.000000,0.604740,-1.111083,0.189370,
1624840966.829528,0.000000,0.604263,-1.111178,0.189408,
1624840966.833686,0.000000,0.603803,-1.111294,0.189442,
1624840966.837856,0.000000,0.603312,-1.111376,0.189467,
1624840966.900358,0.000000,0.595103,-1.113504,0.189090,
1624840966.904523,0.000000,0.594535,-1.113668,0.189024,
1624840966.908692,0.000000,0.593905,-1.113768,0.189023,
1624840966.912941,0.000000,0.593404,-1.113937,0.188983,
1624840966.917041,0.000000,0.592818,-1.113999,0.189121,
1624840966.921204,0.000000,0.592298,-1.114047,0.189200,
1624840966.925365,0.000000,0.591655,-1.114105,0.189305,
1624840966.929519,0.000000,0.591145,-1.114200,0.189349,
1624840966.933731,0.000000,0.590654,-1.114221,0.189442,
1624840966.937862,0.000000,0.590252,-1.114323,0.189379,
1624840967.000363,0.000000,0.581912,-1.116192,0.188851,
1624840967.004525,0.000000,0.581296,-1.116329,0.188818,
1624840967.008691,0.000000,0.580705,-1.116428,0.188791,
1624840967.012852,0.000000,0.580299,-1.116512,0.188796,
1624840967.017031,0.000000,0.579726,-1.116580,0.188852,
1624840967.021191,0.000000,0.579185,-1.116645,0.188931,
1624840967.025352,0.000000,0.578634,-1.116698,0.188971,
1624840967.029517,0.000000,0.577928,-1.116781,0.188990,
1624840967.033693,0.000000,0.577392,-1.116794,0.189068,
1624840967.037857,0.000000,0.576927,-1.116892,0.189101,
1624840967.100406,0.000000,0.568483,-1.118037,0.188957,
1624840967.104575,0.000000,0.567867,-1.118128,0.188906,
1624840967.108747,0.000000,0.567229,-1.118201,0.188899,
1624840967.112907,0.000000,0.566605,-1.118372,0.188755,
1624840967.117075,0.000000,0.566062,-1.118359,0.188908,
1624840967.121362,0.000000,0.565474,-1.118282,0.189120,
1624840967.125410,0.000000,0.564981,-1.118324,0.189166,
1624840967.129578,0.000000,0.564590,-1.118341,0.189226,
1624840967.133737,0.000000,0.564176,-1.118358,0.189321,
1624840967.137908,0.000000,0.563719,-1.118393,0.189345,
1624840967.200410,0.000000,0.555032,-1.119320,0.189091,
1624840967.204582,0.000000,0.554483,-1.119447,0.188982,
1624840967.208812,0.000000,0.553994,-1.119511,0.188959,
1624840967.212905,0.000000,0.553345,-1.119572,0.188931,
1624840967.217071,0.000000,0.552721,-1.119773,0.188741,
1624840967.221246,0.000000,0.552108,-1.119751,0.188829,
1624840967.225412,0.000000,0.551588,-1.119806,0.188864,
1624840967.229537,0.000000,0.551271,-1.119885,0.188784,
1624840967.233704,0.000000,0.550745,-1.119893,0.188841,
1624840967.237874,0.000000,0.549958,-1.119754,0.189081,
1624840967.300384,0.000000,0.541391,-1.120324,0.188920,
1624840967.304529,0.000000,0.540907,-1.120323,0.189031,
1624840967.308712,0.000000,0.540295,-1.120388,0.188961,
1624840967.312884,0.000000,0.539535,-1.120533,0.188649,
1624840967.317049,0.000000,0.539066,-1.120504,0.188764,
1624840967.321213,0.000000,0.538420,-1.120466,0.188886,
1624840967.325378,0.000000,0.537817,-1.120518,0.188850,
1624840967.329587,0.000000,0.537291,-1.120484,0.188912,
1624840967.333744,0.000000,0.536820,-1.120370,0.189084,
1624840967.337908,0.000000,0.536186,-1.120439,0.188963,
1624840967.400410,0.000000,0.527970,-1.120453,0.189016,
1624840967.404565,0.000000,0.527356,-1.120480,0.188955,
1624840967.408743,0.000000,0.526694,-1.120541,0.188914,
1624840967.412904,0.000000,0.526003,-1.120579,0.188823,
1624840967.417076,0.000000,0.525393,-1.120600,0.188799,
1624840967.421229,0.000000,0.524774,-1.120565,0.188850,
1624840967.425465,0.000000,0.523954,-1.120314,0.189279,
1624840967.429555,0.000000,0.523707,-1.120368,0.189185,
1624840967.433739,0.000000,0.523209,-1.120297,0.189292,
1624840967.437912,0.000000,0.522907,-1.120286,0.189234,
1624840967.500403,0.000000,0.514560,-1.119988,0.189274,
1624840967.504567,0.000000,0.513934,-1.120016,0.189215,
1624840967.508775,0.000000,0.513383,-1.119987,0.189181,
1624840967.512913,0.000000,0.512817,-1.120004,0.189087,
1624840967.517075,0.000000,0.512142,-1.119964,0.189042,
1624840967.521245,0.000000,0.511675,-1.119930,0.189080,
1624840967.525407,0.000000,0.511124,-1.119889,0.189140,
1624840967.529583,0.000000,0.510515,-1.119954,0.189101,
1624840967.533721,0.000000,0.509973,-1.119877,0.189190,
1624840967.537903,0.000000,0.509461,-1.119821,0.189238,
1624840967.600403,0.000000,0.501059,-1.119052,0.189392,
1624840967.604568,0.000000,0.500479,-1.119030,0.189362,
1624840967.608735,0.000000,0.499992,-1.118934,0.189457,
1624840967.612905,0.000000,0.499374,-1.118947,0.189450,
1624840967.617066,0.000000,0.498839,-1.118894,0.189331,
1624840967.621236,0.000000,0.498055,-1.118950,0.189156,
1624840967.625399,0.000000,0.497437,-1.118886,0.189201,
1624840967.629564,0.000000,0.496886,-1.118788,0.189299,
1624840967.633737,0.000000,0.496428,-1.118647,0.189355,
1624840967.637924,0.000000,0.495925,-1.118587,0.189402,
1624840967.700388,0.000000,0.487669,-1.117479,0.189374,
1624840967.704545,0.000000,0.487069,-1.117432,0.189338,
1624840967.708727,0.000000,0.486443,-1.117347,0.189386,
1624840967.712910,0.000000,0.485847,-1.117288,0.189376,
1624840967.717068,0.000000,0.485268,-1.117196,0.189314,
1624840967.721232,0.000000,0.484638,-1.117134,0.189237,
1624840967.725397,0.000000,0.483983,-1.117068,0.189273,
1624840967.729564,0.000000,0.483483,-1.116917,0.189415,
1624840967.733733,0.000000,0.482823,-1.116912,0.189293,
1624840967.737891,0.000000,0.482315,-1.116806,0.189441,
1624840967.800406,0.000000,0.474265,-1.115288,0.189608,
1624840967.804554,0.000000,0.473502,-1.115265,0.189484,
1624840967.808793,0.000000,0.472933,-1.115175,0.189493,
1624840967.812888,0.000000,0.472308,-1.115113,0.189467,
1624840967.817066,0.000000,0.471671,-1.115067,0.189340,
1624840967.821227,0.000000,0.471075,-1.115004,0.189269,
1624840967.825395,0.000000,0.470644,-1.114807,0.189421,
1624840967.829559,0.000000,0.469900,-1.114745,0.189328,
1624840967.833722,0.000000,0.469332,-1.114629,0.189409,
1624840967.837892,0.000000,0.468899,-1.114482,0.189456,
1624840967.896186,0.000000,0.461232,-1.112605,0.189726,
1624840967.900357,0.000000,0.460494,-1.112536,0.189639,
1624840967.904528,0.000000,0.459843,-1.112404,0.189546,
1624840967.908693,0.000000,0.459243,-1.112337,0.189385,
1624840967.912864,0.000000,0.458724,-1.112273,0.189266,
1624840967.917031,0.000000,0.458191,-1.112112,0.189312,
1624840967.921197,0.000000,0.457696,-1.111969,0.189346,
1624840967.925348,0.000000,0.457127,-1.111842,0.189335,
1624840967.929515,0.000000,0.456499,-1.111732,0.189301,
1624840967.933686,0.000000,0.456041,-1.111612,0.189312,
