1624840890.000000,757183075.000000,-0.000001,0.000188,0.000660,0.001907,0.026083,-0.000091,0.999658,0.001147,-0.000443,0.007945,-0.003765,0.006819,0.001606,
1624840890.000000,762186050.000000,0.000016,0.000185,0.000715,0.001895,0.026076,-0.000079,0.999658,0.002087,-0.000488,0.010018,0.002411,-0.011363,-0.000312,
1624840890.000000,767189026.000000,-0.000096,0.000178,0.000439,0.001924,0.026145,-0.000064,0.999656,-0.002052,-0.000538,0.005421,0.000481,0.013780,-0.004724,
1624840890.000000,772192240.000000,-0.000106,0.000175,0.000467,0.001914,0.026183,-0.000071,0.999655,-0.002348,-0.000591,0.005783,-0.004992,-0.009963,-0.001471,
1624840890.000000,777194023.000000,-0.000105,0.000172,0.000498,0.001907,0.026138,-0.000076,0.999656,-0.001303,-0.000634,0.006384,-0.000675,0.005112,-0.004654,
1624840890.000000,782196999.000000,-0.000111,0.000168,0.000531,0.001908,0.026182,-0.000084,0.999655,-0.001377,-0.000685,0.006808,0.001460,0.001719,0.002724,
1624840890.000000,787199974.000000,-0.000120,0.000164,0.000567,0.001908,0.026149,-0.000073,0.999656,-0.001581,-0.000737,0.007321,-0.002787,-0.008499,-0.000327,
1624840890.000000,792203188.000000,-0.000136,0.000162,0.000611,0.001903,0.026160,-0.000077,0.999656,-0.002716,-0.000552,0.008349,0.002464,0.010938,0.003754,
1624840890.000000,797206163.000000,0.000039,0.000105,0.000418,0.001919,0.026114,-0.000065,0.999657,0.001876,-0.001109,0.006075,-0.001667,-0.010146,-0.002424,
1624840890.000000,802208900.000000,0.000049,0.000099,0.000451,0.001910,0.026080,-0.000082,0.999658,0.001921,-0.001065,0.006854,0.000316,0.002100,-0.004770,
1624840890.000000,847234249.000000,0.000002,0.000208,0.000486,0.001908,0.026124,-0.000111,0.999657,0.001836,0.000647,0.004066,0.002381,-0.006222,-0.006775,
1624840890.000000,852236986.000000,0.000015,0.000211,0.000509,0.001924,0.026116,-0.000124,0.999657,0.002430,0.000603,0.004412,0.003669,0.000240,0.002718,
1624840890.000000,857239962.000000,0.000041,0.000207,0.000551,0.001903,0.025849,-0.000102,0.999664,0.004034,-0.000406,0.007561,-0.023013,-0.304590,0.009261,
1624840890.000000,862243176.000000,0.000066,0.000204,0.000591,0.001841,0.024607,-0.000140,0.999696,0.005356,-0.000834,0.009263,-0.013646,-0.627669,-0.054494,
1624840890.000000,867246151.000000,-0.000088,0.000154,0.000528,0.001804,0.022960,-0.000384,0.999735,0.000456,-0.002278,0.009370,-0.002674,-0.590548,-0.147426,
1624840890.000000,872248173.000000,0.000535,-0.000002,0.000545,0.001762,0.021694,-0.000856,0.999763,0.066548,-0.017828,0.010058,-0.023030,-0.432810,-0.227294,
1624840890.000000,877250910.000000,0.000922,-0.000105,0.000587,0.001719,0.021053,-0.001528,0.999776,0.087367,-0.022829,0.011825,0.020344,0.008526,-0.312441,
1624840890.000000,882254124.000000,0.001416,-0.000233,0.000640,0.001782,0.021686,-0.002399,0.999760,0.108462,-0.027725,0.014434,0.015691,0.422847,-0.375453,
1624840890.000000,887257099.000000,0.002003,-0.000299,0.000631,0.001763,0.022970,-0.003319,0.999729,0.128936,-0.019963,0.007326,0.003299,0.592505,-0.339423,
1624840890.000000,892260075.000000,0.002701,-0.000404,0.000629,0.001746,0.024462,-0.004114,0.999691,0.150389,-0.019699,0.005055,-0.025965,0.550663,-0.319639,
1624840890.000000,942288160.000000,0.006703,-0.000997,-0.000557,0.002025,0.026621,-0.014058,0.999545,0.090315,-0.030839,0.028419,0.020314,0.020750,-0.478887,
1624840890.000000,947291374.000000,0.007129,-0.001177,-0.000417,0.002055,0.026496,-0.015233,0.999531,0.086601,-0.035789,0.037917,0.027074,-0.150220,-0.438765,
1624840890.000000,952294111.000000,0.007433,-0.001274,-0.000539,0.002115,0.025892,-0.016259,0.999530,0.071665,-0.028764,0.011360,0.059900,-0.315086,-0.391430,
1624840890.000000,957297087.000000,0.007774,-0.001432,-0.000541,0.002220,0.025129,-0.017236,0.999533,0.065145,-0.029790,0.007130,0.027405,-0.242414,-0.388381,
1624840890.000000,962300301.000000,0.008073,-0.001595,-0.000555,0.002195,0.024674,-0.018223,0.999527,0.058260,-0.030848,0.003176,-0.000963,-0.158569,-0.403289,
1624840890.000000,967302322.000000,0.008160,-0.001713,-0.000141,0.002210,0.024405,-0.019308,0.999513,0.079343,-0.026857,-0.001357,0.037660,-0.166409,-0.401614,
1624840890.000000,972305298.000000,0.008560,-0.001863,-0.000175,0.002291,0.024072,-0.020316,0.999501,0.083376,-0.027249,-0.004146,0.034813,-0.064271,-0.408886,
1624840890.000000,977308035.000000,0.008980,-0.002018,-0.000223,0.002307,0.024106,-0.021351,0.999479,0.087424,-0.027627,-0.006649,0.001504,0.074142,-0.412267,
1624840890.000000,982311249.000000,0.009547,-0.002111,-0.000280,0.002287,0.024412,-0.022394,0.999449,0.104465,-0.020581,-0.008004,0.004651,0.167136,-0.431228,
1624840890.000000,987314224.000000,0.010076,-0.002234,-0.000353,0.002302,0.024850,-0.023495,0.999412,0.111906,-0.018612,-0.010176,0.018634,0.151662,-0.440011,
1624840891.000000,42345047.000000,0.022329,-0.004903,0.000668,0.002528,0.026909,-0.035901,0.998990,0.149890,-0.033121,0.036220,0.080730,0.082726,-0.422997,
1624840891.000000,47348022.000000,0.023060,-0.005122,0.000817,0.002629,0.027063,-0.036972,0.998946,0.145450,-0.032967,0.038919,0.022949,-0.015387,-0.424371,
1624840891.000000,52350998.000000,0.023772,-0.005341,0.000972,0.002621,0.026828,-0.038013,0.998914,0.141310,-0.032843,0.040856,0.010078,-0.140582,-0.408296,
1624840891.000000,57353973.000000,0.024497,-0.005583,0.001050,0.002615,0.026321,-0.039040,0.998888,0.142437,-0.035631,0.030162,0.020878,-0.305849,-0.418845,
1624840891.000000,62355995.000000,0.025195,-0.005820,0.001155,0.002638,0.025491,-0.040122,0.998866,0.140308,-0.036672,0.027379,0.052731,-0.274753,-0.442411,
1624840891.000000,67358971.000000,0.026756,-0.005409,0.000070,0.002753,0.025485,-0.041370,0.998815,0.145336,-0.029668,0.012411,0.028678,-0.093373,-0.451155,
1624840891.000000,72362185.000000,0.027466,-0.005621,0.000085,0.002751,0.025361,-0.042475,0.998772,0.143607,-0.030724,0.010008,0.013213,-0.032753,-0.424616,
1624840891.000000,77364922.000000,0.028443,-0.005807,0.000074,0.002775,0.025325,-0.043518,0.998728,0.169428,-0.026121,0.007604,0.021026,0.022735,-0.423246,
1624840891.000000,82367897.000000,0.029288,-0.006012,0.000061,0.002790,0.025468,-0.044596,0.998677,0.175280,-0.025448,0.005510,0.007092,0.076171,-0.432054,
1624840891.000000,87370157.000000,0.030162,-0.006217,0.000033,0.002792,0.025693,-0.045677,0.998622,0.181165,-0.024745,0.003159,0.015501,0.107664,-0.439341,
1624840891.000000,137399197.000000,0.036485,-0.007459,-0.000719,0.002607,0.026659,-0.057262,0.998000,0.145196,-0.022820,0.031207,0.087193,0.199839,-0.464185,
1624840891.000000,142402172.000000,0.037189,-0.007659,-0.000582,0.002797,0.027137,-0.058393,0.997921,0.142213,-0.024239,0.039629,0.066847,0.125615,-0.427169,
1624840891.000000,147405148.000000,0.037874,-0.007867,-0.000405,0.002926,0.027182,-0.059429,0.997858,0.138925,-0.025699,0.047742,0.061455,-0.068322,-0.417165,
1624840891.000000,152406931.000000,0.038469,-0.008043,-0.000411,0.003000,0.026866,-0.060491,0.997803,0.125877,-0.022975,0.023797,0.023344,-0.168918,-0.422849,
1624840891.000000,157410145.000000,0.039068,-0.008232,-0.000338,0.002956,0.026340,-0.061543,0.997752,0.119316,-0.022811,0.019647,0.004867,-0.263905,-0.422669,
1624840891.000000,162413120.000000,0.039302,-0.008354,-0.000833,0.003008,0.025851,-0.062628,0.997698,0.111455,-0.021358,-0.004094,0.028553,-0.257175,-0.443020,
1624840891.000000,167416096.000000,0.040054,-0.008600,-0.000810,0.003046,0.025338,-0.063758,0.997639,0.132731,-0.026253,0.002341,0.048838,-0.157047,-0.450643,
1624840891.000000,172419310.000000,0.040703,-0.008820,-0.000841,0.003108,0.025122,-0.064870,0.997573,0.136268,-0.027738,0.000805,0.023410,0.003648,-0.437763,
1624840891.000000,177422047.000000,0.041370,-0.009050,-0.000881,0.003117,0.025259,-0.065938,0.997499,0.139965,-0.029215,-0.000755,0.012416,0.056454,-0.415423,
1624840891.000000,182424068.000000,0.042061,-0.009293,-0.000927,0.003139,0.025386,-0.066974,0.997427,0.144073,-0.030678,-0.002072,0.013752,0.066092,-0.424820,
1624840891.000000,227450132.000000,0.048150,-0.011214,-0.001296,0.002805,0.026623,-0.077264,0.996651,0.142615,-0.021742,0.001390,0.022076,-0.048667,-0.470023,
1624840891.000000,232453108.000000,0.048834,-0.011517,-0.001099,0.002891,0.026494,-0.078445,0.996562,0.141910,-0.031203,0.027611,0.076601,-0.007353,-0.482598,
1624840891.000000,237456083.000000,0.049509,-0.011791,-0.000978,0.003094,0.026646,-0.079659,0.996461,0.140606,-0.034404,0.036846,0.093703,0.135289,-0.473314,
1624840891.000000,242458344.000000,0.050182,-0.012083,-0.000803,0.003289,0.027031,-0.080791,0.996359,0.139723,-0.037623,0.046971,0.050086,0.152611,-0.432645,
1624840891.000000,247461319.000000,0.050763,-0.012320,-0.000751,0.003376,0.027272,-0.081840,0.996267,0.125999,-0.032840,0.031028,0.048556,0.025306,-0.414457,
1624840891.000000,252464056.000000,0.051350,-0.012585,-0.000632,0.003467,0.027085,-0.082869,0.996186,0.119938,-0.032925,0.029705,0.040599,-0.178174,-0.406053,
1624840891.000000,257467031.000000,0.051906,-0.012846,-0.000520,0.003461,0.026493,-0.083900,0.996116,0.113627,-0.033042,0.028155,0.029507,-0.249889,-0.428248,
1624840891.000000,262470245.000000,0.052580,-0.012526,-0.000737,0.003418,0.025940,-0.085029,0.996035,0.117017,-0.024541,0.013227,0.026651,-0.233211,-0.438275,
1624840891.000000,267473221.000000,0.053144,-0.012750,-0.000704,0.003393,0.025380,-0.086116,0.995956,0.116675,-0.025020,0.011464,0.019036,-0.201778,-0.440102,
1624840891.000000,272476196.000000,0.053704,-0.012977,-0.000686,0.003403,0.025032,-0.087223,0.995869,0.116303,-0.025499,0.009273,0.040321,-0.053649,-0.440307,
1624840891.000000,332510233.000000,0.062755,-0.015673,-0.001273,0.003129,0.026463,-0.100922,0.994537,0.147078,-0.026307,0.034782,0.083921,0.070582,-0.488592,
1624840891.000000,337512970.000000,0.063455,-0.015959,-0.001107,0.003364,0.026673,-0.102098,0.994411,0.146359,-0.029023,0.044296,0.082361,0.099375,-0.456363,
1624840891.000000,342515230.000000,0.064037,-0.016202,-0.000986,0.003521,0.026941,-0.103218,0.994288,0.132891,-0.028105,0.043257,0.059387,0.139192,-0.444672,
1624840891.000000,347518444.000000,0.064656,-0.016481,-0.000790,0.003698,0.027180,-0.104302,0.994167,0.127888,-0.029734,0.049205,0.089368,0.003635,-0.417105,
1624840891.000000,352521181.000000,0.065247,-0.016764,-0.000549,0.003826,0.026969,-0.105317,0.994066,0.122749,-0.031401,0.056276,0.021695,-0.109189,-0.404102,
1624840891.000000,357523918.000000,0.065823,-0.017000,-0.000416,0.003741,0.026574,-0.106341,0.993968,0.118298,-0.025704,0.042441,0.004740,-0.267624,-0.419128,
1624840891.000000,362527132.000000,0.066444,-0.017293,-0.001273,0.003742,0.026081,-0.107437,0.993863,0.119404,-0.021647,-0.001832,0.027911,-0.309486,-0.436315,
1624840891.000000,367530107.000000,0.066995,-0.017521,-0.001327,0.003714,0.025435,-0.108533,0.993760,0.115847,-0.020373,-0.007293,0.037135,-0.214267,-0.437438,
1624840891.000000,372533083.000000,0.067794,-0.017815,-0.001315,0.003749,0.025047,-0.109617,0.993651,0.143161,-0.020741,-0.000526,0.038452,-0.079026,-0.433097,
1624840891.000000,377534866.000000,0.068487,-0.018075,-0.001359,0.003782,0.025063,-0.110706,0.993530,0.149924,-0.019946,-0.001981,0.005351,0.091769,-0.445843,
1624840891.000000,417558193.000000,0.074339,-0.020139,-0.001438,0.003507,0.027081,-0.119849,0.992417,0.155164,-0.010430,-0.004952,0.006462,0.167982,-0.450415,
1624840891.000000,422561169.000000,0.075049,-0.020429,-0.001376,0.003506,0.027343,-0.120940,0.992277,0.153099,-0.016665,0.008304,-0.022172,-0.026066,-0.436332,
1624840891.000000,427563906.000000,0.075055,-0.021008,-0.001748,0.003425,0.026558,-0.122033,0.992165,0.139670,-0.027001,0.011460,0.010246,-0.050401,-0.470360,
1624840891.000000,432567120.000000,0.075709,-0.021314,-0.001709,0.003500,0.026512,-0.123234,0.992017,0.138929,-0.028382,0.015919,0.065192,-0.025159,-0.482435,
1624840891.000000,437569141.000000,0.076356,-0.021673,-0.001453,0.003666,0.026492,-0.124426,0.991868,0.138334,-0.034323,0.040941,0.100044,0.095023,-0.481072,
1624840891.000000,442572117.000000,0.076987,-0.022020,-0.001265,0.003932,0.026814,-0.125603,0.991710,0.136681,-0.037091,0.050577,0.087590,0.113975,-0.451530,
1624840891.000000,447574854.000000,0.077608,-0.022380,-0.001026,0.004082,0.026935,-0.126680,0.991569,0.134998,-0.039899,0.060442,0.048919,0.025635,-0.424561,
1624840891.000000,452578068.000000,0.078132,-0.022649,-0.000995,0.004131,0.026900,-0.127714,0.991438,0.119703,-0.031616,0.032963,0.012825,-0.074244,-0.400310,
1624840891.000000,457581043.000000,0.078664,-0.022949,-0.000873,0.004065,0.026497,-0.128687,0.991323,0.113174,-0.030064,0.028305,0.009437,-0.257749,-0.393676,
1624840891.000000,462584019.000000,0.078604,-0.022578,-0.001841,0.004010,0.025911,-0.129708,0.991206,0.093305,-0.017558,-0.007616,0.035155,-0.302076,-0.428914,
1624840891.000000,552635193.000000,0.091418,-0.028548,-0.001746,0.004450,0.027015,-0.149700,0.988352,0.127803,-0.030165,0.031500,0.023615,-0.067890,-0.411018,
1624840891.000000,557638168.000000,0.091976,-0.028881,-0.001625,0.004398,0.026704,-0.150687,0.988211,0.121851,-0.030666,0.031442,0.006369,-0.175382,-0.391692,
1624840891.000000,562641144.000000,0.092070,-0.028609,-0.001958,0.004318,0.026104,-0.151759,0.988063,0.116695,-0.019510,0.013804,0.035226,-0.232477,-0.402423,
1624840891.000000,567643166.000000,0.092596,-0.028875,-0.001928,0.004313,0.025563,-0.152784,0.987920,0.114789,-0.018674,0.011452,0.036514,-0.170175,-0.422731,
1624840891.000000,572646141.000000,0.093113,-0.029135,-0.001906,0.004300,0.025257,-0.153841,0.987763,0.112941,-0.017837,0.009276,0.013972,-0.085981,-0.425982,
1624840891.000000,577649117.000000,0.093836,-0.029452,-0.001882,0.004272,0.025109,-0.154890,0.987603,0.135429,-0.016318,0.009647,0.007555,-0.036363,-0.423769,
1624840891.000000,582652092.000000,0.094473,-0.029741,-0.001873,0.004262,0.025103,-0.155947,0.987437,0.141393,-0.015208,0.008295,0.006552,0.037664,-0.434404,
1624840891.000000,587655306.000000,0.095139,-0.030034,-0.001874,0.004294,0.025330,-0.157038,0.987258,0.147302,-0.014062,0.006856,0.017130,0.151021,-0.448304,
1624840891.000000,592658281.000000,0.095787,-0.030309,-0.001910,0.004368,0.025748,-0.158140,0.987071,0.146474,-0.011775,0.001776,0.000301,0.152672,-0.438782,
1624840891.000000,597660065.000000,0.096688,-0.030612,-0.001536,0.004351,0.026348,-0.159244,0.986878,0.152059,-0.009006,0.002086,-0.006388,0.101109,-0.443923,
1624840891.000000,642686367.000000,0.102462,-0.033963,-0.002252,0.004318,0.026946,-0.169201,0.985204,0.133948,-0.029040,0.037567,0.070406,0.051124,-0.441965,
1624840891.000000,647689342.000000,0.103044,-0.034329,-0.002080,0.004472,0.027026,-0.170281,0.985015,0.130237,-0.031137,0.045901,0.057767,-0.012387,-0.432324,
1624840891.000000,652691841.000000,0.103607,-0.034701,-0.001868,0.004546,0.026844,-0.171338,0.984836,0.126585,-0.033254,0.054031,0.055446,-0.093888,-0.420647,
1624840891.000000,657695055.000000,0.104141,-0.035016,-0.001848,0.004578,0.026563,-0.172364,0.984664,0.120407,-0.027282,0.029122,0.013180,-0.134671,-0.411012,
1624840891.000000,662698030.000000,0.104221,-0.035211,-0.002652,0.004614,0.026398,-0.173396,0.984488,0.106739,-0.022794,0.000028,-0.000054,-0.172834,-0.402528,
1624840891.000000,667632103.000000,0.104671,-0.035494,-0.002692,0.004553,0.025960,-0.174386,0.984325,0.101822,-0.021786,-0.004187,0.036372,-0.166698,-0.401432,
1624840891.000000,672635317.000000,0.105292,-0.035853,-0.002653,0.004565,0.025569,-0.175389,0.984157,0.118654,-0.022506,0.003282,0.038677,-0.147347,-0.411033,
1624840891.000000,677638292.000000,0.105814,-0.036164,-0.002670,0.004561,0.025313,-0.176416,0.983980,0.120411,-0.021997,0.002819,0.016141,-0.017676,-0.420647,
1624840891.000000,682641029.000000,0.106346,-0.036478,-0.002691,0.004574,0.025391,-0.177459,0.983790,0.122218,-0.021477,0.002256,0.008654,0.030161,-0.425970,
1624840891.000000,687644243.000000,0.106948,-0.036797,-0.002765,0.004573,0.025464,-0.178517,0.983597,0.132932,-0.018319,-0.004993,-0.000841,0.062850,-0.435529,
1624840891.000000,737672091.000000,0.113696,-0.040273,-0.003038,0.004297,0.027003,-0.189548,0.981491,0.140684,-0.024048,0.030457,0.090729,0.116062,-0.454642,
1624840891.000000,742675304.000000,0.114312,-0.040655,-0.002881,0.004549,0.027241,-0.190660,0.981268,0.139753,-0.026055,0.040672,0.078152,0.087004,-0.445124,
1624840891.000000,747678280.000000,0.114839,-0.040982,-0.002804,0.004691,0.027340,-0.191743,0.981053,0.125840,-0.023832,0.032698,0.054303,0.018760,-0.436520,
1624840891.000000,752681255.000000,0.115372,-0.041329,-0.002668,0.004787,0.027286,-0.192802,0.980847,0.119560,-0.024209,0.034841,0.050244,-0.052004,-0.419583,
1624840891.000000,757683039.000000,0.115422,-0.041686,-0.002932,0.004893,0.027112,-0.193818,0.980651,0.104130,-0.026048,0.021544,0.026813,-0.229498,-0.408877,
1624840891.000000,762686253.000000,0.115834,-0.041999,-0.002850,0.004804,0.026478,-0.194845,0.980465,0.097502,-0.026528,0.021460,0.034071,-0.211988,-0.430141,
1624840891.000000,767689228.000000,0.116356,-0.042318,-0.002946,0.004776,0.026096,-0.195912,0.980263,0.105834,-0.023018,0.005312,0.007846,-0.141420,-0.424019,
1624840891.000000,772692204.000000,0.116796,-0.042625,-0.002959,0.004685,0.025763,-0.196924,0.980069,0.104142,-0.022328,0.001822,0.016855,-0.113735,-0.405643,
1624840891.000000,777695417.000000,0.117229,-0.042926,-0.002985,0.004691,0.025541,-0.197925,0.979873,0.102231,-0.021652,-0.001529,0.024892,-0.070913,-0.411026,
1624840891.000000,782698154.000000,0.117766,-0.043259,-0.002963,0.004691,0.025445,-0.198947,0.979669,0.116881,-0.019700,0.004806,0.022364,0.014422,-0.420656,
1624840891.000000,822720289.000000,0.123264,-0.046034,-0.002992,0.004537,0.027224,-0.207609,0.977822,0.151726,-0.006730,-0.003649,-0.024305,0.023672,-0.454885,
1624840891.000000,827723503.000000,0.123721,-0.046597,-0.003384,0.004433,0.026935,-0.208689,0.977601,0.142797,-0.015599,0.002998,-0.037059,-0.000265,-0.448339,
1624840891.000000,832726240.000000,0.124344,-0.046965,-0.003379,0.004343,0.026965,-0.209794,0.977364,0.142895,-0.016636,0.007752,0.002055,0.006395,-0.458994,
1624840891.000000,837729216.000000,0.124965,-0.047339,-0.003367,0.004430,0.027030,-0.210931,0.977117,0.143022,-0.017659,0.011646,0.076889,0.086488,-0.466530,
1624840891.000000,842732430.000000,0.125514,-0.047715,-0.003281,0.004664,0.027253,-0.212053,0.976867,0.134584,-0.022243,0.025019,0.075004,0.090574,-0.441022,
1624840891.000000,847735405.000000,0.126072,-0.048099,-0.003180,0.004832,0.027396,-0.213111,0.976632,0.131505,-0.024728,0.033141,0.071315,0.076940,-0.433320,
1624840891.000000,852737427.000000,0.126615,-0.048492,-0.003034,0.005010,0.027500,-0.214179,0.976394,0.128528,-0.027214,0.041483,0.061060,0.000506,-0.431425,
1624840891.000000,857740164.000000,0.127129,-0.048816,-0.003046,0.005069,0.027321,-0.215215,0.976171,0.120700,-0.020692,0.020349,0.050072,-0.113599,-0.413225,
1624840891.000000,862743378.000000,0.127371,-0.049339,-0.003548,0.005082,0.026967,-0.216241,0.975954,0.104466,-0.021762,-0.001398,0.006783,-0.251884,-0.410012,
1624840891.000000,867746353.000000,0.127786,-0.049649,-0.003600,0.004892,0.026305,-0.217263,0.975746,0.098837,-0.020746,-0.005523,0.009418,-0.238035,-0.428128,
1624840891.000000,957797289.000000,0.138929,-0.056887,-0.003189,0.005300,0.027754,-0.236537,0.971212,0.124029,-0.022574,0.038439,0.053368,-0.054093,-0.414214,
1624840891.000000,962800026.000000,0.139174,-0.057388,-0.003823,0.005370,0.027361,-0.237485,0.970991,0.109594,-0.024753,0.020089,0.016276,-0.193722,-0.412234,
1624840891.000000,967803240.000000,0.139717,-0.057777,-0.003835,0.005190,0.026750,-0.238483,0.970764,0.118073,-0.021705,0.011838,-0.001122,-0.291654,-0.408974,
1624840891.000000,972806215.000000,0.140193,-0.058147,-0.003809,0.005020,0.026053,-0.239500,0.970534,0.116992,-0.020981,0.009274,0.026737,-0.263030,-0.430220,
1624840891.000000,977809191.000000,0.140668,-0.058512,-0.003800,0.004970,0.025586,-0.240569,0.970282,0.116076,-0.020242,0.006876,0.041754,-0.075709,-0.437875,
1624840891.000000,982810974.000000,0.141128,-0.058868,-0.003809,0.005035,0.025589,-0.241597,0.970026,0.114481,-0.019539,0.004128,0.025772,0.054501,-0.401630,
1624840891.000000,987814188.000000,0.141758,-0.059293,-0.003787,0.005083,0.025731,-0.242553,0.969784,0.135248,-0.016753,0.007112,0.007556,0.059320,-0.401330,
1624840891.000000,992817163.000000,0.142326,-0.059688,-0.003785,0.005120,0.025928,-0.243557,0.969526,0.141015,-0.015305,0.006714,0.007556,0.122486,-0.421856,
1624840891.000000,997820139.000000,0.143542,-0.059717,-0.004013,0.005153,0.026605,-0.244637,0.969236,0.153527,-0.003105,-0.003903,-0.005038,0.097830,-0.436626,
1624840892.000000,2823353.000000,0.144164,-0.060047,-0.004070,0.005138,0.026769,-0.245710,0.968960,0.150529,0.000230,-0.005603,-0.005271,0.057565,-0.448388,
1624840892.000000,47848225.000000,0.149672,-0.063534,-0.004818,0.005005,0.027176,-0.255386,0.966444,0.140032,-0.008552,0.024098,0.086544,0.094720,-0.456941,
1624840892.000000,52851439.000000,0.150257,-0.063923,-0.004713,0.005253,0.027467,-0.256474,0.966146,0.137363,-0.011118,0.032971,0.066271,0.147508,-0.438778,
1624840892.000000,57854176.000000,0.150826,-0.064319,-0.004565,0.005428,0.027647,-0.257506,0.965866,0.134771,-0.013706,0.041631,0.065028,-0.000874,-0.411079,
1624840892.000000,62857151.000000,0.150713,-0.065369,-0.004693,0.005561,0.027447,-0.258457,0.965617,0.120859,-0.016101,0.010294,0.020708,-0.116114,-0.402461,
1624840892.000000,67860365.000000,0.151187,-0.065731,-0.004664,0.005442,0.027091,-0.259435,0.965365,0.115539,-0.014678,0.006143,0.008414,-0.200136,-0.404689,
1624840892.000000,72863340.000000,0.151639,-0.066074,-0.004665,0.005296,0.026483,-0.260423,0.965117,0.110140,-0.013277,0.001445,0.016357,-0.287388,-0.412095,
1624840892.000000,77866316.000000,0.152200,-0.066498,-0.004594,0.005148,0.025820,-0.261437,0.964861,0.126699,-0.014892,0.011303,0.045808,-0.219937,-0.422803,
1624840892.000000,82868099.000000,0.152718,-0.066888,-0.004560,0.005146,0.025468,-0.262471,0.964590,0.130112,-0.014656,0.011414,0.024013,-0.047894,-0.431294,
1624840892.000000,87871313.000000,0.153251,-0.067285,-0.004533,0.005149,0.025551,-0.263507,0.964305,0.133651,-0.014404,0.011356,0.003132,0.106889,-0.421795,
1624840892.000000,92874289.000000,0.153837,-0.067677,-0.004579,0.005240,0.025853,-0.264497,0.964026,0.141163,-0.009391,0.002047,0.020507,0.110499,-0.400401,
1624840892.000000,137900352.000000,0.158724,-0.072690,-0.005061,0.005156,0.027236,-0.274076,0.961309,0.149912,-0.015501,-0.001475,-0.001838,-0.003014,-0.458086,
1624840892.000000,142903328.000000,0.159272,-0.073222,-0.004825,0.005172,0.027174,-0.275171,0.960997,0.148181,-0.024773,0.028925,0.054684,-0.012233,-0.460963,
1624840892.000000,147905350.000000,0.159834,-0.073727,-0.004701,0.005330,0.027170,-0.276295,0.960674,0.147579,-0.027654,0.037945,0.084659,0.045357,-0.463329,
1624840892.000000,152908325.000000,0.160389,-0.074247,-0.004527,0.005562,0.027316,-0.277404,0.960349,0.147071,-0.030533,0.047423,0.084557,0.127842,-0.458915,
1624840892.000000,157911301.000000,0.160874,-0.074681,-0.004462,0.005827,0.027620,-0.278485,0.960026,0.133372,-0.026104,0.034361,0.076016,0.138922,-0.428213,
1624840892.000000,162914276.000000,0.160699,-0.075358,-0.004654,0.006045,0.027692,-0.279457,0.959740,0.115085,-0.029964,0.025248,0.020830,-0.079972,-0.388584,
1624840892.000000,167890310.000000,0.161095,-0.075788,-0.004565,0.005903,0.027261,-0.280391,0.959480,0.109390,-0.030075,0.024991,0.013899,-0.219209,-0.401212,
1624840892.000000,172893524.000000,0.161534,-0.076217,-0.004574,0.005767,0.026702,-0.281391,0.959204,0.111508,-0.027237,0.013580,0.014471,-0.255206,-0.419626,
1624840892.000000,177896500.000000,0.161926,-0.076629,-0.004539,0.005579,0.026059,-0.282396,0.958928,0.108356,-0.026387,0.010428,0.023620,-0.256801,-0.414187,
1624840892.000000,182898521.000000,0.162303,-0.077027,-0.004516,0.005473,0.025509,-0.283404,0.958646,0.104935,-0.025553,0.007328,0.029325,-0.182421,-0.427946,
1624840892.000000,232927561.000000,0.168083,-0.081579,-0.005404,0.005510,0.027109,-0.293896,0.955437,0.147074,-0.008140,-0.006419,-0.029214,0.085008,-0.446286,
1624840892.000000,237930536.000000,0.168624,-0.082073,-0.005317,0.005411,0.027217,-0.294939,0.955113,0.145444,-0.014164,0.009626,-0.032807,-0.017193,-0.440638,
1624840892.000000,242932558.000000,0.169185,-0.082547,-0.005288,0.005384,0.027170,-0.296023,0.954779,0.145187,-0.015427,0.015098,0.066178,0.008906,-0.467404,
1624840892.000000,247935534.000000,0.169748,-0.083031,-0.005221,0.005602,0.027173,-0.297139,0.954431,0.145524,-0.016665,0.021592,0.088250,0.017197,-0.448443,
1624840892.000000,252938271.000000,0.170269,-0.083521,-0.005044,0.005772,0.027179,-0.298192,0.954102,0.140282,-0.021034,0.039290,0.083209,0.061857,-0.443775,
1624840892.000000,257941246.000000,0.170787,-0.084015,-0.004860,0.005993,0.027306,-0.299259,0.953762,0.137624,-0.023541,0.048784,0.060329,0.048084,-0.434577,
1624840892.000000,262944460.000000,0.169934,-0.084579,-0.004939,0.006208,0.027408,-0.300248,0.953447,0.109239,-0.037217,0.038393,0.042855,0.002858,-0.411994,
1624840892.000000,267947197.000000,0.170285,-0.084923,-0.005098,0.006234,0.027286,-0.301208,0.953147,0.100554,-0.027324,0.007145,0.017600,-0.125646,-0.386547,
1624840892.000000,272950172.000000,0.170613,-0.085316,-0.005098,0.006065,0.026769,-0.302132,0.952871,0.095661,-0.025995,0.001904,0.013003,-0.292652,-0.398015,
1624840892.000000,277952433.000000,0.170922,-0.085689,-0.005128,0.005864,0.026034,-0.303121,0.952578,0.090618,-0.024673,-0.003682,0.030293,-0.271841,-0.419616,
1624840892.000000,327981472.000000,0.176434,-0.090870,-0.005536,0.005894,0.026674,-0.313464,0.949207,0.141756,-0.008634,-0.008809,-0.020744,0.060762,-0.446061,
1624840892.000000,332984447.000000,0.176946,-0.091360,-0.005603,0.005873,0.026941,-0.314525,0.948849,0.141604,-0.011889,-0.007604,-0.043006,0.096011,-0.447233,
1624840892.000000,337987423.000000,0.177476,-0.091829,-0.005676,0.005804,0.027154,-0.315572,0.948495,0.141714,-0.011719,-0.007113,-0.020949,0.070709,-0.438658,
1624840892.000000,342989206.000000,0.178005,-0.092298,-0.005750,0.005824,0.027246,-0.316613,0.948145,0.141666,-0.011556,-0.007054,0.034708,-0.024921,-0.442868,
1624840892.000000,347992420.000000,0.178480,-0.092795,-0.005631,0.005915,0.027131,-0.317693,0.947787,0.136225,-0.019223,0.020183,0.090028,0.036078,-0.467373,
1624840892.000000,352995396.000000,0.178961,-0.093288,-0.005542,0.006190,0.027288,-0.318802,0.947408,0.133675,-0.022186,0.030548,0.087102,0.106654,-0.449518,
1624840892.000000,357998371.000000,0.179423,-0.093788,-0.005400,0.006388,0.027402,-0.319826,0.947058,0.131133,-0.025179,0.040934,0.066498,0.028661,-0.419377,
1624840892.000000,363001585.000000,0.179623,-0.094765,-0.004514,0.006591,0.027518,-0.320802,0.946724,0.129747,-0.038179,0.077178,0.062337,-0.019343,-0.413051,
1624840892.000000,368004322.000000,0.180035,-0.095329,-0.004129,0.006631,0.027363,-0.321769,0.946399,0.128199,-0.041201,0.088907,0.018846,-0.117113,-0.396096,
1624840892.000000,373007298.000000,0.180434,-0.095903,-0.003684,0.006469,0.026922,-0.322700,0.946096,0.126787,-0.044251,0.100651,0.013078,-0.240625,-0.394857,
1624840892.000000,418032408.000000,0.185392,-0.100299,-0.004826,0.006438,0.027008,-0.332173,0.942810,0.167128,-0.001225,-0.000452,-0.018767,0.061848,-0.453628,
1624840892.000000,423035383.000000,0.185937,-0.100817,-0.004807,0.006433,0.027178,-0.333231,0.942432,0.156447,-0.006748,0.006308,-0.015234,0.042749,-0.445041,
1624840892.000000,428038359.000000,0.186275,-0.101277,-0.005390,0.006317,0.027115,-0.334257,0.942071,0.140414,-0.010156,0.006994,-0.014378,-0.026464,-0.455666,
1624840892.000000,433041573.000000,0.186783,-0.101756,-0.005386,0.006228,0.027093,-0.335349,0.941684,0.137170,-0.010301,0.008613,-0.031179,0.017609,-0.468606,
1624840892.000000,438044548.000000,0.187276,-0.102227,-0.005375,0.006153,0.027241,-0.336442,0.941290,0.134051,-0.010456,0.010111,-0.024074,0.048092,-0.459001,
1624840892.000000,443046331.000000,0.187750,-0.102802,-0.005203,0.006173,0.027315,-0.337504,0.940908,0.136537,-0.019643,0.027184,0.052689,0.020108,-0.442972,
1624840892.000000,448049307.000000,0.188215,-0.103321,-0.005101,0.006367,0.027332,-0.338548,0.940531,0.135263,-0.022389,0.032462,0.096705,0.067566,-0.445040,
1624840892.000000,453052521.000000,0.188668,-0.103849,-0.004954,0.006600,0.027446,-0.339602,0.940145,0.134031,-0.025133,0.038872,0.063603,0.053449,-0.443047,
1624840892.000000,458055496.000000,0.189082,-0.104318,-0.004776,0.006739,0.027469,-0.340626,0.939773,0.124303,-0.022695,0.043907,0.080193,0.024122,-0.422758,
1624840892.000000,463058472.000000,0.189348,-0.105019,-0.005269,0.006999,0.027376,-0.341631,0.939409,0.115605,-0.025060,0.031703,0.041513,-0.150714,-0.406754,
1624840892.000000,558112383.000000,0.198117,-0.115233,-0.005600,0.007034,0.027025,-0.361059,0.932125,0.138355,-0.025526,0.047334,0.075041,0.026510,-0.439866,
1624840892.000000,563115358.000000,0.198285,-0.116366,-0.005130,0.007269,0.026858,-0.362046,0.931745,0.130747,-0.037996,0.076819,0.042528,-0.010693,-0.433393,
1624840892.000000,568118334.000000,0.198644,-0.116788,-0.005173,0.007271,0.026699,-0.363040,0.931362,0.118960,-0.028014,0.043957,0.056812,-0.137318,-0.409040,
1624840892.000000,573120356.000000,0.198986,-0.117288,-0.004984,0.007207,0.026184,-0.363989,0.931007,0.114093,-0.027232,0.041097,0.039505,-0.233484,-0.411944,
1624840892.000000,578123331.000000,0.199312,-0.117771,-0.004816,0.007042,0.025686,-0.364971,0.930638,0.109259,-0.026467,0.037958,0.031282,-0.156107,-0.416529,
1624840892.000000,583126307.000000,0.199725,-0.118309,-0.004685,0.006984,0.025381,-0.365934,0.930269,0.122322,-0.023485,0.033216,0.017015,-0.119272,-0.411013,
1624840892.000000,588129520.000000,0.200105,-0.118817,-0.004554,0.006874,0.025121,-0.366899,0.929896,0.124440,-0.021830,0.030664,0.019629,-0.077714,-0.417450,
1624840892.000000,593132257.000000,0.200492,-0.119264,-0.005180,0.006859,0.025267,-0.367912,0.929492,0.132728,-0.015867,0.016605,0.020089,-0.006268,-0.433411,
1624840892.000000,598135233.000000,0.201008,-0.119870,-0.005148,0.006889,0.025328,-0.368938,0.929083,0.147368,-0.015420,0.014314,0.009312,0.073941,-0.449388,
1624840892.000000,603137255.000000,0.201505,-0.120440,-0.005120,0.006957,0.025541,-0.369981,0.928662,0.152878,-0.014053,0.012437,0.000834,0.078732,-0.443084,
1624840892.000000,653166294.000000,0.206473,-0.126322,-0.006287,0.007206,0.026750,-0.380490,0.924370,0.149692,-0.019241,0.026912,0.068129,0.154797,-0.447397,
1624840892.000000,658169508.000000,0.206891,-0.126852,-0.006241,0.007456,0.026973,-0.381498,0.923946,0.137932,-0.018437,0.024675,0.081720,0.059688,-0.433282,
1624840892.000000,663172483.000000,0.207307,-0.127576,-0.006079,0.007712,0.026970,-0.382520,0.923521,0.127714,-0.022418,0.034161,0.080914,-0.003497,-0.428186,
1624840892.000000,668175220.000000,0.207675,-0.128106,-0.005933,0.007786,0.026811,-0.383491,0.923122,0.122508,-0.023401,0.037413,0.039361,-0.122462,-0.405812,
1624840892.000000,673177242.000000,0.208020,-0.128622,-0.005770,0.007636,0.026353,-0.384425,0.922748,0.117174,-0.024420,0.040381,0.024195,-0.235521,-0.406718,
1624840892.000000,678180456.000000,0.208455,-0.129116,-0.005848,0.007442,0.025745,-0.385390,0.922364,0.120649,-0.016872,0.018571,0.043521,-0.267007,-0.420728,
1624840892.000000,683183432.000000,0.208821,-0.129601,-0.005798,0.007321,0.025225,-0.386383,0.921964,0.118099,-0.015404,0.014231,0.043625,-0.100351,-0.436627,
1624840892.000000,688186407.000000,0.209184,-0.130077,-0.005760,0.007331,0.025171,-0.387389,0.921544,0.115907,-0.013940,0.010693,-0.006384,0.008186,-0.424028,
1624840892.000000,693189383.000000,0.209555,-0.130880,-0.005995,0.007249,0.025218,-0.388399,0.921118,0.145516,-0.012282,0.005934,0.001758,-0.028413,-0.418488,
1624840892.000000,698192358.000000,0.210031,-0.131451,-0.006015,0.007249,0.025159,-0.389390,0.920701,0.150411,-0.010426,0.002818,0.027755,0.026981,-0.445148,
1624840892.000000,738214493.000000,0.214023,-0.136471,-0.006743,0.007370,0.026402,-0.397713,0.917100,0.149007,-0.010512,0.007978,-0.059758,-0.046214,-0.460276,
1624840892.000000,743217468.000000,0.214496,-0.137057,-0.006713,0.007208,0.026287,-0.398774,0.916644,0.148632,-0.011206,0.014532,0.033639,-0.057611,-0.473902,
1624840892.000000,748220444.000000,0.214967,-0.137647,-0.006647,0.007359,0.026204,-0.399879,0.916164,0.148402,-0.011878,0.021450,0.097358,0.065427,-0.475236,
1624840892.000000,753223419.000000,0.215406,-0.138238,-0.006515,0.007625,0.026385,-0.400946,0.915690,0.145200,-0.015366,0.034448,0.059706,0.125408,-0.454830,
1624840892.000000,758226633.000000,0.215903,-0.138932,-0.006622,0.007927,0.026640,-0.402013,0.915212,0.141029,-0.019367,0.025994,0.075351,0.132175,-0.440975,
1624840892.000000,763229609.000000,0.216305,-0.139517,-0.006528,0.008195,0.026786,-0.403013,0.914766,0.138362,-0.021206,0.030328,0.082298,0.022971,-0.427205,
1624840892.000000,768232346.000000,0.216690,-0.139993,-0.006593,0.008263,0.026611,-0.403982,0.914343,0.127592,-0.014544,0.012868,0.051107,-0.087304,-0.418603,
1624840892.000000,773234367.000000,0.217060,-0.140504,-0.006569,0.008200,0.026266,-0.404945,0.913927,0.122289,-0.013624,0.010339,0.040455,-0.211334,-0.418652,
1624840892.000000,778237581.000000,0.217412,-0.140990,-0.006558,0.008000,0.025654,-0.405920,0.913513,0.116770,-0.012729,0.007647,0.034132,-0.246366,-0.432442,
1624840892.000000,783240557.000000,0.217743,-0.141451,-0.006560,0.007826,0.025194,-0.406914,0.913085,0.110988,-0.011863,0.004742,0.005434,-0.140851,-0.424110,
1624840892.000000,833269358.000000,0.221533,-0.147597,-0.006937,0.008029,0.026181,-0.417059,0.908467,0.147232,-0.007539,-0.005764,-0.041141,0.024672,-0.440952,
1624840892.000000,838272333.000000,0.221980,-0.148175,-0.007001,0.007849,0.026207,-0.418076,0.908000,0.145788,-0.007098,-0.005267,-0.059654,-0.040469,-0.455975,
1624840892.000000,843274117.000000,0.222424,-0.148748,-0.007072,0.007674,0.026110,-0.419120,0.907523,0.144438,-0.006655,-0.005818,0.002157,-0.100318,-0.463440,
1624840892.000000,848277330.000000,0.222824,-0.149377,-0.006932,0.007689,0.025863,-0.420197,0.907032,0.144423,-0.016384,0.023031,0.124694,-0.015487,-0.486774,
1624840892.000000,853280306.000000,0.223224,-0.149990,-0.006828,0.008032,0.025859,-0.421314,0.906511,0.143172,-0.019978,0.033183,0.106282,0.100094,-0.477460,
1624840892.000000,858283281.000000,0.223607,-0.150612,-0.006675,0.008268,0.026087,-0.422355,0.906017,0.142026,-0.023602,0.043518,0.030815,0.154637,-0.443134,
1624840892.000000,863286495.000000,0.223470,-0.151746,-0.006546,0.008452,0.026165,-0.423344,0.905551,0.128950,-0.026922,0.037161,0.038444,0.040037,-0.420863,
1624840892.000000,868289232.000000,0.223781,-0.152322,-0.006400,0.008519,0.026023,-0.424279,0.905118,0.124033,-0.025790,0.035397,0.080157,-0.081863,-0.400626,
1624840892.000000,873291254.000000,0.224073,-0.152868,-0.006247,0.008560,0.025685,-0.425202,0.904693,0.118519,-0.024686,0.034369,0.072904,-0.158516,-0.418586,
1624840892.000000,878294230.000000,0.224406,-0.153443,-0.006135,0.008454,0.025232,-0.426184,0.904245,0.123693,-0.022139,0.029811,0.027973,-0.178134,-0.433783,
1624840892.000000,918317318.000000,0.227833,-0.158947,-0.006687,0.008316,0.025383,-0.434267,0.900388,0.162854,-0.008517,-0.005676,-0.015518,-0.048212,-0.462339,
1624840892.000000,923320293.000000,0.228312,-0.159610,-0.006769,0.008235,0.025337,-0.435318,0.899883,0.165063,-0.005831,-0.009734,-0.000687,0.066857,-0.470920,
1624840892.000000,928323269.000000,0.228403,-0.159675,-0.007322,0.008337,0.025605,-0.436332,0.899383,0.149995,-0.009086,-0.008702,-0.014304,0.147042,-0.463510,
1624840892.000000,933326483.000000,0.228830,-0.160291,-0.007406,0.008352,0.025885,-0.437348,0.898881,0.150288,-0.008826,-0.008860,-0.048501,0.047042,-0.444250,
1624840892.000000,938329458.000000,0.229256,-0.160907,-0.007493,0.008192,0.025942,-0.438345,0.898395,0.150413,-0.008572,-0.009256,-0.054995,-0.044459,-0.453740,
1624840892.000000,943331242.000000,0.229615,-0.161534,-0.007339,0.008089,0.025907,-0.439390,0.897886,0.145664,-0.014916,0.015928,0.041701,0.021978,-0.474121,
1624840892.000000,948334455.000000,0.229998,-0.162157,-0.007293,0.008301,0.025940,-0.440463,0.897358,0.144178,-0.016714,0.022125,0.094637,0.039971,-0.474141,
1624840892.000000,953337431.000000,0.230370,-0.162783,-0.007205,0.008506,0.025932,-0.441525,0.896834,0.142760,-0.018516,0.029158,0.085623,0.061214,-0.469801,
1624840892.000000,958340406.000000,0.230599,-0.163869,-0.007421,0.008819,0.025828,-0.442542,0.896332,0.135861,-0.022230,0.028755,0.059158,0.063086,-0.463495,
1624840892.000000,963343382.000000,0.230920,-0.164475,-0.007303,0.008970,0.025893,-0.443556,0.895828,0.132159,-0.022852,0.031882,0.056939,0.049960,-0.432672,
1624840893.000000,53394556.000000,0.235890,-0.174608,-0.006516,0.009031,0.025767,-0.461504,0.886718,0.132833,-0.019133,0.038182,0.060518,0.071837,-0.465545,
1624840893.000000,58397532.000000,0.235945,-0.175259,-0.006268,0.009411,0.025890,-0.462512,0.886185,0.120358,-0.026425,0.049916,0.086087,0.058556,-0.458276,
1624840893.000000,63400507.000000,0.236183,-0.175838,-0.006027,0.009620,0.025899,-0.463499,0.885666,0.117620,-0.028412,0.057704,0.068278,0.007189,-0.424214,
1624840893.000000,68403482.000000,0.236430,-0.176296,-0.006012,0.009647,0.025727,-0.464415,0.885192,0.107400,-0.020561,0.035786,0.049777,-0.122264,-0.406977,
1624840893.000000,73406458.000000,0.236650,-0.176790,-0.005867,0.009527,0.025311,-0.465323,0.884728,0.102106,-0.019483,0.033437,0.034093,-0.194654,-0.405000,
1624840893.000000,78408480.000000,0.236856,-0.177256,-0.005736,0.009342,0.024882,-0.466243,0.884258,0.096454,-0.018432,0.030974,0.025336,-0.159629,-0.431461,
1624840893.000000,83411455.000000,0.237118,-0.177794,-0.005630,0.009220,0.024585,-0.467218,0.883752,0.108052,-0.017093,0.027318,0.015960,-0.098981,-0.431819,
1624840893.000000,88414669.000000,0.237360,-0.178295,-0.005527,0.009110,0.024379,-0.468157,0.883262,0.109846,-0.015911,0.024821,0.011519,-0.099896,-0.425070,
1624840893.000000,93417406.000000,0.237892,-0.178771,-0.005830,0.009075,0.024431,-0.469176,0.882720,0.122601,-0.009863,0.011545,0.020178,-0.013670,-0.427406,
1624840893.000000,98420382.000000,0.238243,-0.179366,-0.005797,0.009147,0.024504,-0.470128,0.882211,0.132702,-0.008061,0.010943,0.021328,0.066621,-0.439033,
1624840893.000000,143445253.000000,0.241241,-0.185320,-0.006155,0.009496,0.025928,-0.479081,0.877337,0.142249,-0.008772,0.008531,0.023463,0.060178,-0.448685,
1624840893.000000,148448229.000000,0.241549,-0.185933,-0.006014,0.009593,0.025987,-0.480068,0.876794,0.136981,-0.013105,0.028567,0.047939,0.039616,-0.452919,
1624840893.000000,153451204.000000,0.241861,-0.186551,-0.005886,0.009765,0.026041,-0.481075,0.876238,0.135004,-0.015023,0.037415,0.076713,0.069485,-0.462559,
1624840893.000000,158454418.000000,0.242176,-0.187619,-0.005614,0.010119,0.026095,-0.482089,0.875675,0.132866,-0.023678,0.057786,0.087523,0.021219,-0.449913,
1624840893.000000,163457394.000000,0.242419,-0.188131,-0.005568,0.010249,0.025996,-0.483056,0.875143,0.120424,-0.019751,0.041797,0.057768,-0.018592,-0.431675,
1624840893.000000,168460131.000000,0.242655,-0.188690,-0.005384,0.010261,0.025869,-0.483989,0.874631,0.115256,-0.019954,0.043185,0.030926,-0.086823,-0.415764,
1624840893.000000,173462391.000000,0.242876,-0.189229,-0.005197,0.010131,0.025530,-0.484888,0.874145,0.110066,-0.020189,0.044122,0.035235,-0.191054,-0.403989,
1624840893.000000,178465366.000000,0.243132,-0.189783,-0.005079,0.009941,0.025036,-0.485779,0.873667,0.113452,-0.016816,0.035054,0.044883,-0.206061,-0.405067,
1624840893.000000,183468342.000000,0.243365,-0.190311,-0.004940,0.009777,0.024598,-0.486681,0.873178,0.111747,-0.015616,0.031866,0.024748,-0.158156,-0.416779,
1624840893.000000,188471556.000000,0.243597,-0.190828,-0.004818,0.009641,0.024356,-0.487606,0.872671,0.110073,-0.014420,0.028671,0.002195,-0.043965,-0.424300,
1624840893.000000,233497381.000000,0.246519,-0.197265,-0.006806,0.009852,0.025399,-0.496288,0.867731,0.159022,-0.001264,-0.017500,-0.013725,-0.013490,-0.455351,
1624840893.000000,238499403.000000,0.246755,-0.197999,-0.006522,0.009840,0.025504,-0.497276,0.867162,0.156493,-0.011788,0.010623,-0.024082,0.064734,-0.468913,
1624840893.000000,243502378.000000,0.247096,-0.198704,-0.006487,0.009871,0.025699,-0.498288,0.866574,0.157053,-0.012610,0.016038,0.015874,0.085650,-0.450142,
1624840893.000000,248505354.000000,0.247433,-0.199414,-0.006426,0.010052,0.025854,-0.499237,0.866021,0.157536,-0.013449,0.021413,0.051632,0.095199,-0.442203,
1624840893.000000,253508329.000000,0.247770,-0.200134,-0.006342,0.010269,0.026001,-0.500215,0.865450,0.158379,-0.014266,0.026502,0.076752,0.096234,-0.452129,
1624840893.000000,258511543.000000,0.247611,-0.200406,-0.006272,0.010607,0.026128,-0.501177,0.864885,0.130261,-0.020840,0.038520,0.064286,0.069867,-0.438331,
1624840893.000000,263514519.000000,0.247845,-0.201031,-0.006092,0.010740,0.026122,-0.502117,0.864338,0.127223,-0.022401,0.045862,0.068182,-0.037907,-0.434960,
1624840893.000000,268517256.000000,0.248066,-0.201648,-0.005872,0.010733,0.025836,-0.503062,0.863797,0.124224,-0.023970,0.053242,0.049431,-0.142224,-0.425565,
1624840893.000000,273520470.000000,0.248316,-0.202173,-0.005920,0.010589,0.025483,-0.503976,0.863277,0.117499,-0.016843,0.028627,0.027734,-0.140131,-0.422178,
1624840893.000000,278522491.000000,0.248530,-0.202719,-0.005815,0.010451,0.025164,-0.504885,0.862756,0.112794,-0.015816,0.025738,0.024757,-0.150228,-0.406419,
1624840893.000000,328551531.000000,0.250790,-0.208456,-0.006175,0.010216,0.025386,-0.514225,0.857219,0.138367,-0.002153,-0.004439,-0.017955,0.031702,-0.453332,
1624840893.000000,333554506.000000,0.251068,-0.209081,-0.006172,0.010206,0.025508,-0.515194,0.856633,0.137702,-0.005269,0.001282,-0.008575,0.050995,-0.453286,
1624840893.000000,338556528.000000,0.251367,-0.209703,-0.006208,0.010192,0.025607,-0.516167,0.856045,0.138096,-0.005160,0.001142,-0.031711,-0.006978,-0.457525,
1624840893.000000,343559265.000000,0.251666,-0.210327,-0.006249,0.010074,0.025661,-0.517147,0.855453,0.138528,-0.005046,0.000657,-0.028977,0.045005,-0.458637,
1624840893.000000,348562479.000000,0.251928,-0.210960,-0.006130,0.010156,0.025869,-0.518131,0.854849,0.136116,-0.010368,0.022361,0.024533,0.100198,-0.468140,
1624840893.000000,353565454.000000,0.252195,-0.211595,-0.006033,0.010376,0.026035,-0.519124,0.854239,0.135061,-0.012426,0.031231,0.084147,0.128025,-0.449182,
1624840893.000000,358568430.000000,0.252615,-0.212115,-0.005675,0.010727,0.026303,-0.520052,0.853662,0.136076,-0.012922,0.052741,0.082179,0.082186,-0.441489,
1624840893.000000,363571644.000000,0.252874,-0.212768,-0.005430,0.010930,0.026349,-0.521003,0.853078,0.135794,-0.014988,0.062698,0.070123,0.063405,-0.441696,
1624840893.000000,368574381.000000,0.253083,-0.213198,-0.005457,0.011076,0.026358,-0.521930,0.852509,0.115741,-0.009954,0.039786,0.036338,-0.043588,-0.422473,
1624840893.000000,373577356.000000,0.253300,-0.213731,-0.005287,0.010942,0.026054,-0.522821,0.851974,0.109715,-0.010030,0.041207,0.042264,-0.196006,-0.411749,
1624840893.000000,458625317.000000,0.259746,-0.225658,-0.009359,0.010613,0.026161,-0.538710,0.842018,0.147818,0.005685,0.003765,0.090168,0.119407,-0.443025,
1624840893.000000,463628531.000000,0.260078,-0.226319,-0.009397,0.010917,0.026260,-0.539628,0.841423,0.146114,0.004106,0.010459,0.070578,0.090239,-0.430147,
1624840893.000000,468631268.000000,0.260396,-0.226972,-0.009392,0.011095,0.026363,-0.540536,0.840835,0.144048,0.002502,0.017539,0.051759,0.050243,-0.432331,
1624840893.000000,473634243.000000,0.260700,-0.227617,-0.009342,0.011184,0.026315,-0.541437,0.840255,0.141701,0.000882,0.024981,0.039496,-0.049312,-0.416446,
1624840893.000000,478636265.000000,0.261025,-0.228137,-0.009527,0.011036,0.026003,-0.542303,0.839708,0.130239,0.008889,-0.000000,0.031653,-0.240893,-0.409872,
1624840893.000000,483639479.000000,0.261329,-0.228698,-0.009580,0.010703,0.025388,-0.543186,0.839160,0.125106,0.010433,-0.003479,0.025574,-0.247410,-0.421693,
1624840893.000000,488642454.000000,0.261632,-0.229237,-0.009643,0.010451,0.024982,-0.544079,0.838597,0.120215,0.011965,-0.006626,0.009410,-0.152935,-0.419615,
1624840893.000000,493645191.000000,0.261681,-0.230686,-0.010026,0.010372,0.024732,-0.544964,0.838031,0.147807,0.006904,-0.013294,0.037000,-0.054874,-0.415368,
1624840893.000000,498648405.000000,0.262013,-0.231349,-0.010140,0.010409,0.024638,-0.545834,0.837466,0.150224,0.007832,-0.015047,0.029997,-0.006906,-0.411144,
1624840893.000000,503651381.000000,0.262353,-0.232019,-0.010261,0.010446,0.024674,-0.546703,0.836898,0.152534,0.008773,-0.016617,0.011473,0.071991,-0.422773,
1624840893.000000,548676252.000000,0.266589,-0.239630,-0.012135,0.010819,0.026107,-0.555021,0.831356,0.173686,0.023716,-0.032919,0.002925,-0.069058,-0.454878,
1624840893.000000,553679466.000000,0.266992,-0.240427,-0.012200,0.010783,0.025990,-0.555985,0.830716,0.176503,0.017103,-0.011491,0.031115,-0.001178,-0.471886,
1624840893.000000,558682442.000000,0.267305,-0.241956,-0.012127,0.010855,0.025782,-0.556983,0.830053,0.181205,0.007125,0.014244,0.062636,0.168394,-0.475331,
1624840893.000000,563685417.000000,0.267679,-0.242788,-0.012092,0.011271,0.026098,-0.557937,0.829396,0.181881,0.005057,0.023526,0.085429,0.193444,-0.439088,
1624840893.000000,568688393.000000,0.268014,-0.243439,-0.012181,0.011606,0.026286,-0.558816,0.828794,0.162148,0.008369,0.011428,0.079856,0.076403,-0.416519,
1624840893.000000,573691368.000000,0.268351,-0.244164,-0.012170,0.011740,0.026221,-0.559684,0.828208,0.156172,0.008014,0.013249,0.054454,-0.053991,-0.416637,
1624840893.000000,578694344.000000,0.268673,-0.244863,-0.012142,0.011623,0.025964,-0.560554,0.827629,0.150159,0.007630,0.015365,0.006420,-0.157862,-0.419823,
1624840893.000000,583696365.000000,0.268981,-0.245534,-0.012090,0.011297,0.025533,-0.561426,0.827056,0.144042,0.007214,0.018075,0.008338,-0.279430,-0.413490,
1624840893.000000,588699579.000000,0.269341,-0.246247,-0.012212,0.010893,0.024883,-0.562290,0.826494,0.149250,0.011171,0.000131,0.035223,-0.288610,-0.418688,
1624840893.000000,593702316.000000,0.268958,-0.246608,-0.012745,0.010575,0.024338,-0.563222,0.825880,0.138013,0.009491,-0.014220,0.027906,-0.129648,-0.423154,
1624840893.000000,638728619.000000,0.271949,-0.253608,-0.013819,0.011392,0.025794,-0.571323,0.820241,0.174919,0.022731,-0.022509,-0.026381,0.106779,-0.432662,
1624840893.000000,643731356.000000,0.272358,-0.254383,-0.013986,0.011402,0.025978,-0.572221,0.819608,0.174995,0.024061,-0.023065,-0.018085,0.008347,-0.442454,
1624840893.000000,648733377.000000,0.272733,-0.255152,-0.014103,0.011322,0.025993,-0.573129,0.818974,0.172185,0.020429,-0.016171,-0.029492,0.010737,-0.445573,
1624840893.000000,653736591.000000,0.273117,-0.255920,-0.014225,0.011238,0.026038,-0.574049,0.818330,0.171041,0.019771,-0.012922,-0.000155,-0.068422,-0.455166,
1624840893.000000,658739567.000000,0.272252,-0.256103,-0.013930,0.011003,0.025414,-0.574971,0.817705,0.156940,0.006665,-0.002885,0.068377,-0.009055,-0.465939,
1624840893.000000,663742542.000000,0.272505,-0.256835,-0.013822,0.011259,0.025456,-0.575934,0.817022,0.153983,0.001134,0.017938,0.095126,0.124975,-0.474396,
1624840893.000000,668745518.000000,0.272760,-0.257548,-0.013753,0.011624,0.025625,-0.576881,0.816344,0.151294,-0.001173,0.026852,0.089666,0.158339,-0.434155,
1624840893.000000,673748493.000000,0.273000,-0.258256,-0.013630,0.011917,0.025776,-0.577725,0.815737,0.148499,-0.003523,0.036352,0.045066,0.038211,-0.407093,
1624840893.000000,678751469.000000,0.273264,-0.258858,-0.013679,0.011877,0.025629,-0.578563,0.815149,0.135359,0.004530,0.013590,0.039311,-0.128977,-0.406297,
1624840893.000000,683754444.000000,0.273508,-0.259474,-0.013652,0.011678,0.025234,-0.579397,0.814571,0.128984,0.006289,0.009179,0.016451,-0.207223,-0.408323,
1624840893.000000,733782291.000000,0.274702,-0.265923,-0.014053,0.011310,0.024819,-0.588239,0.808227,0.160408,0.014721,-0.017138,-0.024438,0.064989,-0.442544,
1624840893.000000,738785505.000000,0.275020,-0.266659,-0.014187,0.011392,0.025063,-0.589135,0.807565,0.161008,0.016888,-0.019049,-0.011578,0.094823,-0.450029,
1624840893.000000,743788242.000000,0.275319,-0.267386,-0.014311,0.011464,0.025268,-0.590038,0.806899,0.159175,0.015514,-0.018184,-0.022088,0.099225,-0.441602,
1624840893.000000,748791218.000000,0.275632,-0.268116,-0.014447,0.011486,0.025500,-0.590920,0.806245,0.159097,0.016262,-0.018871,-0.047789,0.024919,-0.445677,
1624840893.000000,753793240.000000,0.275947,-0.268844,-0.014593,0.011370,0.025536,-0.591834,0.805575,0.158965,0.017021,-0.020306,-0.000116,-0.011188,-0.459677,
1624840893.000000,758796453.000000,0.275311,-0.269698,-0.014517,0.011290,0.025181,-0.592762,0.804905,0.150533,-0.003477,0.012937,0.063128,0.012491,-0.455475,
1624840893.000000,763799429.000000,0.275513,-0.270428,-0.014476,0.011425,0.025100,-0.593681,0.804228,0.149232,-0.006343,0.021636,0.082222,-0.007453,-0.456446,
1624840893.000000,768802166.000000,0.275698,-0.271157,-0.014389,0.011611,0.025045,-0.594611,0.803540,0.147806,-0.009204,0.030583,0.088544,0.120858,-0.462907,
1624840893.000000,773805380.000000,0.275890,-0.271792,-0.014420,0.011981,0.025261,-0.595521,0.802853,0.136995,-0.004742,0.017308,0.063102,0.125820,-0.434253,
1624840893.000000,778808355.000000,0.276063,-0.272444,-0.014373,0.012115,0.025269,-0.596354,0.802232,0.132014,-0.004752,0.017765,0.052185,-0.045842,-0.397848,
1624840893.000000,823833227.000000,0.276318,-0.278122,-0.014553,0.011352,0.023928,-0.604010,0.796536,0.156628,0.004284,-0.014339,-0.015750,0.103995,-0.460803,
1624840893.000000,828836441.000000,0.276555,-0.278871,-0.014671,0.011414,0.024137,-0.604926,0.795834,0.159642,0.006858,-0.017429,-0.009598,0.039807,-0.452431,
1624840893.000000,833839417.000000,0.276806,-0.279630,-0.014806,0.011408,0.024193,-0.605813,0.795157,0.162641,0.009430,-0.020578,-0.006130,0.027401,-0.446879,
1624840893.000000,838842392.000000,0.277002,-0.280309,-0.014848,0.011437,0.024339,-0.606709,0.794469,0.154215,0.007494,-0.013016,-0.021178,0.078756,-0.455522,
1624840893.000000,843845367.000000,0.277240,-0.281037,-0.014952,0.011536,0.024620,-0.607605,0.793774,0.153738,0.008710,-0.012933,-0.026515,0.167443,-0.448098,
1624840893.000000,848848343.000000,0.277482,-0.281761,-0.015057,0.011691,0.024978,-0.608479,0.793091,0.153256,0.009916,-0.012884,-0.025428,0.076388,-0.441613,
1624840893.000000,853851318.000000,0.277684,-0.282463,-0.015080,0.011624,0.025008,-0.609354,0.792419,0.148046,0.005684,-0.001826,-0.002074,-0.047896,-0.440599,
1624840893.000000,858853579.000000,0.277552,-0.283091,-0.015429,0.011364,0.024524,-0.610231,0.791762,0.140549,-0.002832,0.006625,0.032089,-0.027710,-0.460809,
1624840893.000000,863856554.000000,0.277714,-0.283774,-0.015424,0.011459,0.024477,-0.611165,0.791042,0.138568,-0.003849,0.010976,0.079935,0.048911,-0.472700,
1624840893.000000,868859291.000000,0.277819,-0.284430,-0.015285,0.011686,0.024446,-0.612080,0.790332,0.132817,-0.009576,0.027405,0.087667,0.017524,-0.440756,
1624840893.000000,958910465.000000,0.278523,-0.296039,-0.015552,0.011556,0.024012,-0.627531,0.778136,0.138460,-0.004071,-0.007315,0.011743,-0.031151,-0.450254,
1624840893.000000,963913679.000000,0.278542,-0.296660,-0.015287,0.011578,0.023915,-0.628428,0.777414,0.128272,-0.013873,0.026950,0.078876,0.014095,-0.459096,
1624840893.000000,968916416.000000,0.278602,-0.297304,-0.015163,0.011821,0.023874,-0.629317,0.776692,0.124979,-0.016797,0.036535,0.098361,0.069806,-0.455705,
1624840893.000000,973919392.000000,0.278645,-0.297939,-0.014988,0.012056,0.023860,-0.630191,0.775980,0.121943,-0.019725,0.046563,0.081040,0.031619,-0.432449,
1624840893.000000,978922606.000000,0.278721,-0.298517,-0.014952,0.012169,0.023763,-0.631012,0.775313,0.114934,-0.013866,0.029707,0.055564,-0.026889,-0.419408,
1624840893.000000,983925343.000000,0.278770,-0.299088,-0.014834,0.012139,0.023597,-0.631828,0.774654,0.109907,-0.013337,0.029172,0.035224,-0.091363,-0.412167,
1624840893.000000,988928318.000000,0.277777,-0.299542,-0.014778,0.011799,0.023204,-0.632638,0.774010,0.096406,-0.020557,0.013015,0.012865,-0.204849,-0.394073,
1624840893.000000,993930101.000000,0.277824,-0.300145,-0.014773,0.011444,0.022755,-0.633408,0.773399,0.105425,-0.016772,0.007825,0.020285,-0.224354,-0.400359,
1624840893.000000,998933315.000000,0.277849,-0.300675,-0.014770,0.011150,0.022333,-0.634209,0.772759,0.104278,-0.015223,0.004335,0.026826,-0.186804,-0.418593,
1624840894.000000,3936291.000000,0.277878,-0.301201,-0.014781,0.010941,0.022010,-0.635024,0.772101,0.103422,-0.013680,0.000927,0.030978,-0.096063,-0.415437,
1624840894.000000,53965330.000000,0.278157,-0.308612,-0.015032,0.011520,0.023168,-0.643480,0.765025,0.136335,-0.007981,0.000310,-0.027792,0.036569,-0.452701,
1624840894.000000,58968306.000000,0.278165,-0.309293,-0.014963,0.011545,0.023254,-0.644352,0.764288,0.134184,-0.014564,0.011462,0.026567,0.038502,-0.460157,
1624840894.000000,63970327.000000,0.278203,-0.309961,-0.014936,0.011647,0.023233,-0.645223,0.763553,0.132454,-0.015940,0.014947,0.061889,-0.008869,-0.442139,
1624840894.000000,68973303.000000,0.278231,-0.310617,-0.014889,0.011745,0.023116,-0.646071,0.762837,0.130257,-0.017334,0.018631,0.084097,0.034832,-0.457811,
1624840894.000000,73976278.000000,0.278235,-0.311218,-0.014766,0.011992,0.023123,-0.646955,0.762083,0.121274,-0.019475,0.030300,0.074710,0.072886,-0.448689,
1624840894.000000,78979254.000000,0.278232,-0.311828,-0.014626,0.012150,0.023109,-0.647780,0.761380,0.117185,-0.021206,0.037546,0.057420,-0.004733,-0.423803,
1624840894.000000,83982468.000000,0.278219,-0.312424,-0.014448,0.012144,0.022926,-0.648588,0.760698,0.113058,-0.022951,0.044682,0.054325,-0.103390,-0.418627,
1624840894.000000,88985443.000000,0.277665,-0.312894,-0.014542,0.011951,0.022777,-0.649381,0.760028,0.107846,-0.018263,0.007708,0.024544,-0.158657,-0.413365,
1624840894.000000,93988419.000000,0.277662,-0.313433,-0.014539,0.011671,0.022441,-0.650166,0.759371,0.104077,-0.016408,0.002854,0.011488,-0.183984,-0.410078,
1624840894.000000,98990202.000000,0.277664,-0.313950,-0.014561,0.011364,0.022055,-0.650951,0.758714,0.100278,-0.014571,-0.002122,0.020190,-0.206190,-0.408017,
1624840894.000000,144016266.000000,0.276726,-0.320128,-0.013390,0.011950,0.022671,-0.658451,0.752188,0.140412,-0.012633,0.002771,-0.024541,0.071430,-0.461286,
1624840894.000000,149019480.000000,0.276739,-0.320829,-0.013383,0.011987,0.022871,-0.659302,0.751434,0.139536,-0.014072,0.005440,-0.028969,0.077569,-0.447355,
1624840894.000000,154022455.000000,0.276760,-0.321530,-0.013389,0.011991,0.023023,-0.660138,0.750696,0.139415,-0.013823,0.005544,-0.029889,-0.006704,-0.451510,
1624840894.000000,159025431.000000,0.277050,-0.322560,-0.014054,0.011539,0.022735,-0.660950,0.749997,0.136014,-0.013747,0.000797,-0.009943,0.031415,-0.461232,
1624840894.000000,164027452.000000,0.277071,-0.323240,-0.014091,0.011644,0.022856,-0.661813,0.749230,0.134890,-0.013487,0.000802,0.033780,0.067621,-0.462220,
1624840894.000000,169030428.000000,0.277002,-0.323903,-0.013749,0.011833,0.022866,-0.662679,0.748461,0.129999,-0.021968,0.036775,0.102961,0.062603,-0.456941,
1624840894.000000,173919916.000000,0.276967,-0.324566,-0.013567,0.012099,0.022811,-0.663526,0.747708,0.127814,-0.024272,0.046105,0.078971,0.032412,-0.443068,
1624840894.000000,178923130.000000,0.276919,-0.325222,-0.013345,0.012212,0.022765,-0.664351,0.746974,0.125522,-0.026592,0.055206,0.061147,0.029684,-0.440875,
1624840894.000000,183926105.000000,0.276897,-0.325788,-0.013281,0.012300,0.022670,-0.665166,0.746250,0.113686,-0.021841,0.035282,0.046830,-0.083683,-0.419738,
1624840894.000000,188929081.000000,0.276814,-0.326279,-0.013372,0.012044,0.022540,-0.665915,0.745590,0.103416,-0.018683,0.027657,0.037859,-0.197012,-0.412017,
1624840894.000000,233954191.000000,0.276298,-0.332186,-0.013539,0.011757,0.021906,-0.673176,0.739064,0.150188,-0.007326,-0.006592,0.015294,0.130984,-0.462219,
1624840894.000000,238957167.000000,0.276333,-0.332942,-0.013595,0.012014,0.022179,-0.674014,0.738288,0.153390,-0.005603,-0.007477,-0.020244,0.119655,-0.451439,
1624840894.000000,243959904.000000,0.276356,-0.333646,-0.013607,0.012035,0.022408,-0.674842,0.737524,0.146324,-0.006296,-0.001559,-0.042365,0.058152,-0.452513,
1624840894.000000,248963118.000000,0.276390,-0.334375,-0.013648,0.012080,0.022589,-0.675681,0.736749,0.145499,-0.005538,-0.000876,-0.012082,0.083874,-0.462111,
1624840894.000000,253966093.000000,0.276426,-0.335100,-0.013686,0.012150,0.022750,-0.676528,0.735965,0.144822,-0.004778,0.000054,-0.016341,0.028193,-0.454750,
1624840894.000000,258969069.000000,0.276751,-0.335816,-0.014867,0.011821,0.022495,-0.677318,0.735252,0.137522,-0.010628,0.005942,-0.024106,-0.063592,-0.451421,
1624840894.000000,263971329.000000,0.276748,-0.336513,-0.014834,0.011739,0.022456,-0.678171,0.734467,0.137068,-0.011878,0.013687,0.029129,0.037816,-0.482278,
1624840894.000000,268974066.000000,0.276741,-0.337223,-0.014771,0.011988,0.022539,-0.679065,0.733634,0.137300,-0.013085,0.021212,0.090060,0.113044,-0.473016,
1624840894.000000,273976803.000000,0.276727,-0.337920,-0.014699,0.012301,0.022577,-0.679895,0.732859,0.136787,-0.014312,0.027457,0.080620,0.082886,-0.433317,
1624840894.000000,278980017.000000,0.276702,-0.338498,-0.014574,0.012499,0.022595,-0.680684,0.732122,0.123607,-0.014761,0.034775,0.053671,0.037359,-0.436431,
1624840894.000000,329009056.000000,0.276189,-0.343225,-0.013252,0.011748,0.021466,-0.688553,0.724773,0.130498,-0.003055,0.015802,-0.011318,0.030197,-0.461171,
1624840894.000000,334012032.000000,0.276211,-0.343891,-0.013201,0.011740,0.021551,-0.689386,0.723978,0.134486,-0.001873,0.015818,-0.013514,0.068333,-0.464210,
1624840894.000000,339014053.000000,0.276254,-0.344371,-0.013251,0.011893,0.021781,-0.690230,0.723165,0.124145,0.001286,0.008171,-0.002798,0.120358,-0.469626,
1624840894.000000,344016790.000000,0.276292,-0.344987,-0.013259,0.012038,0.022025,-0.691061,0.722361,0.124564,0.002887,0.005564,-0.038816,0.116562,-0.448372,
1624840894.000000,349020004.000000,0.276336,-0.345597,-0.013293,0.012100,0.022290,-0.691857,0.721589,0.124634,0.004474,0.002243,-0.026568,0.051387,-0.450262,
1624840894.000000,354022980.000000,0.276352,-0.346183,-0.013281,0.012098,0.022383,-0.692686,0.720791,0.120075,0.001090,0.006925,-0.023795,0.042063,-0.466457,
1624840894.000000,359025955.000000,0.276364,-0.347918,-0.014463,0.011890,0.022286,-0.693503,0.720010,0.134515,-0.000683,0.008217,-0.007373,-0.020543,-0.468586,
1624840894.000000,364029169.000000,0.276381,-0.348588,-0.014434,0.011841,0.022225,-0.694355,0.719192,0.134336,-0.001057,0.011014,0.029189,0.009015,-0.479172,
1624840894.000000,369030952.000000,0.276350,-0.349198,-0.014211,0.012007,0.022285,-0.695220,0.718351,0.125720,-0.007090,0.035219,0.060976,0.103212,-0.475054,
1624840894.000000,374033928.000000,0.276331,-0.349829,-0.014042,0.012341,0.022393,-0.696055,0.717533,0.122725,-0.009354,0.044983,0.089845,0.152683,-0.454713,
1624840894.000000,459083080.000000,0.273150,-0.358307,-0.014703,0.011798,0.021671,-0.709441,0.704333,0.118762,-0.006420,-0.009625,-0.023526,-0.007914,-0.466546,
1624840894.000000,464086056.000000,0.273043,-0.358900,-0.014514,0.011763,0.021656,-0.710272,0.703496,0.116622,-0.014416,0.020098,0.039431,-0.049197,-0.477181,
1624840894.000000,469089031.000000,0.272961,-0.359486,-0.014433,0.011782,0.021482,-0.711125,0.702639,0.115138,-0.016775,0.028629,0.083297,0.037262,-0.486772,
1624840894.000000,474092007.000000,0.272866,-0.360071,-0.014293,0.012108,0.021539,-0.711974,0.701771,0.113984,-0.019135,0.037951,0.085367,0.145765,-0.473012,
1624840894.000000,479094028.000000,0.272808,-0.360566,-0.014246,0.012471,0.021655,-0.712773,0.700950,0.102250,-0.014373,0.026969,0.073575,0.128259,-0.435659,
1624840894.000000,484097004.000000,0.272730,-0.361068,-0.014132,0.012685,0.021686,-0.713512,0.700193,0.096843,-0.013956,0.027916,0.043840,-0.016416,-0.411069,
1624840894.000000,489100218.000000,0.271463,-0.361850,-0.014387,0.012610,0.021563,-0.714214,0.699482,0.086774,-0.019902,0.022318,0.033877,-0.208593,-0.405798,
1624840894.000000,494102955.000000,0.271372,-0.362345,-0.014346,0.012182,0.021072,-0.714948,0.698754,0.091160,-0.017233,0.012073,0.015142,-0.272780,-0.428103,
1624840894.000000,499105930.000000,0.271278,-0.362777,-0.014271,0.011675,0.020588,-0.715724,0.697982,0.087842,-0.016114,0.009713,0.017888,-0.305803,-0.442143,
1624840894.000000,504109144.000000,0.271188,-0.363198,-0.014214,0.011224,0.020075,-0.716506,0.697201,0.084827,-0.015012,0.006800,0.036357,-0.175661,-0.446265,
1624840894.000000,549134731.000000,0.269649,-0.367626,-0.013814,0.012207,0.021278,-0.723555,0.689831,0.126003,-0.005995,-0.003051,-0.012723,0.118288,-0.454941,
1624840894.000000,554137230.000000,0.269247,-0.369188,-0.015776,0.011947,0.021091,-0.724321,0.689036,0.127855,-0.009222,-0.016660,-0.033046,0.058010,-0.454824,
1624840894.000000,559139967.000000,0.269123,-0.369779,-0.015711,0.011928,0.021232,-0.725116,0.688196,0.123054,-0.013791,0.001768,-0.021646,0.011595,-0.475072,
1624840894.000000,564142942.000000,0.269019,-0.370380,-0.015711,0.011920,0.021234,-0.725943,0.687324,0.121112,-0.014735,0.007342,0.042400,0.003940,-0.478410,
1624840894.000000,569145918.000000,0.268910,-0.370975,-0.015677,0.012034,0.021149,-0.726763,0.686457,0.119312,-0.015679,0.013306,0.080945,0.019013,-0.477188,
1624840894.000000,574148893.000000,0.268785,-0.371516,-0.015574,0.012217,0.021049,-0.727583,0.685588,0.110965,-0.018503,0.025086,0.102061,0.044298,-0.468793,
1624840894.000000,579151869.000000,0.268658,-0.372060,-0.015447,0.012469,0.021015,-0.728376,0.684741,0.106807,-0.020221,0.032606,0.055541,0.092013,-0.456968,
1624840894.000000,584153891.000000,0.268522,-0.372585,-0.015287,0.012614,0.021061,-0.729139,0.683926,0.102822,-0.021969,0.039626,0.044215,-0.022726,-0.426221,
1624840894.000000,589157104.000000,0.267823,-0.373327,-0.015641,0.012481,0.020884,-0.729831,0.683195,0.096296,-0.020261,0.007075,0.043560,-0.165798,-0.411098,
1624840894.000000,594159842.000000,0.267694,-0.373792,-0.015645,0.012149,0.020517,-0.730554,0.682439,0.091644,-0.018718,0.000811,0.004122,-0.221538,-0.430333,
1624840894.000000,644188881.000000,0.267237,-0.379669,-0.015035,0.012031,0.020645,-0.738171,0.674190,0.120576,0.000832,-0.009426,-0.032248,0.011091,-0.463348,
1624840894.000000,649191856.000000,0.267189,-0.380269,-0.015117,0.012039,0.020808,-0.738961,0.673320,0.120277,0.002203,-0.010868,-0.030236,0.079381,-0.469927,
1624840894.000000,654193878.000000,0.266328,-0.380578,-0.016177,0.011843,0.020720,-0.739732,0.672478,0.115833,-0.008031,-0.004841,-0.022720,0.057322,-0.450713,
1624840894.000000,659197092.000000,0.266229,-0.381156,-0.016218,0.011846,0.020798,-0.740489,0.671643,0.115646,-0.008236,-0.002751,0.007994,0.002846,-0.463296,
1624840894.000000,664200068.000000,0.266128,-0.381730,-0.016247,0.011925,0.020806,-0.741280,0.670767,0.115409,-0.008428,-0.000761,0.047579,0.085129,-0.469980,
1624840894.000000,669202805.000000,0.265986,-0.382252,-0.016043,0.012206,0.020901,-0.742062,0.669894,0.109154,-0.013950,0.025356,0.063555,0.091518,-0.467643,
1624840894.000000,674206018.000000,0.265857,-0.382786,-0.015914,0.012397,0.020875,-0.742839,0.669029,0.106517,-0.015833,0.034997,0.078369,0.029237,-0.450778,
1624840894.000000,679208994.000000,0.265720,-0.383307,-0.015735,0.012520,0.020755,-0.743585,0.668202,0.103749,-0.017732,0.044881,0.071072,-0.022340,-0.445213,
1624840894.000000,684211969.000000,0.265629,-0.383745,-0.015707,0.012533,0.020600,-0.744331,0.667375,0.091497,-0.012551,0.025870,0.051728,-0.029078,-0.435864,
1624840894.000000,689213991.000000,0.265404,-0.384589,-0.016507,0.012369,0.020469,-0.745029,0.666603,0.086179,-0.009245,0.001132,0.019825,-0.155407,-0.409161,
1624840894.000000,729237080.000000,0.264606,-0.389365,-0.015689,0.011919,0.019942,-0.750859,0.660053,0.127870,0.003959,-0.004885,-0.015375,0.119603,-0.455898,
1624840894.000000,734240055.000000,0.264548,-0.389998,-0.015740,0.012052,0.020156,-0.751613,0.659186,0.128815,0.006202,-0.007077,-0.012428,0.085442,-0.455071,
1624840894.000000,739243031.000000,0.264499,-0.390639,-0.015805,0.012171,0.020316,-0.752351,0.658337,0.129906,0.008448,-0.009365,-0.010022,0.081238,-0.448493,
1624840894.000000,744246006.000000,0.264458,-0.391289,-0.015889,0.012221,0.020453,-0.753089,0.657487,0.131155,0.010707,-0.011995,-0.024013,0.005366,-0.450707,
1624840894.000000,749248981.000000,0.264389,-0.391885,-0.015920,0.012140,0.020513,-0.753836,0.656630,0.125805,0.007538,-0.007152,-0.034631,0.032958,-0.464479,
1624840894.000000,754251957.000000,0.264341,-0.392503,-0.015981,0.012161,0.020678,-0.754605,0.655741,0.124555,0.007984,-0.006968,-0.027260,0.030030,-0.471005,
1624840894.000000,759254217.000000,0.264294,-0.393120,-0.016050,0.012154,0.020750,-0.755371,0.654855,0.123546,0.008428,-0.007288,0.004727,0.052110,-0.466657,
1624840894.000000,764257193.000000,0.263983,-0.393932,-0.016753,0.011989,0.020502,-0.756124,0.653997,0.114620,-0.004258,0.021194,0.034602,0.049808,-0.464540,
1624840894.000000,769259930.000000,0.263876,-0.394497,-0.016650,0.012157,0.020507,-0.756889,0.653108,0.113053,-0.006030,0.029734,0.078116,0.089409,-0.471994,
1624840894.000000,774262905.000000,0.263759,-0.395059,-0.016500,0.012465,0.020535,-0.757649,0.652220,0.111673,-0.007800,0.038623,0.066781,0.088089,-0.447659,
1624840894.000000,819288969.000000,0.259989,-0.396080,-0.016831,0.011174,0.018824,-0.763888,0.644978,0.090704,-0.013347,0.002391,0.004719,0.058061,-0.445380,
1624840894.000000,824291706.000000,0.259866,-0.396520,-0.016884,0.011330,0.018997,-0.764614,0.644109,0.094176,-0.009555,-0.004768,0.000177,0.145676,-0.455065,
1624840894.000000,829294205.000000,0.259878,-0.397327,-0.015799,0.011854,0.019485,-0.765398,0.643153,0.105728,-0.006681,-0.001809,-0.015578,0.143216,-0.444432,
1624840894.000000,834296942.000000,0.259758,-0.397852,-0.015838,0.012021,0.019717,-0.766103,0.642303,0.110069,-0.004351,-0.004758,-0.006390,0.105239,-0.443236,
1624840894.000000,839299917.000000,0.259640,-0.398242,-0.015843,0.012181,0.019893,-0.766816,0.641443,0.096231,-0.005840,-0.002813,-0.018677,0.075039,-0.445489,
1624840894.000000,844302893.000000,0.259530,-0.398707,-0.015870,0.012240,0.020057,-0.767526,0.640587,0.094542,-0.004807,-0.003330,-0.013886,0.069282,-0.445422,
1624840894.000000,849305868.000000,0.259424,-0.399165,-0.015896,0.012303,0.020177,-0.768234,0.639733,0.092947,-0.003783,-0.003654,-0.028242,0.006415,-0.438036,
1624840894.000000,854308844.000000,0.259324,-0.399619,-0.015927,0.012168,0.020237,-0.768937,0.638888,0.091592,-0.002763,-0.004161,-0.042587,-0.018851,-0.451715,
1624840894.000000,859312057.000000,0.259191,-0.400074,-0.015910,0.012081,0.020322,-0.769671,0.638003,0.091522,-0.005905,0.001464,-0.041204,0.004038,-0.461532,
1624840894.000000,864314079.000000,0.258433,-0.402019,-0.017794,0.011745,0.020040,-0.770396,0.637142,0.102891,-0.012176,-0.004688,0.031822,0.032416,-0.460373,
1624840894.000000,959368944.000000,0.255974,-0.411682,-0.017475,0.012149,0.020081,-0.783520,0.620924,0.107540,0.005516,-0.007292,-0.017092,-0.050788,-0.449713,
1624840894.000000,964372158.000000,0.254685,-0.413984,-0.017942,0.011838,0.019830,-0.784185,0.620097,0.111961,-0.003456,-0.010075,-0.007511,0.008263,-0.459280,
1624840894.000000,969375134.000000,0.254473,-0.414516,-0.017764,0.011961,0.019954,-0.784903,0.619182,0.111859,-0.009635,0.013595,0.016901,0.097581,-0.463704,
1624840894.000000,974376917.000000,0.254293,-0.415049,-0.017700,0.012234,0.020082,-0.785611,0.618273,0.111319,-0.010967,0.020396,0.059546,0.166626,-0.454030,
1624840894.000000,979379892.000000,0.254106,-0.415578,-0.017600,0.012663,0.020221,-0.786309,0.617373,0.110680,-0.012300,0.027532,0.075668,0.130550,-0.452939,
1624840894.000000,984383106.000000,0.253935,-0.416005,-0.017458,0.012909,0.020157,-0.786998,0.616491,0.095219,-0.013923,0.035342,0.121125,0.010026,-0.429642,
1624840894.000000,989386082.000000,0.253753,-0.416446,-0.017292,0.012959,0.019837,-0.787660,0.615655,0.089214,-0.015405,0.041327,0.089863,-0.150510,-0.432543,
1624840894.000000,994388819.000000,0.253570,-0.416857,-0.017084,0.012594,0.019504,-0.788339,0.614803,0.083389,-0.016931,0.048019,-0.043683,-0.186478,-0.428640,
1624840894.000000,999392033.000000,0.253442,-0.418617,-0.017323,0.012213,0.019406,-0.788998,0.613967,0.088233,-0.006355,0.014709,-0.005166,-0.201332,-0.421963,
1624840895.000000,4395008.000000,0.253303,-0.419028,-0.017276,0.011808,0.019014,-0.789655,0.613143,0.084756,-0.003838,0.007786,0.033452,-0.228288,-0.417887,
1624840895.000000,49420118.000000,0.251511,-0.425529,-0.016553,0.012643,0.019747,-0.795638,0.605319,0.129397,0.008715,-0.003746,-0.055103,0.077983,-0.437076,
1624840895.000000,54423094.000000,0.251385,-0.426157,-0.016643,0.012558,0.019936,-0.796286,0.604461,0.128536,0.010460,-0.008265,-0.037155,0.022116,-0.429474,
1624840895.000000,59426069.000000,0.251243,-0.426780,-0.016721,0.012531,0.019974,-0.796946,0.603590,0.127441,0.008685,-0.008593,-0.019903,-0.065335,-0.449696,
1624840895.000000,64429045.000000,0.250034,-0.428796,-0.016704,0.012203,0.019794,-0.797615,0.602719,0.134824,0.001654,0.019629,-0.048405,-0.074120,-0.458378,
1624840895.000000,69432259.000000,0.249856,-0.429450,-0.016627,0.012104,0.019847,-0.798313,0.601794,0.134764,0.001971,0.023148,-0.002529,0.046205,-0.480501,
1624840895.000000,74434996.000000,0.249617,-0.430040,-0.016355,0.012364,0.019964,-0.799040,0.600819,0.128622,-0.007021,0.046652,0.075329,0.189137,-0.474464,
1624840895.000000,79437017.000000,0.249400,-0.430652,-0.016132,0.012893,0.020102,-0.799721,0.599897,0.126493,-0.009792,0.055778,0.091595,0.170859,-0.436926,
1624840895.000000,84440231.000000,0.249173,-0.431248,-0.015860,0.013238,0.020129,-0.800366,0.599028,0.123940,-0.012588,0.065299,0.082706,0.090422,-0.429414,
1624840895.000000,89443207.000000,0.248933,-0.431833,-0.015537,0.013448,0.020051,-0.801019,0.598152,0.121698,-0.015383,0.074987,0.086030,-0.007502,-0.440157,
1624840895.000000,94446182.000000,0.249745,-0.432997,-0.017735,0.013286,0.019943,-0.801676,0.597278,0.097439,0.003459,0.014184,0.023364,-0.131681,-0.426397,
1624840895.000000,149477959.000000,0.248873,-0.440784,-0.018346,0.012584,0.019575,-0.808717,0.587738,0.149894,0.029074,-0.018818,-0.009714,0.145837,-0.440287,
1624840895.000000,154479980.000000,0.248797,-0.441486,-0.018447,0.012766,0.019814,-0.809343,0.586863,0.143521,0.030344,-0.017150,-0.035548,0.077134,-0.425203,
1624840895.000000,159482956.000000,0.248721,-0.442209,-0.018570,0.012809,0.020011,-0.809973,0.585986,0.142626,0.031887,-0.018284,-0.054624,0.082823,-0.444402,
1624840895.000000,164485931.000000,0.248273,-0.444442,-0.019960,0.012492,0.020034,-0.810609,0.585112,0.138030,0.032769,-0.029225,-0.067452,0.000290,-0.436087,
1624840895.000000,169489145.000000,0.248109,-0.445160,-0.019862,0.012273,0.020076,-0.811240,0.584240,0.140890,0.023168,0.001630,-0.028258,-0.077073,-0.441081,
1624840895.000000,174491882.000000,0.247991,-0.445861,-0.019856,0.012223,0.020013,-0.811911,0.583311,0.140609,0.021027,0.010740,0.071971,0.055331,-0.474294,
1624840895.000000,179494858.000000,0.247861,-0.446568,-0.019794,0.012587,0.019980,-0.812609,0.582331,0.140873,0.018930,0.020697,0.119204,0.131604,-0.471215,
1624840895.000000,184498072.000000,0.247768,-0.447190,-0.019753,0.013008,0.019972,-0.813280,0.581385,0.128120,0.020134,0.022030,0.097681,0.163575,-0.451865,
1624840895.000000,189500093.000000,0.247658,-0.447820,-0.019654,0.013369,0.020024,-0.813923,0.580473,0.122877,0.019293,0.027997,0.052939,0.043923,-0.432764,
1624840895.000000,194502831.000000,0.245815,-0.447858,-0.019709,0.013551,0.019842,-0.814523,0.579634,0.108743,0.006688,0.027794,0.053721,-0.062409,-0.419841,
1624840895.000000,234525919.000000,0.243515,-0.452019,-0.019001,0.012151,0.018558,-0.819401,0.572792,0.141472,0.016219,-0.001952,0.002041,0.162336,-0.453060,
1624840895.000000,239529133.000000,0.243346,-0.452726,-0.019038,0.012354,0.018811,-0.820042,0.571861,0.146988,0.017765,-0.002419,-0.032681,0.102306,-0.453932,
1624840895.000000,244532108.000000,0.243173,-0.453460,-0.019081,0.012453,0.019009,-0.820691,0.570921,0.152468,0.019342,-0.003202,-0.043888,0.059014,-0.457224,
1624840895.000000,249534845.000000,0.243045,-0.454132,-0.019135,0.012517,0.019205,-0.821335,0.569986,0.143581,0.023041,-0.005604,-0.016645,0.107331,-0.450802,
1624840895.000000,254538059.000000,0.242907,-0.454844,-0.019201,0.012740,0.019414,-0.821967,0.569062,0.143274,0.025456,-0.008133,-0.025587,0.109257,-0.442279,
1624840895.000000,259540081.000000,0.242779,-0.455558,-0.019283,0.012846,0.019660,-0.822587,0.568154,0.142902,0.027866,-0.010693,-0.054895,0.103147,-0.440115,
1624840895.000000,264543056.000000,0.240931,-0.456431,-0.020052,0.012725,0.019777,-0.823169,0.567310,0.139955,0.015021,-0.007589,-0.058980,0.070969,-0.434784,
1624840895.000000,269546032.000000,0.240750,-0.457111,-0.020108,0.012732,0.019933,-0.823785,0.566409,0.139080,0.015235,-0.005098,-0.008007,0.023909,-0.444288,
1624840895.000000,274549007.000000,0.240571,-0.457785,-0.020151,0.012759,0.019920,-0.824426,0.565475,0.138112,0.015457,-0.002605,0.037082,-0.007642,-0.458241,
1624840895.000000,279551983.000000,0.240350,-0.458414,-0.020018,0.012844,0.019857,-0.825086,0.564513,0.132724,0.007146,0.023194,0.067740,0.082844,-0.475208,
1624840895.000000,329581022.000000,0.236230,-0.463457,-0.018583,0.012008,0.018159,-0.831060,0.555757,0.140681,0.005292,0.013185,0.013535,0.061570,-0.416525,
1624840895.000000,334583044.000000,0.235983,-0.464136,-0.018550,0.012157,0.018240,-0.831652,0.554865,0.147250,0.007044,0.011358,0.011450,0.103256,-0.442055,
1624840895.000000,339586258.000000,0.235729,-0.464849,-0.018528,0.012400,0.018423,-0.832275,0.553919,0.153886,0.008845,0.009712,-0.008800,0.125063,-0.454996,
1624840895.000000,344589233.000000,0.235529,-0.465508,-0.018554,0.012568,0.018614,-0.832900,0.552968,0.149774,0.012980,0.003658,-0.021672,0.076082,-0.455939,
1624840895.000000,349591970.000000,0.235301,-0.466233,-0.018581,0.012676,0.018812,-0.833527,0.552013,0.152925,0.015519,0.000218,-0.051325,0.120104,-0.455988,
1624840895.000000,354594946.000000,0.235075,-0.466977,-0.018632,0.012880,0.019136,-0.834142,0.551067,0.156238,0.018073,-0.003735,-0.036787,0.136826,-0.443216,
1624840895.000000,359598160.000000,0.234856,-0.467668,-0.018664,0.013083,0.019370,-0.834740,0.550148,0.149768,0.016810,-0.002393,-0.026720,0.124549,-0.435674,
1624840895.000000,364600897.000000,0.234491,-0.469304,-0.019498,0.013246,0.019478,-0.835335,0.549236,0.142967,0.016853,-0.000899,-0.030136,0.074187,-0.437830,
1624840895.000000,369603157.000000,0.234288,-0.469990,-0.019533,0.013312,0.019644,-0.835945,0.548300,0.141789,0.017812,-0.000318,-0.036399,0.077841,-0.463297,
1624840895.000000,374606133.000000,0.234043,-0.470608,-0.019343,0.013393,0.019803,-0.836587,0.547312,0.134941,0.010656,0.024700,0.000601,0.017322,-0.467808,
1624840895.000000,459655046.000000,0.229472,-0.483345,-0.021682,0.013323,0.018846,-0.846551,0.531808,0.150642,0.027241,-0.014862,-0.029835,0.142963,-0.458056,
1624840895.000000,464658022.000000,0.229269,-0.484082,-0.021793,0.013585,0.019123,-0.847142,0.530849,0.150945,0.028990,-0.016308,-0.031851,0.149412,-0.438848,
1624840895.000000,469660997.000000,0.229048,-0.484760,-0.021764,0.013764,0.019369,-0.847716,0.529918,0.145508,0.025081,-0.002275,-0.036229,0.066868,-0.445073,
1624840895.000000,474662781.000000,0.228843,-0.485463,-0.021797,0.013794,0.019486,-0.848312,0.528958,0.143632,0.025044,0.001347,-0.002228,0.038701,-0.452752,
1624840895.000000,479665995.000000,0.228642,-0.486156,-0.021815,0.013937,0.019532,-0.848915,0.527984,0.141652,0.025000,0.004745,0.050098,0.086749,-0.468535,
1624840895.000000,484668970.000000,0.228430,-0.486763,-0.021693,0.014191,0.019520,-0.849535,0.526980,0.129862,0.018064,0.025389,0.081046,0.071135,-0.457104,
1624840895.000000,489671946.000000,0.228220,-0.487376,-0.021571,0.014377,0.019419,-0.850126,0.526024,0.124549,0.015232,0.035522,0.081029,0.026303,-0.448248,
1624840895.000000,494675159.000000,0.227774,-0.488745,-0.021700,0.014506,0.019150,-0.850665,0.525159,0.119470,0.009529,0.053788,0.090532,-0.033775,-0.436745,
1624840895.000000,499677896.000000,0.227668,-0.489270,-0.021777,0.014441,0.018884,-0.851228,0.524257,0.106607,0.018057,0.025140,0.069481,-0.111332,-0.413192,
1624840895.000000,504680872.000000,0.227518,-0.489779,-0.021684,0.014125,0.018577,-0.851770,0.523397,0.098985,0.018836,0.022773,0.028786,-0.243397,-0.402530,
1624840895.000000,554708958.000000,0.225201,-0.495154,-0.021534,0.013329,0.018185,-0.857287,0.514345,0.147682,0.038264,-0.010460,-0.026236,0.109240,-0.454744,
1624840895.000000,559711933.000000,0.224153,-0.496425,-0.022256,0.013527,0.018279,-0.857861,0.513379,0.157739,0.037358,-0.018041,-0.042436,0.080561,-0.454726,
1624840895.000000,564715147.000000,0.223949,-0.497088,-0.022297,0.013673,0.018504,-0.858443,0.512393,0.149317,0.033887,-0.012435,-0.031689,0.150988,-0.463182,
1624840895.000000,569718122.000000,0.223748,-0.497819,-0.022394,0.013957,0.018801,-0.859027,0.511395,0.148737,0.034624,-0.013199,-0.044342,0.117252,-0.451630,
1624840895.000000,574720860.000000,0.223550,-0.498549,-0.022502,0.014045,0.018992,-0.859589,0.510439,0.148117,0.035347,-0.014575,-0.013821,0.063040,-0.442892,
1624840895.000000,579724073.000000,0.223335,-0.499209,-0.022460,0.014162,0.019045,-0.860160,0.509471,0.139336,0.028709,0.005918,0.035553,0.025708,-0.454698,
1624840895.000000,584726095.000000,0.223125,-0.499879,-0.022441,0.014297,0.018997,-0.860747,0.508477,0.135576,0.026466,0.013802,0.077956,0.105193,-0.464314,
1624840895.000000,589729071.000000,0.222913,-0.500530,-0.022380,0.014664,0.018982,-0.861333,0.507475,0.131996,0.024220,0.022063,0.088856,0.081434,-0.452652,
1624840895.000000,594732046.000000,0.220781,-0.499866,-0.022241,0.014942,0.018637,-0.861883,0.506544,0.122335,0.001888,0.053667,0.095058,-0.002431,-0.438702,
1624840895.000000,599735022.000000,0.220489,-0.500407,-0.021973,0.014960,0.018400,-0.862438,0.505607,0.119104,-0.000443,0.063354,0.085663,-0.092967,-0.429140,
1624840895.000000,644761086.000000,0.216760,-0.504804,-0.022253,0.013196,0.017100,-0.867109,0.497649,0.140566,0.017861,-0.011826,-0.005045,0.150037,-0.442995,
1624840895.000000,649763823.000000,0.216481,-0.505465,-0.022346,0.013400,0.017259,-0.867659,0.496680,0.146035,0.020067,-0.014607,-0.013271,0.087577,-0.452434,
1624840895.000000,654766798.000000,0.216198,-0.506152,-0.022457,0.013538,0.017435,-0.868222,0.495685,0.151449,0.022306,-0.017594,-0.033639,0.082685,-0.454749,
1624840895.000000,659768820.000000,0.215004,-0.506861,-0.022027,0.013910,0.017535,-0.868783,0.494688,0.138639,0.018576,-0.009359,-0.036831,0.110234,-0.448199,
1624840895.000000,664772034.000000,0.214733,-0.507505,-0.022114,0.014063,0.017746,-0.869333,0.493708,0.138273,0.020350,-0.011440,-0.034538,0.068180,-0.451401,
1624840895.000000,669775009.000000,0.214470,-0.508150,-0.022207,0.014084,0.017906,-0.869890,0.492720,0.137874,0.022129,-0.013325,-0.051599,0.035865,-0.455691,
1624840895.000000,674777746.000000,0.214151,-0.508746,-0.022095,0.014136,0.018054,-0.870453,0.491717,0.135417,0.015104,0.005698,0.011921,0.073099,-0.467361,
1624840895.000000,679780722.000000,0.213867,-0.509361,-0.022096,0.014348,0.018098,-0.871026,0.490694,0.134037,0.014261,0.008471,0.028690,0.089228,-0.458986,
1624840895.000000,684783936.000000,0.213581,-0.509969,-0.022083,0.014534,0.018168,-0.871574,0.489711,0.132750,0.013394,0.011342,0.035396,0.074257,-0.442847,
1624840895.000000,689786911.000000,0.213298,-0.510497,-0.021951,0.014739,0.018131,-0.872118,0.488738,0.121682,0.007741,0.028218,0.085808,0.063630,-0.448172,
1624840895.000000,734812021.000000,0.208625,-0.513566,-0.021969,0.012757,0.016088,-0.876642,0.480705,0.131720,0.006005,-0.004004,0.018311,0.010337,-0.420257,
1624840895.000000,739814997.000000,0.208290,-0.514152,-0.022005,0.012871,0.016186,-0.877163,0.479747,0.139291,0.007394,-0.005102,0.003542,0.117747,-0.445022,
1624840895.000000,744817972.000000,0.207938,-0.514774,-0.022050,0.013245,0.016391,-0.877701,0.478745,0.146958,0.008831,-0.006259,-0.007454,0.229024,-0.464072,
1624840895.000000,749820948.000000,0.207649,-0.515332,-0.022088,0.013693,0.016701,-0.878250,0.477713,0.137114,0.012060,-0.005907,0.000458,0.160873,-0.457847,
1624840895.000000,754823923.000000,0.207330,-0.515943,-0.022147,0.013910,0.016840,-0.878784,0.476720,0.138106,0.014215,-0.007850,-0.021248,0.088669,-0.448053,
1624840895.000000,759826899.000000,0.206473,-0.515870,-0.021900,0.014114,0.016962,-0.879312,0.475734,0.129770,0.013054,-0.003735,-0.025980,0.059702,-0.454427,
1624840895.000000,764830112.000000,0.206178,-0.516383,-0.021936,0.014172,0.017085,-0.879849,0.474734,0.123117,0.011205,-0.004960,-0.026752,0.045628,-0.448154,
1624840895.000000,769833088.000000,0.205885,-0.516931,-0.021995,0.014169,0.017230,-0.880376,0.473751,0.121745,0.011988,-0.006878,-0.061963,-0.005831,-0.453295,
1624840895.000000,774834871.000000,0.205604,-0.517467,-0.022083,0.014055,0.017369,-0.880922,0.472733,0.120008,0.012782,-0.009822,-0.043101,0.019852,-0.471537,
1624840895.000000,779837847.000000,0.205334,-0.517990,-0.022163,0.014154,0.017481,-0.881476,0.471692,0.117844,0.013559,-0.011739,0.020007,0.083106,-0.465197,
1624840895.000000,829866886.000000,0.201488,-0.522510,-0.022268,0.012978,0.015578,-0.886434,0.462411,0.119932,0.006263,0.004211,0.039283,-0.016380,-0.410625,
1624840895.000000,834870100.000000,0.201162,-0.523035,-0.022273,0.013052,0.015552,-0.886920,0.461477,0.126558,0.007330,0.002799,0.015967,0.084725,-0.427726,
1624840895.000000,839873075.000000,0.200821,-0.523589,-0.022286,0.013261,0.015684,-0.887417,0.460509,0.133168,0.008434,0.001425,-0.012927,0.071889,-0.441540,
1624840895.000000,844875097.000000,0.200526,-0.524134,-0.022357,0.013349,0.015800,-0.887932,0.459509,0.132567,0.012861,-0.005637,-0.015084,0.081225,-0.458581,
1624840895.000000,849877834.000000,0.200195,-0.524721,-0.022418,0.013569,0.015958,-0.888462,0.458473,0.136652,0.015096,-0.008751,0.004129,0.116057,-0.467153,
1624840895.000000,854881048.000000,0.199858,-0.525331,-0.022493,0.013830,0.016100,-0.888992,0.457431,0.140894,0.017353,-0.011531,0.000018,0.146182,-0.464994,
1624840895.000000,859884024.000000,0.199560,-0.525876,-0.022535,0.014138,0.016314,-0.889513,0.456399,0.131413,0.017179,-0.007841,-0.019295,0.133018,-0.456470,
1624840895.000000,864886999.000000,0.198852,-0.526942,-0.022811,0.014571,0.016486,-0.890015,0.455401,0.126033,0.017628,-0.008860,-0.021375,0.074427,-0.456333,
1624840895.000000,869890213.000000,0.198560,-0.527502,-0.022887,0.014647,0.016618,-0.890528,0.454388,0.124511,0.018868,-0.010340,-0.031893,0.044634,-0.445819,
1624840895.000000,874893188.000000,0.198228,-0.528040,-0.022838,0.014568,0.016713,-0.891033,0.453396,0.123797,0.013893,0.003689,-0.041613,-0.094512,-0.455178,
1624840895.000000,924921036.000000,0.193464,-0.532647,-0.023164,0.013115,0.014854,-0.895964,0.443685,0.092362,0.006718,0.017003,0.037941,-0.102975,-0.401282,
1624840895.000000,929923773.000000,0.192138,-0.534027,-0.022617,0.013194,0.014889,-0.896395,0.442810,0.122527,0.005670,0.003433,0.011995,-0.004066,-0.414477,
1624840895.000000,934926748.000000,0.191781,-0.534543,-0.022631,0.013258,0.014948,-0.896871,0.441840,0.126885,0.006436,0.001577,-0.002224,0.057823,-0.434177,
1624840895.000000,939929962.000000,0.191393,-0.535143,-0.022700,0.013412,0.015028,-0.897349,0.440861,0.138569,0.010084,-0.005059,0.013956,0.096615,-0.443439,
1624840895.000000,944932938.000000,0.191003,-0.535735,-0.022763,0.013646,0.015123,-0.897850,0.439831,0.145046,0.011837,-0.008471,0.013990,0.093811,-0.469139,
1624840895.000000,949935913.000000,0.190597,-0.536361,-0.022841,0.013814,0.015218,-0.898366,0.438767,0.151855,0.013638,-0.011578,-0.009436,0.077527,-0.469207,
1624840895.000000,954937935.000000,0.190238,-0.536944,-0.022905,0.014001,0.015398,-0.898873,0.437715,0.145068,0.016062,-0.010785,-0.034023,0.143110,-0.467986,
1624840895.000000,959940910.000000,0.189856,-0.537567,-0.022993,0.014317,0.015644,-0.899375,0.436664,0.146094,0.018111,-0.011996,0.000944,0.146935,-0.455369,
1624840895.000000,964943886.000000,0.188258,-0.538283,-0.023090,0.014838,0.015741,-0.899854,0.435654,0.142429,0.016581,-0.011742,-0.022862,0.122974,-0.442334,
1624840895.000000,969946861.000000,0.187905,-0.538787,-0.023051,0.014987,0.015953,-0.900333,0.434651,0.131588,0.012800,0.000396,-0.033215,0.029458,-0.447725,
1624840896.000000,59998989.000000,0.178440,-0.546964,-0.023870,0.014335,0.014842,-0.908865,0.416579,0.143603,0.011474,-0.017313,-0.012660,0.101010,-0.457273,
1624840896.000000,65001011.000000,0.176824,-0.546711,-0.023744,0.014749,0.014866,-0.909309,0.415594,0.132332,0.002939,-0.019161,-0.031466,0.123515,-0.439056,
1624840896.000000,70003986.000000,0.176403,-0.547218,-0.023857,0.014911,0.015069,-0.909759,0.414595,0.131342,0.003832,-0.019598,-0.028681,0.046349,-0.444289,
1624840896.000000,75007200.000000,0.175990,-0.547720,-0.023975,0.014897,0.015139,-0.910228,0.413562,0.130146,0.004734,-0.020260,-0.018727,-0.004058,-0.461449,
1624840896.000000,80009937.000000,0.175548,-0.548190,-0.023923,0.014819,0.015159,-0.910713,0.412496,0.128089,-0.001480,0.003246,0.009714,-0.057479,-0.476331,
1624840896.000000,85012913.000000,0.175118,-0.548660,-0.023908,0.014702,0.015033,-0.911211,0.411404,0.126438,-0.003421,0.011723,0.059983,-0.023347,-0.479589,
1624840896.000000,90016127.000000,0.174684,-0.549119,-0.023853,0.014842,0.014911,-0.911704,0.410309,0.124789,-0.005361,0.020386,0.089812,0.083254,-0.479508,
1624840896.000000,95018148.000000,0.174308,-0.549532,-0.023846,0.015209,0.014844,-0.912185,0.409227,0.114059,-0.003731,0.015373,0.094080,0.169959,-0.453029,
1624840896.000000,100021124.000000,0.173046,-0.549662,-0.023976,0.015692,0.014827,-0.912574,0.408341,0.108082,-0.011150,0.020458,0.048425,0.059615,-0.414466,
1624840896.000000,105023861.000000,0.172659,-0.550021,-0.023893,0.015602,0.014712,-0.912994,0.407409,0.102880,-0.011721,0.023369,0.042615,-0.139536,-0.408017,
1624840896.000000,150050163.000000,0.168243,-0.555309,-0.024118,0.014374,0.014056,-0.917028,0.398316,0.147905,0.008611,-0.014735,-0.009098,0.071661,-0.471999,
1624840896.000000,155052900.000000,0.167765,-0.555887,-0.024233,0.014459,0.014157,-0.917493,0.397236,0.151605,0.010626,-0.017983,-0.011510,0.030283,-0.462518,
1624840896.000000,160056114.000000,0.167318,-0.556424,-0.024331,0.014519,0.014236,-0.917943,0.396192,0.145516,0.010467,-0.016812,-0.018720,0.068119,-0.449609,
1624840896.000000,165059090.000000,0.166034,-0.557201,-0.023530,0.014955,0.014426,-0.918374,0.395168,0.139939,0.008657,-0.008056,-0.023156,0.101551,-0.460208,
1624840896.000000,170062065.000000,0.165587,-0.557738,-0.023600,0.015130,0.014586,-0.918826,0.394102,0.139079,0.009754,-0.008703,-0.020975,0.082281,-0.457188,
1624840896.000000,175064087.000000,0.165113,-0.558252,-0.023566,0.015193,0.014700,-0.919271,0.393056,0.138431,0.006218,0.002486,-0.027340,-0.012796,-0.459112,
1624840896.000000,180067062.000000,0.164657,-0.558771,-0.023568,0.015095,0.014727,-0.919732,0.391980,0.137552,0.005819,0.006256,0.008643,0.004265,-0.477331,
1624840896.000000,185064316.000000,0.164198,-0.559289,-0.023555,0.015179,0.014674,-0.920201,0.390877,0.136966,0.005429,0.009664,0.073834,0.009717,-0.473143,
1624840896.000000,190067053.000000,0.163741,-0.559752,-0.023427,0.015282,0.014495,-0.920662,0.389792,0.130538,0.000041,0.027094,0.098448,0.059408,-0.471917,
1624840896.000000,195070028.000000,0.162678,-0.559236,-0.023786,0.015498,0.014280,-0.921103,0.388748,0.119153,-0.012336,0.037834,0.078136,0.104860,-0.462476,
1624840896.000000,245099068.000000,0.157127,-0.563374,-0.022921,0.014396,0.013370,-0.925290,0.378752,0.139912,0.002574,0.004688,-0.002800,0.113801,-0.458096,
1624840896.000000,250101089.000000,0.156632,-0.563884,-0.022930,0.014639,0.013527,-0.925720,0.377683,0.144787,0.004640,0.001744,-0.024111,0.104739,-0.465455,
1624840896.000000,255104065.000000,0.156191,-0.564350,-0.022925,0.014800,0.013676,-0.926153,0.376610,0.136463,0.006170,0.002315,-0.009381,0.070578,-0.450708,
1624840896.000000,260107040.000000,0.155727,-0.564850,-0.022943,0.014890,0.013756,-0.926571,0.375573,0.136550,0.008013,0.000153,-0.021769,0.017797,-0.455744,
1624840896.000000,265110016.000000,0.154515,-0.565030,-0.023013,0.015163,0.013837,-0.926982,0.374544,0.134730,0.006267,-0.004537,-0.016928,0.058532,-0.460229,
1624840896.000000,270112991.000000,0.154025,-0.565475,-0.023009,0.015303,0.013958,-0.927406,0.373482,0.133242,0.002049,-0.000152,-0.031370,0.051999,-0.457938,
1624840896.000000,275115967.000000,0.153553,-0.565942,-0.023030,0.015325,0.014090,-0.927835,0.372409,0.132768,0.001991,0.000676,-0.023371,0.031081,-0.467571,
1624840896.000000,280119181.000000,0.153080,-0.566408,-0.023050,0.015371,0.014131,-0.928269,0.371322,0.132464,0.001935,0.001082,0.020633,0.003054,-0.463379,
1624840896.000000,285122156.000000,0.152595,-0.566826,-0.022895,0.015445,0.014068,-0.928702,0.370239,0.127868,-0.004295,0.025762,0.070565,0.084763,-0.474922,
1624840896.000000,290123940.000000,0.152114,-0.567246,-0.022765,0.015735,0.013980,-0.929137,0.369135,0.125263,-0.006822,0.035357,0.085723,0.040861,-0.453948,
1624840896.000000,330147028.000000,0.144999,-0.568861,-0.022664,0.014096,0.012566,-0.932265,0.361283,0.131152,-0.016251,0.009954,0.016265,-0.029386,-0.420521,
1624840896.000000,335150242.000000,0.144448,-0.569258,-0.022643,0.014135,0.012559,-0.932653,0.360279,0.136690,-0.015022,0.008668,0.013171,0.046457,-0.442898,
1624840896.000000,340152979.000000,0.143877,-0.569680,-0.022629,0.014301,0.012615,-0.933054,0.359230,0.142514,-0.013750,0.007437,0.010974,0.107536,-0.445200,
1624840896.000000,345155954.000000,0.143288,-0.570124,-0.022627,0.014544,0.012713,-0.933449,0.358189,0.148293,-0.012459,0.006064,-0.003831,0.076344,-0.450302,
1624840896.000000,350159168.000000,0.142760,-0.570550,-0.022664,0.014666,0.012811,-0.933856,0.357118,0.144591,-0.008426,0.000679,-0.011447,0.085952,-0.462172,
1624840896.000000,355162144.000000,0.142192,-0.571008,-0.022700,0.014899,0.012958,-0.934265,0.356033,0.146933,-0.006203,-0.002147,-0.019811,0.114328,-0.463194,
1624840896.000000,360165119.000000,0.141620,-0.571483,-0.022750,0.015103,0.013126,-0.934668,0.354957,0.149476,-0.003967,-0.004946,-0.026330,0.095951,-0.452578,
1624840896.000000,365167141.000000,0.140957,-0.571950,-0.023270,0.015400,0.013213,-0.935056,0.353918,0.131642,-0.007565,-0.004432,-0.026242,0.037793,-0.447089,
1624840896.000000,370170116.000000,0.140441,-0.572356,-0.023319,0.015418,0.013313,-0.935456,0.352857,0.130283,-0.006934,-0.005113,-0.026233,0.030026,-0.465166,
1624840896.000000,375173092.000000,0.139931,-0.572759,-0.023372,0.015468,0.013416,-0.935867,0.351757,0.129020,-0.006296,-0.005858,-0.015631,0.032557,-0.466412,
1624840896.000000,425202131.000000,0.133890,-0.577419,-0.023461,0.014419,0.012172,-0.939646,0.341628,0.108024,-0.008355,0.013771,0.019294,-0.069488,-0.404461,
1624840896.000000,430205345.000000,0.132481,-0.578562,-0.023663,0.014503,0.012229,-0.939996,0.340656,0.125518,-0.006067,0.004435,0.025053,-0.030922,-0.409750,
1624840896.000000,435207367.000000,0.131977,-0.578948,-0.023664,0.014455,0.012183,-0.940357,0.339664,0.128112,-0.004667,0.003579,0.017331,-0.001678,-0.440570,
1624840896.000000,440210342.000000,0.131436,-0.579380,-0.023735,0.014518,0.012192,-0.940739,0.338600,0.136035,-0.002448,-0.004538,0.001537,0.058844,-0.451463,
1624840896.000000,445213079.000000,0.130895,-0.579816,-0.023787,0.014699,0.012298,-0.941119,0.337532,0.140740,-0.000725,-0.007466,-0.009303,0.107627,-0.461851,
1624840896.000000,450216293.000000,0.130338,-0.580274,-0.023857,0.014951,0.012428,-0.941505,0.336439,0.145706,0.001029,-0.010614,-0.004940,0.114060,-0.451483,
1624840896.000000,455219269.000000,0.129768,-0.580751,-0.023948,0.015201,0.012560,-0.941870,0.335398,0.150543,0.002787,-0.013941,-0.014485,0.123349,-0.438411,
1624840896.000000,460222006.000000,0.129279,-0.581155,-0.023996,0.015485,0.012731,-0.942235,0.334352,0.139994,0.003027,-0.010697,-0.016731,0.138351,-0.444930,
1624840896.000000,465225220.000000,0.128139,-0.582051,-0.024038,0.015730,0.012795,-0.942614,0.333267,0.138867,0.002512,-0.009913,-0.014504,0.057024,-0.435408,
1624840896.000000,470227957.000000,0.127612,-0.582493,-0.024118,0.015738,0.012879,-0.942975,0.332242,0.138062,0.003713,-0.011358,-0.035773,0.005457,-0.444758,
1624840896.000000,525259018.000000,0.121173,-0.588085,-0.024677,0.014469,0.011697,-0.946926,0.320914,0.113890,-0.000874,0.005708,0.012389,-0.090911,-0.410767,
1624840896.000000,530261993.000000,0.120341,-0.588309,-0.024174,0.014443,0.011754,-0.947253,0.319946,0.115123,-0.000523,0.009498,0.019226,-0.009687,-0.404461,
1624840896.000000,535265207.000000,0.119782,-0.588748,-0.024189,0.014473,0.011698,-0.947577,0.318984,0.130047,0.001731,0.004362,0.028303,0.034255,-0.411794,
1624840896.000000,540268183.000000,0.119263,-0.589157,-0.024195,0.014588,0.011719,-0.947911,0.317985,0.134422,0.003220,0.001945,0.002471,0.046295,-0.427883,
1624840896.000000,545269966.000000,0.118731,-0.589582,-0.024220,0.014692,0.011772,-0.948257,0.316946,0.138710,0.004738,-0.000881,0.005613,0.067018,-0.450179,
1624840896.000000,550272942.000000,0.118231,-0.589999,-0.024268,0.014861,0.011846,-0.948614,0.315863,0.136033,0.007157,-0.004814,-0.014370,0.068540,-0.452468,
1624840896.000000,555276155.000000,0.117708,-0.590440,-0.024326,0.014969,0.011963,-0.948964,0.314801,0.137789,0.009049,-0.007477,-0.017917,0.058624,-0.445914,
1624840896.000000,560279131.000000,0.116735,-0.591101,-0.024569,0.015269,0.012029,-0.949314,0.313728,0.140620,0.011327,-0.012044,-0.014461,0.048236,-0.443784,
1624840896.000000,565282106.000000,0.116228,-0.591510,-0.024603,0.015411,0.012141,-0.949662,0.312663,0.136384,0.009229,-0.008103,-0.013576,0.116656,-0.455443,
1624840896.000000,570285082.000000,0.115723,-0.591941,-0.024675,0.015698,0.012296,-0.950011,0.311577,0.135350,0.009789,-0.009086,-0.022995,0.097521,-0.444980,
1624840896.000000,655334234.000000,0.104992,-0.597676,-0.024502,0.015123,0.011619,-0.955612,0.294010,0.141133,0.006653,-0.005737,-0.011419,0.115933,-0.462924,
1624840896.000000,660336256.000000,0.103597,-0.597865,-0.024723,0.015643,0.011717,-0.955948,0.292884,0.141014,0.001726,-0.007672,-0.017870,0.084633,-0.448127,
1624840896.000000,665339231.000000,0.103012,-0.598273,-0.024784,0.015783,0.011830,-0.956267,0.291828,0.141341,0.002580,-0.008790,-0.015809,0.080648,-0.441483,
1624840896.000000,670341969.000000,0.102431,-0.598681,-0.024851,0.015991,0.011955,-0.956587,0.290763,0.141416,0.003430,-0.009834,-0.019959,0.096115,-0.441678,
1624840896.000000,675345182.000000,0.101877,-0.599064,-0.024890,0.016179,0.012091,-0.956899,0.289719,0.136783,0.003120,-0.006240,-0.019021,0.091555,-0.429887,
1624840896.000000,680348158.000000,0.101324,-0.599451,-0.024940,0.016275,0.012198,-0.957207,0.288688,0.134883,0.003478,-0.005826,-0.032692,-0.026448,-0.435154,
1624840896.000000,685351133.000000,0.100777,-0.599834,-0.024988,0.016070,0.012244,-0.957528,0.287631,0.132979,0.003839,-0.005758,-0.020210,-0.064775,-0.450142,
1624840896.000000,690354347.000000,0.100238,-0.600213,-0.025042,0.016019,0.012219,-0.957859,0.286530,0.131125,0.004201,-0.005348,0.052300,0.023899,-0.471403,
1624840896.000000,695357084.000000,0.099190,-0.598773,-0.025824,0.015952,0.011913,-0.958169,0.285511,0.121089,-0.018711,0.041446,0.100475,0.066476,-0.458763,
1624840896.000000,700359106.000000,0.098624,-0.599027,-0.025612,0.016178,0.011752,-0.958485,0.284441,0.119503,-0.021319,0.053465,0.080203,0.080997,-0.434036,
1624840896.000000,745384932.000000,0.092138,-0.602253,-0.025105,0.015040,0.011040,-0.961154,0.275382,0.139896,-0.006817,0.006094,-0.005195,0.115356,-0.428903,
1624840896.000000,750387907.000000,0.091522,-0.602602,-0.025108,0.015249,0.011122,-0.961447,0.274343,0.144516,-0.004828,0.003561,0.007566,0.073601,-0.442484,
1624840896.000000,755391121.000000,0.090947,-0.602923,-0.025127,0.015383,0.011160,-0.961754,0.273254,0.138802,-0.004329,0.000517,-0.000746,0.042966,-0.453377,
1624840896.000000,760394096.000000,0.090130,-0.603428,-0.024847,0.015692,0.011209,-0.962060,0.272157,0.140350,-0.003639,-0.000994,-0.030768,0.040762,-0.455364,
1624840896.000000,765397072.000000,0.089523,-0.603783,-0.024880,0.015803,0.011342,-0.962365,0.271063,0.141754,-0.002224,-0.002880,-0.021292,0.092483,-0.451148,
1624840896.000000,770399809.000000,0.088944,-0.604089,-0.024893,0.016009,0.011444,-0.962663,0.269988,0.136742,-0.004562,-0.001765,-0.000859,0.056120,-0.440462,
1624840896.000000,775402069.000000,0.088350,-0.604422,-0.024930,0.016107,0.011509,-0.962955,0.268933,0.136151,-0.004404,-0.003151,-0.018914,0.082510,-0.436175,
1624840896.000000,780405045.000000,0.087761,-0.604751,-0.024973,0.016323,0.011677,-0.963245,0.267872,0.135361,-0.004249,-0.004380,-0.043576,0.082684,-0.445751,
1624840896.000000,785408020.000000,0.087183,-0.605051,-0.024894,0.016390,0.011819,-0.963541,0.266796,0.131033,-0.007164,0.011896,-0.026597,0.018353,-0.442670,
1624840896.000000,790411234.000000,0.086604,-0.605353,-0.024845,0.016362,0.011830,-0.963837,0.265727,0.129157,-0.008250,0.017713,0.035199,-0.039595,-0.452069,
1624840896.000000,835437059.000000,0.080557,-0.606189,-0.025769,0.014755,0.010500,-0.966369,0.256522,0.116577,-0.015977,-0.000061,0.013096,-0.006640,-0.410619,
1624840896.000000,840440273.000000,0.080001,-0.606416,-0.025785,0.014828,0.010531,-0.966629,0.255536,0.121356,-0.014926,0.000070,0.008394,0.073604,-0.409462,
1624840896.000000,845443249.000000,0.079427,-0.606659,-0.025802,0.015042,0.010562,-0.966890,0.254532,0.126029,-0.013850,0.000081,0.017281,0.084462,-0.417009,
1624840896.000000,850445032.000000,0.078859,-0.606919,-0.025863,0.015265,0.010613,-0.967157,0.253500,0.127909,-0.010682,-0.005787,0.003303,0.127276,-0.439284,
1624840896.000000,855448008.000000,0.078271,-0.607193,-0.025920,0.015558,0.010712,-0.967434,0.252419,0.131115,-0.008732,-0.008235,-0.003107,0.082680,-0.441628,
1624840896.000000,860451221.000000,0.077701,-0.606237,-0.025268,0.015903,0.010809,-0.967703,0.251358,0.136109,-0.012453,-0.003106,-0.014741,0.017110,-0.444583,
1624840896.000000,865454197.000000,0.077165,-0.606450,-0.025249,0.015946,0.010895,-0.967984,0.250268,0.126646,-0.012343,0.000863,-0.020265,0.050088,-0.454281,
1624840896.000000,870456934.000000,0.076586,-0.606704,-0.025270,0.016095,0.011004,-0.968262,0.249175,0.125841,-0.010976,0.000065,-0.022237,0.084263,-0.442596,
1624840896.000000,875460148.000000,0.076014,-0.606960,-0.025298,0.016261,0.011125,-0.968530,0.248116,0.124993,-0.009622,-0.000818,-0.017046,0.066260,-0.435012,
1624840896.000000,880463123.000000,0.075439,-0.607197,-0.025313,0.016353,0.011210,-0.968799,0.247053,0.123577,-0.011547,0.000732,-0.021137,0.027999,-0.442520,
1624840896.000000,940497160.000000,0.065977,-0.610611,-0.026832,0.014949,0.010053,-0.971951,0.234493,0.105982,-0.020202,-0.008644,0.011969,0.037221,-0.417079,
1624840896.000000,945500374.000000,0.065375,-0.610837,-0.026884,0.015023,0.010098,-0.972189,0.233498,0.121491,-0.015719,-0.008361,-0.002358,0.055214,-0.408306,
1624840896.000000,950503111.000000,0.064788,-0.611053,-0.026951,0.015200,0.010152,-0.972432,0.232468,0.127615,-0.013502,-0.009789,-0.000930,0.084326,-0.443483,
1624840896.000000,955506086.000000,0.064175,-0.611293,-0.027028,0.015402,0.010215,-0.972693,0.231360,0.134011,-0.011234,-0.011402,0.015835,0.095703,-0.453332,
1624840896.000000,960509300.000000,0.063164,-0.612392,-0.025673,0.016054,0.010353,-0.972965,0.230163,0.151004,-0.003950,-0.005484,-0.004130,0.112546,-0.456268,
1624840896.000000,965512276.000000,0.062471,-0.612722,-0.025734,0.016280,0.010473,-0.973223,0.229046,0.156135,-0.001592,-0.008009,-0.020466,0.069603,-0.452234,
1624840896.000000,970514297.000000,0.061760,-0.613072,-0.025811,0.016419,0.010580,-0.973474,0.227963,0.161277,0.000780,-0.010588,-0.027672,0.107862,-0.441411,
1624840896.000000,975517035.000000,0.061401,-0.613128,-0.025733,0.016672,0.010732,-0.973719,0.226889,0.133049,-0.005320,-0.002647,-0.020426,0.073176,-0.438284,
1624840896.000000,980520248.000000,0.060797,-0.613397,-0.025784,0.016749,0.010816,-0.973963,0.225827,0.131125,-0.004802,-0.003711,-0.024424,0.051699,-0.432948,
1624840896.000000,985523224.000000,0.060209,-0.613659,-0.025838,0.016812,0.010924,-0.974208,0.224759,0.128805,-0.004295,-0.004749,-0.023623,-0.023263,-0.449900,
