1624841023.000000,168120094.000000,-0.070797,-0.877254,0.000000,0.000000,0.000000,-0.015184,0.999885,0.000000,0.000000,0.000000,0.000000,0.000000,0.000051,
1624841023.000000,201120094.000000,-0.070797,-0.877254,0.000000,0.000000,0.000000,-0.015182,0.999885,0.000000,0.000000,0.000000,0.000000,0.000000,0.000154,
1624841033.000000,570933061.000000,-0.070797,-0.877254,0.000000,0.000000,0.000000,-0.015168,0.999885,0.000000,0.000000,0.000000,0.000000,0.000000,0.000067,
1624841033.000000,603933061.000000,-0.070797,-0.877254,0.000000,0.000000,0.000000,-0.015169,0.999885,0.000000,0.000000,0.000000,0.000000,0.000000,-0.000096,
1624841033.000000,637933061.000000,-0.070797,-0.877254,0.000000,0.000000,0.000000,-0.015169,0.999885,0.000000,0.000000,0.000000,0.000000,0.000000,0.000030,
1624841033.000000,670933061.000000,-0.070797,-0.877254,0.000000,0.000000,0.000000,-0.015167,0.999885,0.000000,0.000000,0.000000,0.000000,0.000000,0.000103,
1624841033.000000,704933061.000000,-0.070797,-0.877254,0.000000,0.000000,0.000000,-0.015174,0.999885,0.000000,0.000000,0.000000,0.000000,0.000000,-0.000411,
1624841033.000000,737933061.000000,-0.070797,-0.877254,0.000000,0.000000,0.000000,-0.015169,0.999885,0.000000,0.000000,0.000000,0.000000,0.000000,0.000306,
1624841033.000000,770933061.000000,-0.070797,-0.877254,0.000000,0.000000,0.000000,-0.015170,0.999885,0.000000,0.000000,0.000000,0.000000,0.000000,-0.000064,
1624841033.000000,803933061.000000,-0.070797,-0.877254,0.000000,0.000000,0.000000,-0.015173,0.999885,0.000000,0.000000,0.000000,0.000000,0.000000,-0.000165,
1624841033.000000,836933061.000000,-0.070797,-0.877254,0.000000,0.000000,0.000000,-0.015170,0.999885,0.000000,0.000000,0.000000,0.000000,0.000000,0.000173,
1624841033.000000,869933061.000000,-0.070797,-0.877254,0.000000,0.000000,0.000000,-0.015168,0.999885,0.000000,0.000000,0.000000,0.000000,0.000000,0.000104,
1624841033.000000,902933061.000000,-0.070797,-0.877254,0.000000,0.000000,0.000000,-0.015169,0.999885,0.000000,0.000000,0.000000,0.000000,0.000000,-0.000068,
1624841033.000000,935933061.000000,-0.070797,-0.877254,0.000000,0.000000,0.000000,-0.015173,0.999885,0.000000,0.000000,0.000000,0.000000,0.000000,-0.000198,
1624841033.000000,968933061.000000,-0.070216,-0.877272,0.000000,0.000000,0.000000,-0.015732,0.999876,0.017641,0.000000,0.000000,0.000000,0.000000,-0.033883,
1624841034.000000,1274953.000000,-0.068647,-0.877329,0.000000,0.000000,0.000000,-0.020237,0.999795,0.047553,0.000000,0.000000,0.000000,0.000000,-0.273123,
1624841034.000000,34274953.000000,-0.066650,-0.877423,0.000000,0.000000,0.000000,-0.026974,0.999636,0.060592,0.000000,0.000000,0.000000,0.000000,-0.408415,
1624841034.000000,67274953.000000,-0.064503,-0.877555,0.000000,0.000000,0.000000,-0.034080,0.999419,0.065194,0.000000,0.000000,0.000000,0.000000,-0.430877,
1624841034.000000,100274953.000000,-0.062408,-0.877713,0.000000,0.000000,0.000000,-0.041445,0.999141,0.063660,0.000000,0.000000,0.000000,0.000000,-0.446644,
1624841034.000000,133274953.000000,-0.060316,-0.877902,0.000000,0.000000,0.000000,-0.048542,0.998821,0.063660,0.000000,0.000000,0.000000,0.000000,-0.430563,
1624841034.000000,166274953.000000,-0.058201,-0.878124,0.000000,0.000000,0.000000,-0.055850,0.998439,0.064427,0.000000,0.000000,0.000000,0.000000,-0.443496,
1624841034.000000,199274953.000000,-0.056090,-0.878375,0.000000,0.000000,0.000000,-0.062700,0.998032,0.064427,0.000000,0.000000,0.000000,0.000000,-0.415912,
1624841034.000000,232274953.000000,-0.054008,-0.878654,0.000000,0.000000,0.000000,-0.070249,0.997530,0.063660,0.000000,0.000000,0.000000,0.000000,-0.458526,
1624841034.000000,265274953.000000,-0.051905,-0.878967,0.000000,0.000000,0.000000,-0.077440,0.996997,0.064427,0.000000,0.000000,0.000000,0.000000,-0.436986,
1624841034.000000,298274953.000000,-0.049881,-0.879297,0.000000,0.000000,0.000000,-0.084031,0.996463,0.062126,0.000000,0.000000,0.000000,0.000000,-0.400808,
1624841034.000000,331274953.000000,-0.047838,-0.879659,0.000000,0.000000,0.000000,-0.091019,0.995849,0.062893,0.000000,0.000000,0.000000,0.000000,-0.425143,
1624841034.000000,364274953.000000,-0.045725,-0.880064,0.000000,0.000000,0.000000,-0.098157,0.995171,0.065194,0.000000,0.000000,0.000000,0.000000,-0.434531,
1624841034.000000,397274953.000000,-0.043692,-0.880485,0.000000,0.000000,0.000000,-0.105522,0.994417,0.062893,0.000000,0.000000,0.000000,0.000000,-0.448714,
1624841034.000000,432274953.000000,-0.041518,-0.880969,0.000000,0.000000,0.000000,-0.113022,0.993592,0.063638,0.000000,0.000000,0.000000,0.000000,-0.431180,
1624841034.000000,465274953.000000,-0.039450,-0.881461,0.000000,0.000000,0.000000,-0.120106,0.992761,0.064427,0.000000,0.000000,0.000000,0.000000,-0.432268,
1624841034.000000,498274953.000000,-0.037438,-0.881970,0.000000,0.000000,0.000000,-0.127317,0.991862,0.062893,0.000000,0.000000,0.000000,0.000000,-0.440402,
1624841034.000000,531274953.000000,-0.035458,-0.882502,0.000000,0.000000,0.000000,-0.134219,0.990952,0.062126,0.000000,0.000000,0.000000,0.000000,-0.421917,
1624841034.000000,564274953.000000,-0.033412,-0.883082,0.000000,0.000000,0.000000,-0.141213,0.989979,0.064427,0.000000,0.000000,0.000000,0.000000,-0.427941,
1624841034.000000,597274953.000000,-0.031375,-0.883691,0.000000,0.000000,0.000000,-0.148470,0.988917,0.064427,0.000000,0.000000,0.000000,0.000000,-0.444542,
1624841034.000000,631274953.000000,-0.029348,-0.884331,0.000000,0.000000,0.000000,-0.155734,0.987799,0.062532,0.000000,0.000000,0.000000,0.000000,-0.432297,
1624841034.000000,664274953.000000,-0.027329,-0.884999,0.000000,0.000000,0.000000,-0.162715,0.986673,0.064427,0.000000,0.000000,0.000000,0.000000,-0.428558,
1624841034.000000,697274953.000000,-0.025345,-0.885688,0.000000,0.000000,0.000000,-0.169910,0.985460,0.063660,0.000000,0.000000,0.000000,0.000000,-0.442266,
1624841034.000000,730274953.000000,-0.023394,-0.886397,0.000000,0.000000,0.000000,-0.176870,0.984234,0.062893,0.000000,0.000000,0.000000,0.000000,-0.428304,
1624841034.000000,763274953.000000,-0.021430,-0.887142,0.000000,0.000000,0.000000,-0.183746,0.982974,0.063660,0.000000,0.000000,0.000000,0.000000,-0.423659,
1624841034.000000,796274953.000000,-0.019406,-0.887943,0.000000,0.000000,0.000000,-0.190977,0.981595,0.065961,0.000000,0.000000,0.000000,0.000000,-0.446109,
1624841034.000000,829274953.000000,-0.017441,-0.888755,0.000000,0.000000,0.000000,-0.198019,0.980198,0.064427,0.000000,0.000000,0.000000,0.000000,-0.435115,
1624841034.000000,862274953.000000,-0.015534,-0.889575,0.000000,0.000000,0.000000,-0.205379,0.978683,0.062893,0.000000,0.000000,0.000000,0.000000,-0.455404,
1624841034.000000,895274953.000000,-0.013570,-0.890453,0.000000,0.000000,0.000000,-0.212003,0.977269,0.065194,0.000000,0.000000,0.000000,0.000000,-0.410498,
1624841034.000000,928274953.000000,-0.011665,-0.891337,0.000000,0.000000,0.000000,-0.218972,0.975731,0.063660,0.000000,0.000000,0.000000,0.000000,-0.432519,
1624841034.000000,963274953.000000,-0.009703,-0.892281,0.000000,0.000000,0.000000,-0.226053,0.974115,0.062192,0.000000,0.000000,0.000000,0.000000,-0.415057,
1624841034.000000,996274953.000000,-0.007779,-0.893243,0.000000,0.000000,0.000000,-0.233119,0.972448,0.065194,0.000000,0.000000,0.000000,0.000000,-0.439975,
1624841035.000000,29274953.000000,-0.005936,-0.894197,0.000000,0.000000,0.000000,-0.240129,0.970741,0.062893,0.000000,0.000000,0.000000,0.000000,-0.437285,
1624841035.000000,62274953.000000,-0.004129,-0.895165,0.000000,0.000000,0.000000,-0.246737,0.969083,0.062126,0.000000,0.000000,0.000000,0.000000,-0.412908,
1624841035.000000,95274953.000000,-0.002247,-0.896208,0.000000,0.000000,0.000000,-0.253721,0.967277,0.065194,0.000000,0.000000,0.000000,0.000000,-0.437220,
1624841035.000000,128274953.000000,-0.000468,-0.897227,0.000000,0.000000,0.000000,-0.260681,0.965425,0.062126,0.000000,0.000000,0.000000,0.000000,-0.436503,
1624841035.000000,161274953.000000,0.001319,-0.898284,0.000000,0.000000,0.000000,-0.267298,0.963614,0.062893,0.000000,0.000000,0.000000,0.000000,-0.415749,
1624841035.000000,194274953.000000,0.003133,-0.899392,0.000000,0.000000,0.000000,-0.274301,0.961644,0.064427,0.000000,0.000000,0.000000,0.000000,-0.440927,
1624841035.000000,227274953.000000,0.004931,-0.900527,0.000000,0.000000,0.000000,-0.281421,0.959584,0.064427,0.000000,0.000000,0.000000,0.000000,-0.449199,
1624841035.000000,260274953.000000,0.006691,-0.901674,0.000000,0.000000,0.000000,-0.288090,0.957603,0.063660,0.000000,0.000000,0.000000,0.000000,-0.421632,
1624841035.000000,293274953.000000,0.008455,-0.902860,0.000000,0.000000,0.000000,-0.295027,0.955489,0.064427,0.000000,0.000000,0.000000,0.000000,-0.439509,
1624841035.000000,326274953.000000,0.010202,-0.904072,0.000000,0.000000,0.000000,-0.302030,0.953298,0.064427,0.000000,0.000000,0.000000,0.000000,-0.444702,
1624841035.000000,359274953.000000,0.011890,-0.905279,0.000000,0.000000,0.000000,-0.309165,0.951008,0.062893,0.000000,0.000000,0.000000,0.000000,-0.454163,
1624841035.000000,392274953.000000,0.013601,-0.906541,0.000000,0.000000,0.000000,-0.315564,0.948904,0.064427,0.000000,0.000000,0.000000,0.000000,-0.408233,
1624841035.000000,425274953.000000,0.015335,-0.907858,0.000000,0.000000,0.000000,-0.322672,0.946511,0.065961,0.000000,0.000000,0.000000,0.000000,-0.454555,
1624841035.000000,458274953.000000,0.016969,-0.909137,0.000000,0.000000,0.000000,-0.329335,0.944213,0.062893,0.000000,0.000000,0.000000,0.000000,-0.427141,
1624841035.000000,491274953.000000,0.018683,-0.910519,0.000000,0.000000,0.000000,-0.336219,0.941784,0.066728,0.000000,0.000000,0.000000,0.000000,-0.442450,
1624841035.000000,524274953.000000,0.020318,-0.911879,0.000000,0.000000,0.000000,-0.343827,0.939033,0.064427,0.000000,0.000000,0.000000,0.000000,-0.490320,
1624841035.000000,557274953.000000,0.021932,-0.913263,0.000000,0.000000,0.000000,-0.350543,0.936547,0.064427,0.000000,0.000000,0.000000,0.000000,-0.434008,
1624841035.000000,590274953.000000,0.023582,-0.914721,0.000000,0.000000,0.000000,-0.356941,0.934127,0.066728,0.000000,0.000000,0.000000,0.000000,-0.414589,
1624841035.000000,623274953.000000,0.025156,-0.916150,0.000000,0.000000,0.000000,-0.363971,0.931410,0.064427,0.000000,0.000000,0.000000,0.000000,-0.456771,
1624841035.000000,656274953.000000,0.026708,-0.917604,0.000000,0.000000,0.000000,-0.371196,0.928555,0.064427,0.000000,0.000000,0.000000,0.000000,-0.470816,
1624841035.000000,690274953.000000,0.028310,-0.919151,0.000000,0.000000,0.000000,-0.377700,0.925928,0.065510,0.000000,0.000000,0.000000,0.000000,-0.412615,
1624841035.000000,723274953.000000,0.029855,-0.920685,0.000000,0.000000,0.000000,-0.384627,0.923072,0.065961,0.000000,0.000000,0.000000,0.000000,-0.454083,
1624841035.000000,756274953.000000,0.031305,-0.922169,0.000000,0.000000,0.000000,-0.391190,0.920310,0.062893,0.000000,0.000000,0.000000,0.000000,-0.431590,
1624841035.000000,789274953.000000,0.032804,-0.923747,0.000000,0.000000,0.000000,-0.397951,0.917407,0.065961,0.000000,0.000000,0.000000,0.000000,-0.445937,
1624841035.000000,822274953.000000,0.034228,-0.925292,0.000000,0.000000,0.000000,-0.405225,0.914217,0.063660,0.000000,0.000000,0.000000,0.000000,-0.481366,
1624841035.000000,855274953.000000,0.035611,-0.926839,0.000000,0.000000,0.000000,-0.411126,0.911578,0.062893,0.000000,0.000000,0.000000,0.000000,-0.391772,
1624841035.000000,888274953.000000,0.037006,-0.928444,0.000000,0.000000,0.000000,-0.418173,0.908367,0.064427,0.000000,0.000000,0.000000,0.000000,-0.469344,
1624841035.000000,921274953.000000,0.038345,-0.930029,0.000000,0.000000,0.000000,-0.424305,0.905519,0.062893,0.000000,0.000000,0.000000,0.000000,-0.409735,
1624841035.000000,954274953.000000,0.039725,-0.931713,0.000000,0.000000,0.000000,-0.431229,0.902243,0.065961,0.000000,0.000000,0.000000,0.000000,-0.464241,
1624841035.000000,987274953.000000,0.041081,-0.933416,0.000000,0.000000,0.000000,-0.437432,0.899252,0.065961,0.000000,0.000000,0.000000,0.000000,-0.417361,
1624841036.000000,20274953.000000,0.042365,-0.935078,0.000000,0.000000,0.000000,-0.444147,0.895954,0.063660,0.000000,0.000000,0.000000,0.000000,-0.453396,
1624841036.000000,54274953.000000,0.043640,-0.936780,0.000000,0.000000,0.000000,-0.450556,0.892748,0.062532,0.000000,0.000000,0.000000,0.000000,-0.421580,
1624841036.000000,87274953.000000,0.044906,-0.938520,0.000000,0.000000,0.000000,-0.457031,0.889451,0.065194,0.000000,0.000000,0.000000,0.000000,-0.440363,
1624841036.000000,120274953.000000,0.046116,-0.940236,0.000000,0.000000,0.000000,-0.463567,0.886062,0.063660,0.000000,0.000000,0.000000,0.000000,-0.446226,
1624841036.000000,153274953.000000,0.047274,-0.941929,0.000000,0.000000,0.000000,-0.469671,0.882841,0.062126,0.000000,0.000000,0.000000,0.000000,-0.418255,
1624841036.000000,186274953.000000,0.048463,-0.943721,0.000000,0.000000,0.000000,-0.475931,0.879482,0.065194,0.000000,0.000000,0.000000,0.000000,-0.430566,
1624841036.000000,219274953.000000,0.049598,-0.945489,0.000000,0.000000,0.000000,-0.482865,0.875695,0.063660,0.000000,0.000000,0.000000,0.000000,-0.478817,
1624841036.000000,252274953.000000,0.050695,-0.947251,0.000000,0.000000,0.000000,-0.488433,0.872601,0.062893,0.000000,0.000000,0.000000,0.000000,-0.386076,
1624841036.000000,285274953.000000,0.051781,-0.949050,0.000000,0.000000,0.000000,-0.494583,0.869131,0.063660,0.000000,0.000000,0.000000,0.000000,-0.427954,
1624841036.000000,318274953.000000,0.052840,-0.950864,0.000000,0.000000,0.000000,-0.500919,0.865494,0.063660,0.000000,0.000000,0.000000,0.000000,-0.442760,
1624841036.000000,351274953.000000,0.053861,-0.952671,0.000000,0.000000,0.000000,-0.507383,0.861721,0.062893,0.000000,0.000000,0.000000,0.000000,-0.453624,
1624841036.000000,386274953.000000,0.054928,-0.954626,0.000000,0.000000,0.000000,-0.513267,0.858229,0.063638,0.000000,0.000000,0.000000,0.000000,-0.390996,
1624841036.000000,419274953.000000,0.055920,-0.956506,0.000000,0.000000,0.000000,-0.519615,0.854401,0.064427,0.000000,0.000000,0.000000,0.000000,-0.449246,
1624841036.000000,452274953.000000,0.056896,-0.958424,0.000000,0.000000,0.000000,-0.525683,0.850680,0.065194,0.000000,0.000000,0.000000,0.000000,-0.431395,
1624841036.000000,476654069.000000,0.057822,-0.960310,0.000000,0.000000,0.000000,-0.532066,0.846703,0.063660,0.000000,0.000000,0.000000,0.000000,-0.455791,
1624841036.000000,509654069.000000,0.058741,-0.962255,0.000000,0.000000,0.000000,-0.538307,0.842749,0.065194,0.000000,0.000000,0.000000,0.000000,-0.447768,
1624841036.000000,542654069.000000,0.059601,-0.964144,0.000000,0.000000,0.000000,-0.543792,0.839220,0.062893,0.000000,0.000000,0.000000,0.000000,-0.395276,
1624841036.000000,575654069.000000,0.060445,-0.966067,0.000000,0.000000,0.000000,-0.550037,0.835140,0.063660,0.000000,0.000000,0.000000,0.000000,-0.452099,
1624841036.000000,608654069.000000,0.061280,-0.968050,0.000000,0.000000,0.000000,-0.556189,0.831056,0.065194,0.000000,0.000000,0.000000,0.000000,-0.447550,
1624841036.000000,641654069.000000,0.062049,-0.969950,0.000000,0.000000,0.000000,-0.561650,0.827375,0.062126,0.000000,0.000000,0.000000,0.000000,-0.399147,
1624841036.000000,674654069.000000,0.062801,-0.971885,0.000000,0.000000,0.000000,-0.567737,0.823210,0.062893,0.000000,0.000000,0.000000,0.000000,-0.446955,
1624841036.000000,707654069.000000,0.063527,-0.973830,0.000000,0.000000,0.000000,-0.572756,0.819726,0.062893,0.000000,0.000000,0.000000,0.000000,-0.370336,
1624841036.000000,740654069.000000,0.064242,-0.975831,0.000000,0.000000,0.000000,-0.579004,0.815325,0.064427,0.000000,0.000000,0.000000,0.000000,-0.463159,
1624841036.000000,773654069.000000,0.064904,-0.977772,0.000000,0.000000,0.000000,-0.585061,0.810989,0.062126,0.000000,0.000000,0.000000,0.000000,-0.451451,
1624841036.000000,806654069.000000,0.065559,-0.979795,0.000000,0.000000,0.000000,-0.590996,0.806675,0.064427,0.000000,0.000000,0.000000,0.000000,-0.444692,
1624841036.000000,839654069.000000,0.066194,-0.981850,0.000000,0.000000,0.000000,-0.596422,0.802671,0.065194,0.000000,0.000000,0.000000,0.000000,-0.408713,
1624841036.000000,872654069.000000,0.066778,-0.983842,0.000000,0.000000,0.000000,-0.602376,0.798213,0.062893,0.000000,0.000000,0.000000,0.000000,-0.450752,
1624841036.000000,905654069.000000,0.067353,-0.985915,0.000000,0.000000,0.000000,-0.608215,0.793772,0.065194,0.000000,0.000000,0.000000,0.000000,-0.444582,
1624841036.000000,938654069.000000,0.067885,-0.987947,0.000000,0.000000,0.000000,-0.614008,0.789300,0.063660,0.000000,0.000000,0.000000,0.000000,-0.443545,
1624841036.000000,971654069.000000,0.068387,-0.989987,0.000000,0.000000,0.000000,-0.619542,0.784963,0.063660,0.000000,0.000000,0.000000,0.000000,-0.426137,
1624841037.000000,4654069.000000,0.068877,-0.992108,0.000000,0.000000,0.000000,-0.625310,0.780377,0.065961,0.000000,0.000000,0.000000,0.000000,-0.446591,
1624841037.000000,37654069.000000,0.069325,-0.994186,0.000000,0.000000,0.000000,-0.631076,0.775721,0.064427,0.000000,0.000000,0.000000,0.000000,-0.449155,
1624841037.000000,70654069.000000,0.069743,-0.996271,0.000000,0.000000,0.000000,-0.636594,0.771199,0.064427,0.000000,0.000000,0.000000,0.000000,-0.432430,
1624841037.000000,103654069.000000,0.070140,-0.998411,0.000000,0.000000,0.000000,-0.642301,0.766452,0.065961,0.000000,0.000000,0.000000,0.000000,-0.449867,
1624841037.000000,136654069.000000,0.070496,-1.000507,0.000000,0.000000,0.000000,-0.647983,0.761654,0.064427,0.000000,0.000000,0.000000,0.000000,-0.450701,
1624841037.000000,169654069.000000,0.070823,-1.002608,0.000000,0.000000,0.000000,-0.653076,0.757293,0.064427,0.000000,0.000000,0.000000,0.000000,-0.406363,
1624841037.000000,202654069.000000,0.071133,-1.004814,0.000000,0.000000,0.000000,-0.658707,0.752399,0.067495,0.000000,0.000000,0.000000,0.000000,-0.452157,
1624841037.000000,235654069.000000,0.071399,-1.006923,0.000000,0.000000,0.000000,-0.664346,0.747425,0.064427,0.000000,0.000000,0.000000,0.000000,-0.455705,
1624841037.000000,268654069.000000,0.071631,-1.009011,0.000000,0.000000,0.000000,-0.669291,0.743000,0.063660,0.000000,0.000000,0.000000,0.000000,-0.402198,
1624841037.000000,302654069.000000,0.071844,-1.011228,0.000000,0.000000,0.000000,-0.675653,0.737220,0.065510,0.000000,0.000000,0.000000,0.000000,-0.505619,
1624841037.000000,335654069.000000,0.072015,-1.013373,0.000000,0.000000,0.000000,-0.681124,0.732168,0.065194,0.000000,0.000000,0.000000,0.000000,-0.451294,
1624841037.000000,368654069.000000,0.072150,-1.015444,0.000000,0.000000,0.000000,-0.686324,0.727296,0.062893,0.000000,0.000000,0.000000,0.000000,-0.431852,
1624841037.000000,401654069.000000,0.072261,-1.017618,0.000000,0.000000,0.000000,-0.691256,0.722610,0.065961,0.000000,0.000000,0.000000,0.000000,-0.412356,
1624841037.000000,434654069.000000,0.072338,-1.019717,0.000000,0.000000,0.000000,-0.696937,0.717132,0.063660,0.000000,0.000000,0.000000,0.000000,-0.478304,
1624841037.000000,467654069.000000,0.072384,-1.021817,0.000000,0.000000,0.000000,-0.701602,0.712569,0.063660,0.000000,0.000000,0.000000,0.000000,-0.395504,
1624841037.000000,501654069.000000,0.072402,-1.023969,0.000000,0.000000,0.000000,-0.706769,0.707445,0.063277,0.000000,0.000000,0.000000,0.000000,-0.428021,
1624841037.000000,534654069.000000,0.072389,-1.026044,0.000000,0.000000,0.000000,-0.711923,0.702257,0.062893,0.000000,0.000000,0.000000,0.000000,-0.443209,
1624841037.000000,567654069.000000,0.072346,-1.028119,0.000000,0.000000,0.000000,-0.716731,0.697349,0.062893,0.000000,0.000000,0.000000,0.000000,-0.416391,
1624841037.000000,600654069.000000,0.072272,-1.030269,0.000000,0.000000,0.000000,-0.721770,0.692132,0.065194,0.000000,0.000000,0.000000,0.000000,-0.439597,
1624841037.000000,633654069.000000,0.072169,-1.032342,0.000000,0.000000,0.000000,-0.726849,0.686798,0.062893,0.000000,0.000000,0.000000,0.000000,-0.446388,
1624841037.000000,666654069.000000,0.072035,-1.034439,0.000000,0.000000,0.000000,-0.731937,0.681372,0.063660,0.000000,0.000000,0.000000,0.000000,-0.450835,
1624841037.000000,699654069.000000,0.071867,-1.036584,0.000000,0.000000,0.000000,-0.736488,0.676451,0.065194,0.000000,0.000000,0.000000,0.000000,-0.406182,
1624841037.000000,732654069.000000,0.071672,-1.038675,0.000000,0.000000,0.000000,-0.741870,0.670544,0.063660,0.000000,0.000000,0.000000,0.000000,-0.484351,
1624841037.000000,765654069.000000,0.071450,-1.040739,0.000000,0.000000,0.000000,-0.746132,0.665798,0.062893,0.000000,0.000000,0.000000,0.000000,-0.386563,
1624841037.000000,798654069.000000,0.071192,-1.042849,0.000000,0.000000,0.000000,-0.751226,0.660044,0.064427,0.000000,0.000000,0.000000,0.000000,-0.465765,
1624841037.000000,831654069.000000,0.070907,-1.044931,0.000000,0.000000,0.000000,-0.756047,0.654517,0.063660,0.000000,0.000000,0.000000,0.000000,-0.444517,
1624841037.000000,863654069.000000,0.070608,-1.046908,0.000000,0.000000,0.000000,-0.760167,0.649728,0.062486,0.000000,0.000000,0.000000,0.000000,-0.394784,
1624841037.000000,897654069.000000,0.070258,-1.049031,0.000000,0.000000,0.000000,-0.764757,0.644319,0.063277,0.000000,0.000000,0.000000,0.000000,-0.417296,
1624841037.000000,930654069.000000,0.069886,-1.051098,0.000000,0.000000,0.000000,-0.769450,0.638707,0.063660,0.000000,0.000000,0.000000,0.000000,-0.443433,
1624841037.000000,962654069.000000,0.069496,-1.053111,0.000000,0.000000,0.000000,-0.773575,0.633704,0.064068,0.000000,0.000000,0.000000,0.000000,-0.405237,
1624841037.000000,996654069.000000,0.069051,-1.055242,0.000000,0.000000,0.000000,-0.778320,0.627868,0.064021,0.000000,0.000000,0.000000,0.000000,-0.442445,
1624841038.000000,29654069.000000,0.068586,-1.057316,0.000000,0.000000,0.000000,-0.782933,0.622106,0.064427,0.000000,0.000000,0.000000,0.000000,-0.447360,
1624841038.000000,62654069.000000,0.068090,-1.059384,0.000000,0.000000,0.000000,-0.787657,0.616114,0.064427,0.000000,0.000000,0.000000,0.000000,-0.462402,
1624841038.000000,95654069.000000,0.067583,-1.061370,0.000000,0.000000,0.000000,-0.791580,0.611066,0.062126,0.000000,0.000000,0.000000,0.000000,-0.387495,
1624841038.000000,128654069.000000,0.067023,-1.063447,0.000000,0.000000,0.000000,-0.796032,0.605254,0.065194,0.000000,0.000000,0.000000,0.000000,-0.443683,
1624841038.000000,161654069.000000,0.066455,-1.065444,0.000000,0.000000,0.000000,-0.800031,0.599959,0.062893,0.000000,0.000000,0.000000,0.000000,-0.402183,
1624841038.000000,194654069.000000,0.065844,-1.067480,0.000000,0.000000,0.000000,-0.804486,0.593972,0.064427,0.000000,0.000000,0.000000,0.000000,-0.452244,
1624841038.000000,227654069.000000,0.065204,-1.069507,0.000000,0.000000,0.000000,-0.808839,0.588031,0.064427,0.000000,0.000000,0.000000,0.000000,-0.446399,
1624841038.000000,260654069.000000,0.064549,-1.071477,0.000000,0.000000,0.000000,-0.813008,0.582252,0.062893,0.000000,0.000000,0.000000,0.000000,-0.431852,
1624841038.000000,294654069.000000,0.063850,-1.073485,0.000000,0.000000,0.000000,-0.817381,0.576097,0.062532,0.000000,0.000000,0.000000,0.000000,-0.444139,
1624841038.000000,327654069.000000,0.063121,-1.075482,0.000000,0.000000,0.000000,-0.821253,0.570565,0.064427,0.000000,0.000000,0.000000,0.000000,-0.409260,
1624841038.000000,360654069.000000,0.062374,-1.077446,0.000000,0.000000,0.000000,-0.825321,0.564663,0.063660,0.000000,0.000000,0.000000,0.000000,-0.434431,
1624841038.000000,393654069.000000,0.061609,-1.079375,0.000000,0.000000,0.000000,-0.829161,0.559009,0.062893,0.000000,0.000000,0.000000,0.000000,-0.414202,
1624841038.000000,426654069.000000,0.060796,-1.081339,0.000000,0.000000,0.000000,-0.833542,0.552456,0.064427,0.000000,0.000000,0.000000,0.000000,-0.477773,
1624841038.000000,459654069.000000,0.059964,-1.083268,0.000000,0.000000,0.000000,-0.837522,0.546404,0.063660,0.000000,0.000000,0.000000,0.000000,-0.438958,
1624841038.000000,492654069.000000,0.059115,-1.085162,0.000000,0.000000,0.000000,-0.841024,0.540998,0.062893,0.000000,0.000000,0.000000,0.000000,-0.390349,
1624841038.000000,525654069.000000,0.058198,-1.087136,0.000000,0.000000,0.000000,-0.844978,0.534800,0.065961,0.000000,0.000000,0.000000,0.000000,-0.445590,
1624841038.000000,558654069.000000,0.057263,-1.089074,0.000000,0.000000,0.000000,-0.848915,0.528529,0.065194,0.000000,0.000000,0.000000,0.000000,-0.448776,
1624841038.000000,591654069.000000,0.056333,-1.090929,0.000000,0.000000,0.000000,-0.852872,0.522120,0.062893,0.000000,0.000000,0.000000,0.000000,-0.456463,
1624841038.000000,624654069.000000,0.055341,-1.092838,0.000000,0.000000,0.000000,-0.856730,0.515766,0.065194,0.000000,0.000000,0.000000,0.000000,-0.450521,
1624841038.000000,657654069.000000,0.054321,-1.094733,0.000000,0.000000,0.000000,-0.860265,0.509847,0.065194,0.000000,0.000000,0.000000,0.000000,-0.417868,
1624841038.000000,691654069.000000,0.053262,-1.096634,0.000000,0.000000,0.000000,-0.863956,0.503568,0.064021,0.000000,0.000000,0.000000,0.000000,-0.428435,
1624841038.000000,724654069.000000,0.052188,-1.098498,0.000000,0.000000,0.000000,-0.867685,0.497115,0.065194,0.000000,0.000000,0.000000,0.000000,-0.451680,
1624841038.000000,758654069.000000,0.051073,-1.100368,0.000000,0.000000,0.000000,-0.871390,0.490591,0.064021,0.000000,0.000000,0.000000,0.000000,-0.441302,
1624841038.000000,791654069.000000,0.049943,-1.102199,0.000000,0.000000,0.000000,-0.875132,0.483884,0.065194,0.000000,0.000000,0.000000,0.000000,-0.465498,
1624841038.000000,824654069.000000,0.048785,-1.104012,0.000000,0.000000,0.000000,-0.878734,0.477311,0.065194,0.000000,0.000000,0.000000,0.000000,-0.454263,
1624841038.000000,857654069.000000,0.047601,-1.105808,0.000000,0.000000,0.000000,-0.882276,0.470733,0.065194,0.000000,0.000000,0.000000,0.000000,-0.452811,
1624841038.000000,890654069.000000,0.046405,-1.107566,0.000000,0.000000,0.000000,-0.885380,0.464868,0.064427,0.000000,0.000000,0.000000,0.000000,-0.402147,
1624841038.000000,923654069.000000,0.045156,-1.109349,0.000000,0.000000,0.000000,-0.888827,0.458242,0.065961,0.000000,0.000000,0.000000,0.000000,-0.452652,
1624841038.000000,956654069.000000,0.043909,-1.111071,0.000000,0.000000,0.000000,-0.892454,0.451139,0.064427,0.000000,0.000000,0.000000,0.000000,-0.483361,
1624841038.000000,999785045.000000,0.042651,-1.112753,0.000000,0.000000,0.000000,-0.895663,0.444733,0.063660,0.000000,0.000000,0.000000,0.000000,-0.434272,
1624841039.000000,32785045.000000,0.041308,-1.114498,0.000000,0.000000,0.000000,-0.898753,0.438456,0.066728,0.000000,0.000000,0.000000,0.000000,-0.423970,
1624841039.000000,68785045.000000,0.039923,-1.116243,0.000000,0.000000,0.000000,-0.902175,0.431370,0.061871,0.000000,0.000000,0.000000,0.000000,-0.437213,
1624841039.000000,101785045.000000,0.038577,-1.117888,0.000000,0.000000,0.000000,-0.905165,0.425059,0.064427,0.000000,0.000000,0.000000,0.000000,-0.423218,
1624841039.000000,134785045.000000,0.037206,-1.119513,0.000000,0.000000,0.000000,-0.908482,0.417924,0.064427,0.000000,0.000000,0.000000,0.000000,-0.476870,
1624841039.000000,167785045.000000,0.035844,-1.121080,0.000000,0.000000,0.000000,-0.911484,0.411336,0.062893,0.000000,0.000000,0.000000,0.000000,-0.438744,
1624841039.000000,200785045.000000,0.034461,-1.122627,0.000000,0.000000,0.000000,-0.914088,0.405516,0.062893,0.000000,0.000000,0.000000,0.000000,-0.386487,
1624841039.000000,234785045.000000,0.032937,-1.124285,0.000000,0.000000,0.000000,-0.917153,0.398535,0.066254,0.000000,0.000000,0.000000,0.000000,-0.448462,
1624841039.000000,267785045.000000,0.031510,-1.125792,0.000000,0.000000,0.000000,-0.920022,0.391867,0.062893,0.000000,0.000000,0.000000,0.000000,-0.439908,
1624841039.000000,300785045.000000,0.030061,-1.127278,0.000000,0.000000,0.000000,-0.922888,0.385068,0.062893,0.000000,0.000000,0.000000,0.000000,-0.447194,
1624841039.000000,333785045.000000,0.028536,-1.128796,0.000000,0.000000,0.000000,-0.925672,0.378328,0.065194,0.000000,0.000000,0.000000,0.000000,-0.441988,
1624841039.000000,366785045.000000,0.027044,-1.130239,0.000000,0.000000,0.000000,-0.928390,0.371606,0.062893,0.000000,0.000000,0.000000,0.000000,-0.439413,
1624841039.000000,399785045.000000,0.025551,-1.131644,0.000000,0.000000,0.000000,-0.930724,0.365723,0.062126,0.000000,0.000000,0.000000,0.000000,-0.383601,
1624841039.000000,432785045.000000,0.023928,-1.133132,0.000000,0.000000,0.000000,-0.933342,0.358988,0.066728,0.000000,0.000000,0.000000,0.000000,-0.437946,
1624841039.000000,465785045.000000,0.022395,-1.134493,0.000000,0.000000,0.000000,-0.936148,0.351606,0.062126,0.000000,0.000000,0.000000,0.000000,-0.478586,
1624841039.000000,498785045.000000,0.020824,-1.135850,0.000000,0.000000,0.000000,-0.938350,0.345686,0.062893,0.000000,0.000000,0.000000,0.000000,-0.382806,
1624841039.000000,531785045.000000,0.019196,-1.137218,0.000000,0.000000,0.000000,-0.940772,0.339040,0.064427,0.000000,0.000000,0.000000,0.000000,-0.428727,
1624841039.000000,564785045.000000,0.017568,-1.138545,0.000000,0.000000,0.000000,-0.943410,0.331628,0.063660,0.000000,0.000000,0.000000,0.000000,-0.476801,
1624841039.000000,597785045.000000,0.015940,-1.139833,0.000000,0.000000,0.000000,-0.945666,0.325139,0.062893,0.000000,0.000000,0.000000,0.000000,-0.416358,
1624841039.000000,630785045.000000,0.014255,-1.141129,0.000000,0.000000,0.000000,-0.947788,0.318900,0.064427,0.000000,0.000000,0.000000,0.000000,-0.399380,
1624841039.000000,663785045.000000,0.012551,-1.142401,0.000000,0.000000,0.000000,-0.950287,0.311375,0.064427,0.000000,0.000000,0.000000,0.000000,-0.480558,
1624841039.000000,696785045.000000,0.010829,-1.143647,0.000000,0.000000,0.000000,-0.952418,0.304795,0.064427,0.000000,0.000000,0.000000,0.000000,-0.419198,
1624841039.000000,729785045.000000,0.009110,-1.144855,0.000000,0.000000,0.000000,-0.954399,0.298533,0.063660,0.000000,0.000000,0.000000,0.000000,-0.398036,
1624841039.000000,764785045.000000,0.007270,-1.146110,0.000000,0.000000,0.000000,-0.956825,0.290664,0.063638,0.000000,0.000000,0.000000,0.000000,-0.470550,
1624841039.000000,797785045.000000,0.005537,-1.147252,0.000000,0.000000,0.000000,-0.958801,0.284078,0.062893,0.000000,0.000000,0.000000,0.000000,-0.416727,
1624841039.000000,830785045.000000,0.003746,-1.148398,0.000000,0.000000,0.000000,-0.960788,0.277283,0.064427,0.000000,0.000000,0.000000,0.000000,-0.429110,
1624841039.000000,863785045.000000,0.001938,-1.149517,0.000000,0.000000,0.000000,-0.962804,0.270201,0.064427,0.000000,0.000000,0.000000,0.000000,-0.446218,
1624841039.000000,898785045.000000,0.000050,-1.150649,0.000000,0.000000,0.000000,-0.964770,0.263093,0.062915,0.000000,0.000000,0.000000,0.000000,-0.421429,
1624841039.000000,931785045.000000,-0.001723,-1.151679,0.000000,0.000000,0.000000,-0.966323,0.257333,0.062126,0.000000,0.000000,0.000000,0.000000,-0.361544,
1624841039.000000,964785045.000000,-0.003576,-1.152722,0.000000,0.000000,0.000000,-0.968297,0.249800,0.064427,0.000000,0.000000,0.000000,0.000000,-0.471975,
1624841039.000000,997785045.000000,-0.005399,-1.153713,0.000000,0.000000,0.000000,-0.970018,0.243033,0.062893,0.000000,0.000000,0.000000,0.000000,-0.423179,
1624841040.000000,30785045.000000,-0.007259,-1.154691,0.000000,0.000000,0.000000,-0.971716,0.236153,0.063660,0.000000,0.000000,0.000000,0.000000,-0.429515,
1624841040.000000,63785045.000000,-0.009155,-1.155652,0.000000,0.000000,0.000000,-0.973540,0.228515,0.064427,0.000000,0.000000,0.000000,0.000000,-0.475941,
1624841040.000000,96785045.000000,-0.011020,-1.156563,0.000000,0.000000,0.000000,-0.975022,0.222108,0.062893,0.000000,0.000000,0.000000,0.000000,-0.398549,
1624841040.000000,129785045.000000,-0.012943,-1.157469,0.000000,0.000000,0.000000,-0.976688,0.214663,0.064427,0.000000,0.000000,0.000000,0.000000,-0.462330,
1624841040.000000,162785045.000000,-0.014879,-1.158348,0.000000,0.000000,0.000000,-0.978121,0.208035,0.064427,0.000000,0.000000,0.000000,0.000000,-0.410969,
1624841040.000000,196785045.000000,-0.016852,-1.159208,0.000000,0.000000,0.000000,-0.979738,0.200282,0.063277,0.000000,0.000000,0.000000,0.000000,-0.465891,
1624841040.000000,229785045.000000,-0.018836,-1.160039,0.000000,0.000000,0.000000,-0.981048,0.193767,0.065194,0.000000,0.000000,0.000000,0.000000,-0.402768,
1624841040.000000,262785045.000000,-0.020808,-1.160834,0.000000,0.000000,0.000000,-0.982347,0.187070,0.064427,0.000000,0.000000,0.000000,0.000000,-0.413418,
1624841040.000000,295785045.000000,-0.022838,-1.161618,0.000000,0.000000,0.000000,-0.983782,0.179367,0.065961,0.000000,0.000000,0.000000,0.000000,-0.474872,
1624841040.000000,328785045.000000,-0.024833,-1.162354,0.000000,0.000000,0.000000,-0.985049,0.172272,0.064427,0.000000,0.000000,0.000000,0.000000,-0.436848,
1624841040.000000,361785045.000000,-0.026838,-1.163060,0.000000,0.000000,0.000000,-0.986305,0.164931,0.064427,0.000000,0.000000,0.000000,0.000000,-0.451334,
1624841040.000000,394785045.000000,-0.028878,-1.163746,0.000000,0.000000,0.000000,-0.987471,0.157800,0.065194,0.000000,0.000000,0.000000,0.000000,-0.437917,
1624841040.000000,427785045.000000,-0.030927,-1.164401,0.000000,0.000000,0.000000,-0.988587,0.150653,0.065194,0.000000,0.000000,0.000000,0.000000,-0.438430,
1624841040.000000,461785045.000000,-0.033034,-1.165041,0.000000,0.000000,0.000000,-0.989727,0.142967,0.064766,0.000000,0.000000,0.000000,0.000000,-0.457090,
1624841040.000000,494785045.000000,-0.035126,-1.165642,0.000000,0.000000,0.000000,-0.990751,0.135693,0.065961,0.000000,0.000000,0.000000,0.000000,-0.445171,
1624841040.000000,528785045.000000,-0.037202,-1.166205,0.000000,0.000000,0.000000,-0.991713,0.128474,0.063277,0.000000,0.000000,0.000000,0.000000,-0.428375,
1624841040.000000,560785045.000000,-0.039287,-1.166738,0.000000,0.000000,0.000000,-0.992645,0.121061,0.067232,0.000000,0.000000,0.000000,0.000000,-0.466987,
1624841040.000000,593785045.000000,-0.041354,-1.167234,0.000000,0.000000,0.000000,-0.993493,0.113894,0.064427,0.000000,0.000000,0.000000,0.000000,-0.437390,
1624841040.000000,627785045.000000,-0.043404,-1.167694,0.000000,0.000000,0.000000,-0.994287,0.106741,0.061788,0.000000,0.000000,0.000000,0.000000,-0.423326,
1624841040.000000,659785045.000000,-0.045534,-1.168140,0.000000,0.000000,0.000000,-0.995058,0.099294,0.068022,0.000000,0.000000,0.000000,0.000000,-0.467964,
1624841040.000000,693785045.000000,-0.047572,-1.168535,0.000000,0.000000,0.000000,-0.995800,0.091555,0.061043,0.000000,0.000000,0.000000,0.000000,-0.457315,
1624841040.000000,726785045.000000,-0.049690,-1.168913,0.000000,0.000000,0.000000,-0.996382,0.084987,0.065194,0.000000,0.000000,0.000000,0.000000,-0.399626,
1624841040.000000,759785045.000000,-0.051763,-1.169254,0.000000,0.000000,0.000000,-0.996977,0.077698,0.063660,0.000000,0.000000,0.000000,0.000000,-0.443249,
1624841040.000000,792785045.000000,-0.053841,-1.169564,0.000000,0.000000,0.000000,-0.997504,0.070615,0.063660,0.000000,0.000000,0.000000,0.000000,-0.430439,
1624841040.000000,825785045.000000,-0.055897,-1.169842,0.000000,0.000000,0.000000,-0.997972,0.063654,0.062893,0.000000,0.000000,0.000000,0.000000,-0.422861,
1624841040.000000,858785045.000000,-0.058033,-1.170099,0.000000,0.000000,0.000000,-0.998444,0.055760,0.065194,0.000000,0.000000,0.000000,0.000000,-0.479221,
1624841040.000000,891785045.000000,-0.060098,-1.170316,0.000000,0.000000,0.000000,-0.998792,0.049134,0.062893,0.000000,0.000000,0.000000,0.000000,-0.402176,
1624841040.000000,924785045.000000,-0.062164,-1.170507,0.000000,0.000000,0.000000,-0.999084,0.042794,0.062893,0.000000,0.000000,0.000000,0.000000,-0.384634,
1624841040.000000,957785045.000000,-0.064334,-1.170676,0.000000,0.000000,0.000000,-0.999388,0.034994,0.065961,0.000000,0.000000,0.000000,0.000000,-0.473059,
1624841040.000000,991785045.000000,-0.066431,-1.170806,0.000000,0.000000,0.000000,-0.999633,0.027094,0.061788,0.000000,0.000000,0.000000,0.000000,-0.464972,
1624841041.000000,24785045.000000,-0.068504,-1.170905,0.000000,0.000000,0.000000,-0.999786,0.020694,0.062893,0.000000,0.000000,0.000000,0.000000,-0.387958,
1624841041.000000,57785045.000000,-0.070680,-1.170980,0.000000,0.000000,0.000000,-0.999910,0.013420,0.065961,0.000000,0.000000,0.000000,0.000000,-0.440930,
1624841041.000000,90785045.000000,-0.072755,-1.171020,0.000000,0.000000,0.000000,-0.999981,0.006119,0.062893,0.000000,0.000000,0.000000,0.000000,-0.442498,
1624841041.000000,123785045.000000,-0.074805,-1.171031,0.000000,0.000000,0.000000,-1.000000,-0.000746,0.062126,0.000000,0.000000,0.000000,0.000000,-0.416098,
1624841041.000000,156785045.000000,-0.076981,-1.171012,0.000000,0.000000,0.000000,-0.999968,-0.007992,0.065961,0.000000,0.000000,0.000000,0.000000,-0.439160,
1624841041.000000,189785045.000000,-0.079107,-1.170963,0.000000,0.000000,0.000000,-0.999882,-0.015358,0.064427,0.000000,0.000000,0.000000,0.000000,-0.446435,
1624841041.000000,223785045.000000,-0.081181,-1.170885,0.000000,0.000000,0.000000,-0.999754,-0.022193,0.061043,0.000000,0.000000,0.000000,0.000000,-0.402107,
1624841041.000000,258785045.000000,-0.083431,-1.170766,0.000000,0.000000,0.000000,-0.999538,-0.030387,0.064361,0.000000,0.000000,0.000000,0.000000,-0.468397,
1624841041.000000,291785045.000000,-0.085552,-1.170623,0.000000,0.000000,0.000000,-0.999307,-0.037212,0.064427,0.000000,0.000000,0.000000,0.000000,-0.413880,
1624841041.000000,324785045.000000,-0.087671,-1.170450,0.000000,0.000000,0.000000,-0.999028,-0.044071,0.064427,0.000000,0.000000,0.000000,0.000000,-0.416062,
1624841041.000000,357785045.000000,-0.089762,-1.170249,0.000000,0.000000,0.000000,-0.998665,-0.051663,0.063660,0.000000,0.000000,0.000000,0.000000,-0.460661,
