1624840879.979467,0.000000,0.567225,-0.492536,0.196415,
1624840879.983636,0.000000,0.567243,-0.492529,0.196417,
1624840879.987777,0.000000,0.567239,-0.492532,0.196419,
1624840879.991944,0.000000,0.567232,-0.492525,0.196410,
1624840879.996114,0.000000,0.567234,-0.492520,0.196407,
1624840880.000276,0.000000,0.567231,-0.492523,0.196415,
1624840880.004441,0.000000,0.567245,-0.492538,0.196426,
1624840880.008608,0.000000,0.567239,-0.492526,0.196415,
1624840880.012781,0.000000,0.567240,-0.492532,0.196418,
1624840880.016943,0.000000,0.567240,-0.492533,0.196427,
1624840880.021108,0.000000,0.567250,-0.492521,0.196405,
1624840880.025275,0.000000,0.567238,-0.492524,0.196413,
1624840880.029440,0.000000,0.567236,-0.492523,0.196413,
1624840880.033610,0.000000,0.567229,-0.492521,0.196407,
1624840880.037844,0.000000,0.567233,-0.492525,0.196409,
1624840880.041951,0.000000,0.567243,-0.492517,0.196405,
1624840880.046112,0.000000,0.567242,-0.492539,0.196416,
1624840880.050276,0.000000,0.567240,-0.492523,0.196410,
1624840880.054452,0.000000,0.567245,-0.492525,0.196416,
1624840880.058610,0.000000,0.567240,-0.492523,0.196414,
1624840880.062777,0.000000,0.567243,-0.492518,0.196411,
1624840880.066949,0.000000,0.567229,-0.492525,0.196417,
1624840880.071110,0.000000,0.567234,-0.492523,0.196407,
1624840880.075277,0.000000,0.567239,-0.492524,0.196407,
1624840880.079479,0.000000,0.567225,-0.492529,0.196407,
1624840880.083650,0.000000,0.567242,-0.492536,0.196425,
1624840880.087811,0.000000,0.567239,-0.492530,0.196420,
1624840880.091981,0.000000,0.567239,-0.492525,0.196415,
1624840880.096147,0.000000,0.567243,-0.492527,0.196419,
1624840880.100309,0.000000,0.567236,-0.492526,0.196417,
1624840880.104478,0.000000,0.567243,-0.492520,0.196407,
1624840880.108643,0.000000,0.567244,-0.492522,0.196408,
1624840880.112812,0.000000,0.567232,-0.492523,0.196406,
1624840880.116977,0.000000,0.567233,-0.492526,0.196407,
1624840880.121145,0.000000,0.567237,-0.492521,0.196409,
1624840880.125311,0.000000,0.567229,-0.492519,0.196404,
1624840880.129477,0.000000,0.567242,-0.492527,0.196421,
1624840890.750343,0.000000,0.567237,-0.492528,0.196421,
1624840890.754495,0.000000,0.567242,-0.492527,0.196423,
1624840890.758671,0.000000,0.567239,-0.492527,0.196423,
1624840890.762835,0.000000,0.567235,-0.492516,0.196409,
1624840890.767000,0.000000,0.567228,-0.492518,0.196407,
1624840890.771168,0.000000,0.567239,-0.492516,0.196405,
1624840890.775381,0.000000,0.567231,-0.492524,0.196413,
1624840890.779497,0.000000,0.567233,-0.492525,0.196409,
1624840890.783680,0.000000,0.567238,-0.492523,0.196411,
1624840890.787837,0.000000,0.567227,-0.492519,0.196414,
1624840890.850325,0.000000,0.567480,-0.492589,0.196484,
1624840890.854490,0.000000,0.567705,-0.492679,0.196532,
1624840890.858668,0.000000,0.567985,-0.492783,0.196558,
1624840890.862831,0.000000,0.568325,-0.492861,0.196541,
1624840890.867000,0.000000,0.568724,-0.492938,0.196477,
1624840890.871147,0.000000,0.569186,-0.492991,0.196382,
1624840890.875322,0.000000,0.569673,-0.493045,0.196325,
1624840890.879494,0.000000,0.570216,-0.493116,0.196322,
1624840890.883666,0.000000,0.570761,-0.493144,0.196219,
1624840890.887830,0.000000,0.571235,-0.493252,0.196173,
1624840890.950287,0.000000,0.579067,-0.494542,0.196429,
1624840890.954468,0.000000,0.579604,-0.494638,0.196461,
1624840890.958637,0.000000,0.580206,-0.494759,0.196428,
1624840890.962792,0.000000,0.580707,-0.494934,0.196449,
1624840890.966973,0.000000,0.581302,-0.495005,0.196401,
1624840890.971133,0.000000,0.581913,-0.495066,0.196372,
1624840890.975292,0.000000,0.582499,-0.495191,0.196357,
1624840890.979457,0.000000,0.583147,-0.495245,0.196302,
1624840890.983634,0.000000,0.583742,-0.495338,0.196205,
1624840890.987797,0.000000,0.584366,-0.495434,0.196227,
1624840891.050328,0.000000,0.592607,-0.497439,0.196384,
1624840891.054494,0.000000,0.593120,-0.497578,0.196344,
1624840891.058665,0.000000,0.593714,-0.497671,0.196390,
1624840891.062808,0.000000,0.594243,-0.497795,0.196399,
1624840891.066990,0.000000,0.594814,-0.497898,0.196342,
1624840891.071162,0.000000,0.595401,-0.498006,0.196334,
1624840891.075505,0.000000,0.596011,-0.498103,0.196231,
1624840891.079496,0.000000,0.596633,-0.498257,0.196232,
1624840891.083668,0.000000,0.597267,-0.498384,0.196161,
1624840891.087836,0.000000,0.597871,-0.498506,0.196023,
1624840891.150340,0.000000,0.606117,-0.500706,0.196354,
1624840891.154503,0.000000,0.606613,-0.500872,0.196366,
1624840891.158662,0.000000,0.607124,-0.501036,0.196370,
1624840891.162825,0.000000,0.607648,-0.501220,0.196383,
1624840891.166998,0.000000,0.608194,-0.501423,0.196191,
1624840891.171172,0.000000,0.608791,-0.501604,0.196298,
1624840891.175336,0.000000,0.609385,-0.501760,0.196311,
1624840891.179500,0.000000,0.609985,-0.501902,0.196184,
1624840891.183659,0.000000,0.610615,-0.502055,0.196176,
1624840891.187828,0.000000,0.611214,-0.502194,0.196163,
1624840891.250338,0.000000,0.619286,-0.504753,0.196186,
1624840891.254505,0.000000,0.619783,-0.504940,0.196183,
1624840891.258673,0.000000,0.620239,-0.505195,0.196219,
1624840891.262815,0.000000,0.620809,-0.505404,0.196199,
1624840891.266995,0.000000,0.621342,-0.505604,0.196241,
1624840891.271164,0.000000,0.621921,-0.505745,0.196166,
1624840891.275333,0.000000,0.622653,-0.506097,0.196308,
1624840891.279500,0.000000,0.623231,-0.506214,0.196230,
1624840891.283654,0.000000,0.623906,-0.506347,0.196160,
1624840891.287825,0.000000,0.624383,-0.506452,0.195999,
1624840891.350282,0.000000,0.632366,-0.509660,0.196162,
1624840891.354455,0.000000,0.632828,-0.509888,0.196246,
1624840891.358660,0.000000,0.633328,-0.510117,0.196268,
1624840891.362824,0.000000,0.633851,-0.510272,0.196219,
1624840891.367034,0.000000,0.634368,-0.510479,0.196173,
1624840891.371145,0.000000,0.634974,-0.510693,0.196117,
1624840891.375321,0.000000,0.635648,-0.510836,0.196059,
1624840891.379483,0.000000,0.636258,-0.511020,0.196002,
1624840891.383653,0.000000,0.636814,-0.511201,0.195962,
1624840891.387815,0.000000,0.637421,-0.511388,0.195830,
1624840891.450318,0.000000,0.645197,-0.514720,0.196084,
1624840891.454488,0.000000,0.645542,-0.515037,0.196168,
1624840891.458732,0.000000,0.646034,-0.515311,0.196190,
1624840891.462825,0.000000,0.646564,-0.515571,0.196210,
1624840891.466990,0.000000,0.647246,-0.515720,0.196092,
1624840891.471153,0.000000,0.647813,-0.515980,0.196054,
1624840891.475324,0.000000,0.648377,-0.516227,0.196030,
1624840891.479509,0.000000,0.648870,-0.516476,0.196004,
1624840891.483651,0.000000,0.649472,-0.516640,0.195918,
1624840891.487810,0.000000,0.650024,-0.516881,0.195843,
1624840891.550319,0.000000,0.657692,-0.520611,0.195990,
1624840891.554493,0.000000,0.658184,-0.520965,0.196047,
1624840891.558657,0.000000,0.658647,-0.521206,0.196048,
1624840891.562829,0.000000,0.659057,-0.521471,0.196073,
1624840891.566991,0.000000,0.659552,-0.521660,0.196066,
1624840891.571157,0.000000,0.660097,-0.521933,0.196070,
1624840891.575321,0.000000,0.660645,-0.522184,0.196041,
1624840891.579498,0.000000,0.661175,-0.522418,0.195993,
1624840891.583669,0.000000,0.661718,-0.522624,0.195915,
1624840891.587898,0.000000,0.662295,-0.522894,0.195873,
1624840891.650335,0.000000,0.669705,-0.526992,0.195946,
1624840891.654500,0.000000,0.670155,-0.527240,0.195967,
1624840891.658673,0.000000,0.670625,-0.527472,0.195994,
1624840891.662833,0.000000,0.671104,-0.527779,0.196027,
1624840891.667001,0.000000,0.671544,-0.528061,0.196024,
1624840891.671153,0.000000,0.672053,-0.528346,0.196022,
1624840891.675337,0.000000,0.672593,-0.528571,0.195929,
1624840891.679490,0.000000,0.673137,-0.528785,0.195879,
1624840891.683668,0.000000,0.673676,-0.529038,0.195822,
1624840891.687818,0.000000,0.674263,-0.529320,0.195741,
1624840891.750317,0.000000,0.681655,-0.533784,0.195855,
1624840891.754487,0.000000,0.682044,-0.534079,0.195878,
1624840891.758823,0.000000,0.682476,-0.534362,0.195886,
1624840891.762816,0.000000,0.682927,-0.534639,0.195856,
1624840891.767174,0.000000,0.683388,-0.534914,0.195857,
1624840891.771148,0.000000,0.683858,-0.535189,0.195836,
1624840891.775338,0.000000,0.684366,-0.535445,0.195768,
1624840891.779666,0.000000,0.684826,-0.535781,0.195752,
1624840891.783840,0.000000,0.685352,-0.536056,0.195674,
1624840891.788013,0.000000,0.685985,-0.536354,0.195557,
1624840891.850280,0.000000,0.693160,-0.541114,0.195659,
1624840891.854452,0.000000,0.693569,-0.541412,0.195657,
1624840891.858608,0.000000,0.693955,-0.541748,0.195707,
1624840891.862788,0.000000,0.694467,-0.542042,0.195663,
1624840891.866947,0.000000,0.694918,-0.542340,0.195638,
1624840891.871116,0.000000,0.695390,-0.542653,0.195626,
1624840891.875341,0.000000,0.695825,-0.542990,0.195637,
1624840891.879454,0.000000,0.696311,-0.543301,0.195614,
1624840891.883613,0.000000,0.696802,-0.543609,0.195558,
1624840891.887784,0.000000,0.697311,-0.543918,0.195475,
1624840891.950321,0.000000,0.704328,-0.548809,0.195438,
1624840891.954485,0.000000,0.704782,-0.549125,0.195386,
1624840891.958646,0.000000,0.705233,-0.549482,0.195431,
1624840891.962815,0.000000,0.705546,-0.549805,0.195442,
1624840891.966986,0.000000,0.705965,-0.550095,0.195387,
1624840891.971254,0.000000,0.706405,-0.550452,0.195410,
1624840891.975313,0.000000,0.706967,-0.550802,0.195414,
1624840891.979492,0.000000,0.707344,-0.551146,0.195428,
1624840891.983659,0.000000,0.707824,-0.551485,0.195390,
1624840891.987819,0.000000,0.708343,-0.551847,0.195342,
1624840892.050323,0.000000,0.715163,-0.557100,0.195352,
1624840892.054492,0.000000,0.715548,-0.557457,0.195375,
1624840892.058662,0.000000,0.715930,-0.557772,0.195351,
1624840892.062814,0.000000,0.716244,-0.558115,0.195414,
1624840892.066990,0.000000,0.716652,-0.558484,0.195451,
1624840892.071146,0.000000,0.717097,-0.558844,0.195468,
1624840892.075318,0.000000,0.717509,-0.559222,0.195495,
1624840892.079489,0.000000,0.718027,-0.559537,0.195383,
1624840892.083656,0.000000,0.718531,-0.559878,0.195331,
1624840892.087823,0.000000,0.718933,-0.560248,0.195303,
1624840892.150315,0.000000,0.725510,-0.565634,0.195074,
1624840892.154490,0.000000,0.725932,-0.565990,0.195028,
1624840892.158656,0.000000,0.726288,-0.566357,0.195078,
1624840892.162826,0.000000,0.726601,-0.566735,0.195146,
1624840892.166995,0.000000,0.726993,-0.567083,0.195152,
1624840892.171155,0.000000,0.727441,-0.567451,0.195141,
1624840892.175320,0.000000,0.727846,-0.567823,0.195106,
1624840892.179487,0.000000,0.728285,-0.568192,0.195065,
1624840892.183646,0.000000,0.728784,-0.568614,0.195025,
1624840892.187817,0.000000,0.729137,-0.568998,0.195119,
1624840892.250309,0.000000,0.735584,-0.574808,0.195058,
1624840892.254486,0.000000,0.735903,-0.575144,0.195065,
1624840892.258647,0.000000,0.736176,-0.575524,0.195144,
1624840892.262818,0.000000,0.736617,-0.575893,0.195124,
1624840892.266980,0.000000,0.736922,-0.576278,0.195181,
1624840892.271167,0.000000,0.737291,-0.576675,0.195189,
1624840892.275311,0.000000,0.737666,-0.577059,0.195173,
1624840892.279467,0.000000,0.738156,-0.577486,0.195116,
1624840892.283644,0.000000,0.738638,-0.577879,0.195055,
1624840892.287834,0.000000,0.739078,-0.578275,0.195019,
1624840892.350321,0.000000,0.745124,-0.584391,0.195009,
1624840892.354485,0.000000,0.745430,-0.584749,0.195033,
1624840892.358719,0.000000,0.745798,-0.585152,0.195042,
1624840892.362811,0.000000,0.746072,-0.585554,0.195113,
1624840892.366983,0.000000,0.746429,-0.585995,0.195059,
1624840892.371152,0.000000,0.746756,-0.586411,0.195051,
1624840892.375329,0.000000,0.747183,-0.586797,0.195036,
1624840892.379483,0.000000,0.747599,-0.587234,0.195040,
1624840892.383669,0.000000,0.748014,-0.587630,0.194992,
1624840892.387830,0.000000,0.748427,-0.588050,0.194964,
1624840892.450320,0.000000,0.754406,-0.594529,0.194824,
1624840892.454473,0.000000,0.754748,-0.594895,0.194803,
1624840892.458641,0.000000,0.755034,-0.595268,0.194842,
1624840892.462815,0.000000,0.755312,-0.595642,0.194888,
1624840892.466977,0.000000,0.755654,-0.596071,0.194889,
1624840892.471143,0.000000,0.755938,-0.596478,0.194936,
1624840892.475308,0.000000,0.756301,-0.596852,0.194943,
1624840892.479479,0.000000,0.756679,-0.597333,0.194940,
1624840892.483723,0.000000,0.757130,-0.597813,0.194887,
1624840892.487810,0.000000,0.757555,-0.598307,0.194873,
1624840892.550360,0.000000,0.763079,-0.604920,0.194838,
1624840892.554532,0.000000,0.763427,-0.605371,0.194877,
1624840892.558697,0.000000,0.763713,-0.605783,0.194912,
1624840892.562866,0.000000,0.764049,-0.606216,0.194918,
1624840892.567034,0.000000,0.764333,-0.606637,0.194944,
1624840892.571202,0.000000,0.764650,-0.607080,0.194972,
1624840892.575363,0.000000,0.764984,-0.607499,0.194953,
1624840892.579531,0.000000,0.765360,-0.607953,0.194923,
1624840892.583695,0.000000,0.765746,-0.608386,0.194844,
1624840892.587868,0.000000,0.766166,-0.608849,0.194775,
1624840892.650370,0.000000,0.771492,-0.615803,0.194712,
1624840892.654525,0.000000,0.771734,-0.616218,0.194879,
1624840892.658694,0.000000,0.772035,-0.616677,0.194907,
1624840892.662863,0.000000,0.772398,-0.617126,0.194854,
1624840892.667027,0.000000,0.772682,-0.617616,0.194874,
1624840892.671196,0.000000,0.772939,-0.617959,0.194867,
1624840892.675362,0.000000,0.773238,-0.618405,0.194894,
1624840892.679525,0.000000,0.773449,-0.618872,0.194911,
1624840892.683708,0.000000,0.773793,-0.619386,0.194926,
1624840892.687869,0.000000,0.774165,-0.619898,0.194903,
1624840892.750355,0.000000,0.779377,-0.627017,0.194740,
1624840892.754528,0.000000,0.779620,-0.627470,0.194793,
1624840892.758691,0.000000,0.779920,-0.627920,0.194724,
1624840892.762853,0.000000,0.780161,-0.628395,0.194766,
1624840892.767018,0.000000,0.780373,-0.628837,0.194825,
1624840892.771192,0.000000,0.780699,-0.629312,0.194779,
1624840892.775350,0.000000,0.781042,-0.629781,0.194782,
1624840892.779522,0.000000,0.781398,-0.630261,0.194747,
1624840892.783689,0.000000,0.781658,-0.630723,0.194887,
1624840892.787855,0.000000,0.781980,-0.631205,0.194872,
1624840892.850357,0.000000,0.786683,-0.638817,0.195160,
1624840892.854522,0.000000,0.787007,-0.639295,0.195184,
1624840892.858691,0.000000,0.787260,-0.639757,0.195258,
1624840892.862867,0.000000,0.787549,-0.640302,0.195222,
1624840892.867024,0.000000,0.787861,-0.640861,0.195209,
1624840892.871284,0.000000,0.788136,-0.641298,0.195121,
1624840892.875360,0.000000,0.788363,-0.641671,0.195207,
1624840892.879523,0.000000,0.788700,-0.642143,0.195163,
1624840892.883696,0.000000,0.789058,-0.642756,0.195056,
1624840892.887865,0.000000,0.789387,-0.643299,0.195013,
1624840892.950365,0.000000,0.793815,-0.650909,0.194344,
1624840892.954530,0.000000,0.793964,-0.651383,0.194414,
1624840892.958697,0.000000,0.794201,-0.651891,0.194424,
1624840892.962878,0.000000,0.794343,-0.652349,0.194873,
1624840892.967030,0.000000,0.794569,-0.652826,0.194935,
1624840892.971201,0.000000,0.794795,-0.653312,0.194948,
1624840892.975360,0.000000,0.795154,-0.653822,0.194524,
1624840892.979528,0.000000,0.795373,-0.654281,0.194925,
1624840892.983696,0.000000,0.795657,-0.654780,0.194909,
1624840892.987862,0.000000,0.795961,-0.655343,0.194856,
1624840893.050367,0.000000,0.800083,-0.663122,0.194650,
1624840893.054528,0.000000,0.800238,-0.663641,0.194657,
1624840893.058694,0.000000,0.800466,-0.664144,0.194654,
1624840893.062861,0.000000,0.800685,-0.664692,0.194780,
1624840893.067031,0.000000,0.800839,-0.665184,0.194764,
1624840893.071203,0.000000,0.801100,-0.665695,0.194736,
1624840893.075361,0.000000,0.801326,-0.666198,0.194773,
1624840893.079535,0.000000,0.801548,-0.666751,0.194793,
1624840893.083691,0.000000,0.801775,-0.667233,0.194718,
1624840893.087856,0.000000,0.802035,-0.667821,0.194728,
1624840893.150357,0.000000,0.805835,-0.675749,0.194457,
1624840893.154527,0.000000,0.805995,-0.676222,0.194529,
1624840893.158689,0.000000,0.806168,-0.676722,0.194541,
1624840893.162860,0.000000,0.806385,-0.677219,0.194554,
1624840893.167020,0.000000,0.806550,-0.677706,0.194571,
1624840893.171187,0.000000,0.806747,-0.678208,0.194574,
1624840893.175362,0.000000,0.806964,-0.678684,0.194604,
1624840893.179549,0.000000,0.807193,-0.679177,0.194510,
1624840893.183700,0.000000,0.807420,-0.679739,0.194499,
1624840893.187869,0.000000,0.807708,-0.680278,0.194442,
1624840893.250356,0.000000,0.811146,-0.688231,0.194196,
1624840893.254598,0.000000,0.811325,-0.688726,0.194218,
1624840893.258694,0.000000,0.811441,-0.689407,0.194287,
1624840893.262859,0.000000,0.811621,-0.689883,0.194305,
1624840893.267025,0.000000,0.811802,-0.690195,0.194335,
1624840893.271192,0.000000,0.811949,-0.690733,0.194375,
1624840893.275362,0.000000,0.812117,-0.691245,0.194347,
1624840893.279522,0.000000,0.812267,-0.691771,0.194375,
1624840893.283696,0.000000,0.812500,-0.692282,0.194327,
1624840893.287854,0.000000,0.812728,-0.692902,0.194288,
1624840893.350358,0.000000,0.815803,-0.701180,0.194107,
1624840893.354530,0.000000,0.815906,-0.701664,0.194173,
1624840893.358695,0.000000,0.816060,-0.702180,0.194194,
1624840893.362859,0.000000,0.816160,-0.702742,0.194124,
1624840893.367026,0.000000,0.816294,-0.703215,0.194140,
1624840893.371198,0.000000,0.816428,-0.703711,0.194146,
1624840893.375351,0.000000,0.816594,-0.704227,0.194136,
1624840893.379517,0.000000,0.816763,-0.704663,0.194217,
1624840893.383764,0.000000,0.816928,-0.705200,0.194218,
1624840893.387845,0.000000,0.817132,-0.705766,0.194198,
1624840893.450352,0.000000,0.819874,-0.714049,0.193887,
1624840893.454517,0.000000,0.820011,-0.714598,0.193881,
1624840893.458684,0.000000,0.820193,-0.715091,0.193918,
1624840893.462849,0.000000,0.820305,-0.715625,0.194015,
1624840893.467017,0.000000,0.820398,-0.716235,0.193842,
1624840893.471189,0.000000,0.820502,-0.716737,0.193796,
1624840893.475337,0.000000,0.820608,-0.717245,0.193801,
1624840893.479519,0.000000,0.820735,-0.717766,0.193781,
1624840893.483687,0.000000,0.820858,-0.718319,0.193797,
1624840893.487853,0.000000,0.821006,-0.718875,0.193800,
1624840893.550340,0.000000,0.823447,-0.727419,0.193464,
1624840893.554507,0.000000,0.823555,-0.727933,0.193525,
1624840893.558686,0.000000,0.823616,-0.728413,0.193597,
1624840893.562845,0.000000,0.823722,-0.728908,0.193591,
1624840893.567030,0.000000,0.823795,-0.729427,0.193620,
1624840893.571182,0.000000,0.823865,-0.729891,0.193644,
1624840893.575360,0.000000,0.823908,-0.730408,0.193684,
1624840893.579536,0.000000,0.824008,-0.730925,0.193751,
1624840893.583681,0.000000,0.824092,-0.731465,0.193740,
1624840893.587841,0.000000,0.824213,-0.732053,0.193748,
1624840893.650354,0.000000,0.826380,-0.740533,0.193418,
1624840893.654509,0.000000,0.826378,-0.741091,0.193475,
1624840893.658682,0.000000,0.826470,-0.741528,0.193598,
1624840893.662848,0.000000,0.826496,-0.742206,0.193413,
1624840893.667020,0.000000,0.826628,-0.742741,0.193261,
1624840893.671192,0.000000,0.826631,-0.743204,0.193427,
1624840893.675364,0.000000,0.826756,-0.743738,0.193281,
1624840893.679513,0.000000,0.826850,-0.744204,0.193344,
1624840893.683679,0.000000,0.826878,-0.744726,0.193409,
1624840893.687813,0.000000,0.826989,-0.745234,0.193412,
1624840893.750322,0.000000,0.828764,-0.754090,0.192906,
1624840893.754477,0.000000,0.828762,-0.754625,0.193040,
1624840893.758641,0.000000,0.828799,-0.755162,0.193074,
1624840893.762815,0.000000,0.828820,-0.755708,0.193136,
1624840893.767248,0.000000,0.828852,-0.756215,0.193179,
1624840893.771146,0.000000,0.828905,-0.756730,0.193193,
1624840893.775309,0.000000,0.828891,-0.757257,0.193260,
1624840893.779480,0.000000,0.828987,-0.757728,0.193244,
1624840893.783846,0.000000,0.829007,-0.758272,0.193268,
1624840893.787855,0.000000,0.829087,-0.758779,0.193237,
1624840893.850350,0.000000,0.830415,-0.767386,0.192968,
1624840893.854511,0.000000,0.830549,-0.767869,0.192940,
1624840893.858685,0.000000,0.830636,-0.768399,0.193017,
1624840893.862856,0.000000,0.830702,-0.768838,0.193063,
1624840893.867013,0.000000,0.830688,-0.769472,0.192908,
1624840893.871187,0.000000,0.830521,-0.770018,0.193205,
1624840893.875356,0.000000,0.830516,-0.770550,0.193263,
1624840893.879514,0.000000,0.830507,-0.771062,0.193268,
1624840893.883693,0.000000,0.830624,-0.771486,0.193154,
1624840893.887851,0.000000,0.830657,-0.771999,0.193148,
1624840893.950351,0.000000,0.831793,-0.780714,0.192720,
1624840893.954518,0.000000,0.831852,-0.781283,0.192754,
1624840893.958715,0.000000,0.831772,-0.781775,0.192844,
1624840893.962845,0.000000,0.831767,-0.782259,0.192912,
1624840893.967024,0.000000,0.831752,-0.782779,0.192947,
1624840893.971185,0.000000,0.831738,-0.783284,0.192974,
1624840893.975471,0.000000,0.831727,-0.783802,0.193003,
1624840893.979504,0.000000,0.831749,-0.784321,0.193018,
1624840893.983672,0.000000,0.831831,-0.784844,0.192948,
1624840893.987859,0.000000,0.831829,-0.785365,0.192975,
1624840894.050356,0.000000,0.832316,-0.794388,0.192487,
1624840894.054529,0.000000,0.832333,-0.794970,0.192512,
1624840894.058701,0.000000,0.832279,-0.795509,0.192566,
1624840894.062872,0.000000,0.832239,-0.796014,0.192641,
1624840894.067031,0.000000,0.832217,-0.796509,0.192682,
1624840894.071200,0.000000,0.832240,-0.796987,0.192685,
1624840894.075358,0.000000,0.832146,-0.797484,0.192748,
1624840894.079515,0.000000,0.832136,-0.797974,0.192741,
1624840894.083692,0.000000,0.832142,-0.798575,0.192639,
1624840894.087869,0.000000,0.832183,-0.799045,0.192710,
1624840894.150355,0.000000,0.832397,-0.807932,0.192307,
1624840894.154598,0.000000,0.832367,-0.808482,0.192355,
1624840894.158703,0.000000,0.832299,-0.809014,0.192414,
1624840894.162921,0.000000,0.832242,-0.809555,0.192494,
1624840894.167043,0.000000,0.832160,-0.810145,0.192479,
1624840894.171188,0.000000,0.832119,-0.810649,0.192522,
1624840894.175367,0.000000,0.832097,-0.811106,0.192626,
1624840894.179523,0.000000,0.832089,-0.811608,0.192639,
1624840894.183702,0.000000,0.832055,-0.812121,0.192645,
1624840894.187872,0.000000,0.832017,-0.812619,0.192675,
1624840894.250351,0.000000,0.831703,-0.821656,0.192156,
1624840894.254516,0.000000,0.831651,-0.822232,0.192185,
1624840894.258694,0.000000,0.831591,-0.822795,0.192260,
1624840894.262852,0.000000,0.831521,-0.823317,0.192283,
1624840894.267015,0.000000,0.831438,-0.823835,0.192341,
1624840894.271190,0.000000,0.831323,-0.824351,0.192464,
1624840894.275355,0.000000,0.831268,-0.824817,0.192479,
1624840894.279517,0.000000,0.831206,-0.825306,0.192488,
1624840894.283785,0.000000,0.831149,-0.825815,0.192518,
1624840894.287858,0.000000,0.831122,-0.826332,0.192514,
1624840894.350327,0.000000,0.830539,-0.835440,0.191950,
1624840894.354505,0.000000,0.830450,-0.836012,0.191987,
1624840894.358668,0.000000,0.830391,-0.836507,0.192211,
1624840894.362829,0.000000,0.830232,-0.837121,0.192226,
1624840894.366994,0.000000,0.830135,-0.837643,0.192279,
1624840894.371165,0.000000,0.830034,-0.838128,0.192322,
1624840894.375332,0.000000,0.829952,-0.838636,0.192321,
1624840894.379518,0.000000,0.829845,-0.839090,0.192353,
1624840894.383660,0.000000,0.829751,-0.839590,0.192354,
1624840894.387825,0.000000,0.829676,-0.840064,0.192361,
1624840894.450358,0.000000,0.828612,-0.849113,0.191913,
1624840894.454521,0.000000,0.828550,-0.849708,0.191897,
1624840894.458690,0.000000,0.828439,-0.850264,0.191966,
1624840894.462862,0.000000,0.828233,-0.850828,0.192132,
1624840894.467035,0.000000,0.828108,-0.851336,0.192187,
1624840894.471201,0.000000,0.827885,-0.851851,0.192264,
1624840894.475367,0.000000,0.827799,-0.852345,0.192254,
1624840894.479517,0.000000,0.827676,-0.852895,0.192237,
1624840894.483700,0.000000,0.827685,-0.853385,0.192208,
1624840894.487863,0.000000,0.827553,-0.853888,0.192299,
1624840894.550349,0.000000,0.826110,-0.862986,0.192268,
1624840894.554516,0.000000,0.825984,-0.863583,0.192286,
1624840894.558689,0.000000,0.825849,-0.864183,0.192323,
1624840894.562858,0.000000,0.825705,-0.864697,0.192391,
1624840894.567035,0.000000,0.825576,-0.865399,0.192275,
1624840894.571201,0.000000,0.825469,-0.865861,0.192305,
1624840894.575356,0.000000,0.825384,-0.866321,0.192337,
1624840894.579536,0.000000,0.825198,-0.866719,0.192446,
1624840894.583696,0.000000,0.825061,-0.867234,0.192482,
1624840894.587861,0.000000,0.824962,-0.867772,0.192479,
1624840894.650360,0.000000,0.823014,-0.876492,0.191723,
1624840894.654530,0.000000,0.822851,-0.877064,0.191768,
1624840894.658688,0.000000,0.822681,-0.877625,0.191818,
1624840894.662864,0.000000,0.822504,-0.878097,0.191877,
1624840894.667093,0.000000,0.822398,-0.878582,0.191890,
1624840894.671179,0.000000,0.822252,-0.879070,0.191950,
1624840894.675351,0.000000,0.822073,-0.879569,0.192002,
1624840894.679524,0.000000,0.821885,-0.880050,0.192058,
1624840894.683685,0.000000,0.821731,-0.880579,0.192055,
1624840894.687859,0.000000,0.821591,-0.881061,0.192081,
1624840894.750359,0.000000,0.819408,-0.889866,0.191582,
1624840894.754523,0.000000,0.819217,-0.890427,0.191656,
1624840894.758685,0.000000,0.819029,-0.890931,0.191751,
1624840894.762852,0.000000,0.818857,-0.891440,0.191794,
1624840894.767007,0.000000,0.818709,-0.891922,0.191804,
1624840894.771179,0.000000,0.818537,-0.892403,0.191809,
1624840894.775362,0.000000,0.818307,-0.892877,0.191906,
1624840894.779523,0.000000,0.818120,-0.893390,0.191981,
1624840894.783685,0.000000,0.817915,-0.893828,0.191994,
1624840894.787859,0.000000,0.817740,-0.894343,0.192061,
1624840894.850344,0.000000,0.815223,-0.903001,0.191385,
1624840894.854521,0.000000,0.815020,-0.903531,0.191399,
1624840894.858688,0.000000,0.814817,-0.903952,0.191520,
1624840894.862860,0.000000,0.814608,-0.904412,0.191599,
1624840894.867026,0.000000,0.814192,-0.905055,0.191666,
1624840894.871186,0.000000,0.814007,-0.905563,0.191691,
1624840894.875356,0.000000,0.813739,-0.906024,0.192005,
1624840894.879525,0.000000,0.813785,-0.906415,0.191699,
1624840894.883691,0.000000,0.813606,-0.906884,0.191734,
1624840894.887861,0.000000,0.813328,-0.907382,0.191768,
1624840894.950368,0.000000,0.810597,-0.915755,0.191218,
1624840894.954519,0.000000,0.810408,-0.916328,0.191194,
1624840894.958676,0.000000,0.810143,-0.916870,0.191265,
1624840894.962849,0.000000,0.809916,-0.917368,0.191336,
1624840894.967009,0.000000,0.809689,-0.917831,0.191399,
1624840894.971182,0.000000,0.809480,-0.918320,0.191434,
1624840894.975349,0.000000,0.809227,-0.918763,0.191511,
1624840894.979549,0.000000,0.809035,-0.919188,0.191531,
1624840894.983690,0.000000,0.808711,-0.919722,0.191760,
1624840894.987860,0.000000,0.808506,-0.920196,0.191746,
1624840895.050405,0.000000,0.805382,-0.928343,0.190954,
1624840895.054491,0.000000,0.805066,-0.928936,0.190985,
1624840895.058676,0.000000,0.804835,-0.929483,0.191306,
1624840895.062834,0.000000,0.804567,-0.930018,0.191355,
1624840895.066994,0.000000,0.804248,-0.930467,0.191514,
1624840895.071163,0.000000,0.804018,-0.930911,0.191533,
1624840895.075328,0.000000,0.803889,-0.931333,0.191487,
1624840895.079484,0.000000,0.803589,-0.931732,0.191618,
1624840895.083678,0.000000,0.803327,-0.932182,0.191656,
1624840895.087838,0.000000,0.803084,-0.932656,0.191666,
1624840895.150353,0.000000,0.799305,-0.940983,0.191008,
1624840895.154520,0.000000,0.799035,-0.941559,0.190990,
1624840895.158693,0.000000,0.798853,-0.942058,0.190911,
1624840895.162855,0.000000,0.798532,-0.942564,0.190978,
1624840895.167022,0.000000,0.798290,-0.943076,0.190970,
1624840895.171192,0.000000,0.797925,-0.943494,0.191100,
1624840895.175350,0.000000,0.797718,-0.943891,0.191130,
1624840895.179586,0.000000,0.797468,-0.944289,0.191164,
1624840895.183692,0.000000,0.797182,-0.944749,0.191230,
1624840895.187860,0.000000,0.796906,-0.945169,0.191288,
1624840895.250350,0.000000,0.792949,-0.953053,0.190769,
1624840895.254514,0.000000,0.792628,-0.953617,0.190794,
1624840895.258687,0.000000,0.792337,-0.954163,0.190779,
1624840895.262846,0.000000,0.792056,-0.954622,0.190874,
1624840895.267013,0.000000,0.791767,-0.955091,0.190903,
1624840895.271173,0.000000,0.791449,-0.955539,0.190985,
1624840895.275390,0.000000,0.791136,-0.955932,0.191045,
1624840895.279518,0.000000,0.790850,-0.956419,0.191009,
1624840895.283690,0.000000,0.790614,-0.956775,0.191078,
1624840895.287853,0.000000,0.790350,-0.957162,0.191120,
1624840895.350340,0.000000,0.785952,-0.964694,0.190883,
1624840895.354505,0.000000,0.785799,-0.965326,0.190622,
1624840895.358675,0.000000,0.785484,-0.965856,0.190590,
1624840895.362848,0.000000,0.785092,-0.966336,0.190697,
1624840895.367019,0.000000,0.784779,-0.966850,0.190685,
1624840895.371183,0.000000,0.784310,-0.967362,0.190829,
1624840895.375346,0.000000,0.784025,-0.967765,0.190897,
1624840895.379519,0.000000,0.783799,-0.968119,0.190965,
1624840895.383682,0.000000,0.783478,-0.968442,0.191031,
1624840895.387851,0.000000,0.783198,-0.968858,0.191041,
1624840895.450312,0.000000,0.778757,-0.976324,0.190245,
1624840895.454476,0.000000,0.778483,-0.976875,0.190163,
1624840895.458646,0.000000,0.777964,-0.977488,0.190068,
1624840895.462817,0.000000,0.777820,-0.977816,0.190180,
1624840895.466990,0.000000,0.777525,-0.978215,0.190203,
1624840895.471154,0.000000,0.777449,-0.978536,0.190163,
1624840895.475351,0.000000,0.777108,-0.978918,0.190278,
1624840895.479486,0.000000,0.776760,-0.979309,0.190348,
1624840895.483641,0.000000,0.776474,-0.979632,0.190443,
1624840895.487825,0.000000,0.776123,-0.979999,0.190541,
1624840895.550326,0.000000,0.771289,-0.987145,0.189965,
1624840895.554513,0.000000,0.770948,-0.987674,0.189910,
1624840895.558672,0.000000,0.770489,-0.988269,0.189936,
1624840895.562856,0.000000,0.770091,-0.988735,0.189961,
1624840895.567077,0.000000,0.769752,-0.989230,0.189922,
1624840895.571163,0.000000,0.769460,-0.989638,0.189970,
1624840895.575332,0.000000,0.769096,-0.990012,0.190055,
1624840895.579510,0.000000,0.768754,-0.990385,0.190112,
1624840895.583674,0.000000,0.767897,-0.990884,0.190612,
1624840895.587835,0.000000,0.768179,-0.991036,0.190244,
1624840895.650298,0.000000,0.762943,-0.997786,0.189900,
1624840895.654471,0.000000,0.762361,-0.998340,0.189877,
1624840895.658648,0.000000,0.762216,-0.998799,0.189779,
1624840895.662806,0.000000,0.761870,-0.999293,0.189755,
1624840895.666972,0.000000,0.761292,-0.999777,0.189779,
1624840895.671141,0.000000,0.760912,-1.000198,0.189838,
1624840895.675313,0.000000,0.760545,-1.000589,0.189891,
1624840895.679508,0.000000,0.760178,-1.000970,0.189954,
1624840895.683638,0.000000,0.759824,-1.001219,0.190101,
1624840895.687810,0.000000,0.759622,-1.001524,0.190147,
1624840895.750309,0.000000,0.754086,-1.007988,0.189934,
1624840895.754469,0.000000,0.753668,-1.008445,0.189901,
1624840895.758641,0.000000,0.753289,-1.008961,0.189793,
1624840895.762803,0.000000,0.752922,-1.009409,0.189796,
1624840895.766975,0.000000,0.752513,-1.009853,0.189811,
1624840895.771132,0.000000,0.752283,-1.010184,0.189930,
1624840895.775295,0.000000,0.751902,-1.010580,0.190017,
1624840895.779477,0.000000,0.751407,-1.011015,0.190008,
1624840895.783635,0.000000,0.751071,-1.011336,0.190088,
1624840895.787803,0.000000,0.750806,-1.011680,0.190161,
1624840895.850364,0.000000,0.744612,-1.017935,0.190189,
1624840895.854532,0.000000,0.744233,-1.018391,0.190175,
1624840895.858705,0.000000,0.743822,-1.018833,0.190179,
1624840895.862873,0.000000,0.743399,-1.019263,0.190177,
1624840895.867036,0.000000,0.743010,-1.019722,0.190152,
1624840895.871197,0.000000,0.742735,-1.020115,0.190183,
1624840895.875366,0.000000,0.742349,-1.020473,0.190367,
1624840895.879541,0.000000,0.741916,-1.020762,0.190539,
1624840895.883708,0.000000,0.741421,-1.021149,0.190434,
1624840895.887872,0.000000,0.741084,-1.021432,0.190539,
1624840895.950421,0.000000,0.734874,-1.027540,0.190159,
1624840895.954506,0.000000,0.734428,-1.027989,0.190101,
1624840895.958671,0.000000,0.733874,-1.028483,0.190073,
1624840895.962832,0.000000,0.733398,-1.028909,0.190087,
1624840895.966996,0.000000,0.732927,-1.029291,0.190126,
1624840895.971173,0.000000,0.732593,-1.029691,0.190102,
1624840895.975322,0.000000,0.732347,-1.030013,0.190057,
1624840895.979505,0.000000,0.732027,-1.030375,0.190026,
1624840895.983671,0.000000,0.731498,-1.030757,0.190096,
1624840895.987839,0.000000,0.731115,-1.031072,0.190169,
1624840896.050363,0.000000,0.725073,-1.036859,0.189851,
1624840896.054529,0.000000,0.724074,-1.037127,0.190261,
1624840896.058712,0.000000,0.723666,-1.037493,0.190251,
1624840896.062872,0.000000,0.723177,-1.037920,0.190220,
1624840896.067029,0.000000,0.722593,-1.038388,0.190137,
1624840896.071193,0.000000,0.722184,-1.038735,0.190190,
1624840896.075359,0.000000,0.721813,-1.039055,0.190279,
1624840896.079608,0.000000,0.721491,-1.039379,0.190347,
1624840896.083701,0.000000,0.721107,-1.039683,0.190380,
1624840896.087864,0.000000,0.720608,-1.040104,0.190279,
1624840896.150357,0.000000,0.713841,-1.045855,0.189752,
1624840896.154526,0.000000,0.713439,-1.046217,0.189746,
1624840896.158693,0.000000,0.713025,-1.046514,0.189841,
1624840896.162861,0.000000,0.712540,-1.046952,0.189724,
1624840896.167029,0.000000,0.712085,-1.047338,0.189735,
1624840896.171183,0.000000,0.711585,-1.047753,0.189702,
1624840896.175358,0.000000,0.711012,-1.048154,0.189680,
1624840896.179557,0.000000,0.710422,-1.048466,0.189811,
1624840896.183696,0.000000,0.709928,-1.048778,0.189920,
1624840896.187867,0.000000,0.709514,-1.049072,0.189945,
1624840896.250359,0.000000,0.702405,-1.054227,0.189885,
1624840896.254544,0.000000,0.701973,-1.054630,0.189772,
1624840896.258694,0.000000,0.701471,-1.055000,0.189768,
1624840896.262861,0.000000,0.700928,-1.055367,0.189760,
1624840896.267032,0.000000,0.700411,-1.055739,0.189784,
1624840896.271216,0.000000,0.699867,-1.056147,0.189759,
1624840896.275362,0.000000,0.699435,-1.056418,0.189828,
1624840896.279533,0.000000,0.698970,-1.056714,0.189920,
1624840896.283707,0.000000,0.698515,-1.056999,0.189997,
1624840896.287869,0.000000,0.698066,-1.057286,0.190007,
1624840896.292038,0.000000,0.697604,-1.057566,0.190032,
1624840896.296186,0.000000,0.697165,-1.057798,0.190086,
1624840896.300359,0.000000,0.696750,-1.058039,0.190118,
1624840896.304525,0.000000,0.696250,-1.058323,0.190202,
1624840896.308689,0.000000,0.695757,-1.058614,0.190226,
1624840896.312854,0.000000,0.695287,-1.058898,0.190275,
1624840896.317022,0.000000,0.694931,-1.059187,0.190213,
1624840896.321189,0.000000,0.694448,-1.059512,0.190181,
1624840896.325354,0.000000,0.693927,-1.059811,0.190210,
1624840896.329538,0.000000,0.693382,-1.060231,0.190135,
1624840896.450361,0.000000,0.679506,-1.069174,0.189987,
1624840896.454535,0.000000,0.678997,-1.069555,0.189908,
1624840896.458693,0.000000,0.678483,-1.069871,0.189872,
1624840896.462941,0.000000,0.677970,-1.070190,0.189829,
1624840896.467011,0.000000,0.677459,-1.070488,0.189844,
1624840896.471205,0.000000,0.676959,-1.070764,0.189860,
1624840896.475344,0.000000,0.676478,-1.071013,0.190014,
1624840896.479516,0.000000,0.676152,-1.071208,0.190109,
1624840896.483698,0.000000,0.675840,-1.071556,0.189942,
1624840896.487863,0.000000,0.675426,-1.071753,0.190018,
1624840896.550334,0.000000,0.667708,-1.075894,0.189755,
1624840896.554533,0.000000,0.667164,-1.076160,0.189807,
1624840896.558696,0.000000,0.666632,-1.076502,0.189773,
1624840896.562847,0.000000,0.666062,-1.076808,0.189771,
1624840896.567027,0.000000,0.665729,-1.077182,0.189588,
1624840896.571198,0.000000,0.665128,-1.077393,0.189717,
1624840896.575357,0.000000,0.664484,-1.077699,0.189718,
1624840896.579500,0.000000,0.663994,-1.077948,0.189776,
1624840896.583732,0.000000,0.663482,-1.078170,0.189850,
1624840896.587865,0.000000,0.663055,-1.078430,0.189824,
1624840896.650347,0.000000,0.655588,-1.082238,0.189557,
1624840896.654520,0.000000,0.654872,-1.082336,0.189972,
1624840896.658688,0.000000,0.654390,-1.082641,0.189910,
1624840896.662857,0.000000,0.653891,-1.082911,0.189863,
1624840896.667022,0.000000,0.653506,-1.083217,0.189631,
1624840896.671189,0.000000,0.653002,-1.083449,0.189636,
1624840896.675354,0.000000,0.652357,-1.083835,0.189427,
1624840896.679523,0.000000,0.651846,-1.083921,0.189847,
1624840896.683685,0.000000,0.651520,-1.084224,0.189642,
1624840896.687851,0.000000,0.651001,-1.084397,0.189767,
1624840896.750341,0.000000,0.643473,-1.087653,0.189682,
1624840896.754530,0.000000,0.642843,-1.088042,0.189609,
1624840896.758691,0.000000,0.642313,-1.088287,0.189565,
1624840896.762867,0.000000,0.641700,-1.088563,0.189530,
1624840896.767018,0.000000,0.641226,-1.088789,0.189478,
1624840896.771182,0.000000,0.640735,-1.089043,0.189427,
1624840896.775356,0.000000,0.640186,-1.089225,0.189504,
1624840896.779517,0.000000,0.639695,-1.089475,0.189530,
1624840896.783699,0.000000,0.639220,-1.089684,0.189538,
1624840896.787862,0.000000,0.638732,-1.089882,0.189590,
1624840896.850444,0.000000,0.630839,-1.092767,0.189667,
1624840896.854524,0.000000,0.630313,-1.093004,0.189617,
1624840896.858691,0.000000,0.629775,-1.093280,0.189506,
1624840896.862876,0.000000,0.629283,-1.093568,0.189401,
1624840896.867027,0.000000,0.628850,-1.093790,0.189394,
1624840896.871192,0.000000,0.628232,-1.094031,0.189366,
1624840896.875357,0.000000,0.627729,-1.094255,0.189322,
1624840896.879545,0.000000,0.627257,-1.094506,0.189267,
1624840896.883704,0.000000,0.626634,-1.094666,0.189334,
1624840896.887868,0.000000,0.626003,-1.094843,0.189403,
1624840896.950366,0.000000,0.618316,-1.097371,0.189490,
1624840896.954541,0.000000,0.617657,-1.097614,0.189467,
1624840896.958709,0.000000,0.617207,-1.097832,0.189368,
1624840896.962883,0.000000,0.616692,-1.098095,0.189248,
1624840896.967039,0.000000,0.616064,-1.098331,0.189155,
1624840896.971205,0.000000,0.615507,-1.098522,0.189146,
1624840896.975436,0.000000,0.614988,-1.098689,0.189142,
1624840896.979531,0.000000,0.614398,-1.098825,0.189176,
1624840896.983690,0.000000,0.613824,-1.098997,0.189228,
1624840896.987870,0.000000,0.613296,-1.099090,0.189375,
1624840897.050353,0.000000,0.605362,-1.101324,0.189521,
1624840897.054520,0.000000,0.604765,-1.101643,0.189326,
1624840897.058648,0.000000,0.604186,-1.101792,0.189321,
1624840897.062814,0.000000,0.603629,-1.102030,0.189255,
1624840897.066981,0.000000,0.603043,-1.102244,0.189168,
1624840897.071158,0.000000,0.602470,-1.102442,0.189095,
1624840897.075314,0.000000,0.601906,-1.102590,0.189127,
1624840897.079483,0.000000,0.601343,-1.102793,0.189124,
1624840897.083631,0.000000,0.600754,-1.102919,0.189158,
1624840897.087807,0.000000,0.600227,-1.103003,0.189246,
1624840897.150304,0.000000,0.592295,-1.104882,0.189197,
1624840897.154478,0.000000,0.591745,-1.105099,0.189121,
1624840897.158633,0.000000,0.591125,-1.105235,0.189125,
1624840897.162833,0.000000,0.590474,-1.105466,0.189091,
1624840897.167010,0.000000,0.589917,-1.105616,0.189066,
1624840897.171167,0.000000,0.589353,-1.105814,0.188988,
1624840897.175344,0.000000,0.588869,-1.105899,0.189016,
1624840897.179504,0.000000,0.588175,-1.106012,0.189048,
1624840897.183661,0.000000,0.587659,-1.106120,0.189055,
1624840897.187839,0.000000,0.587130,-1.106127,0.189266,
1624840897.250339,0.000000,0.579371,-1.107745,0.189167,
1624840897.254507,0.000000,0.578854,-1.107936,0.189041,
1624840897.258686,0.000000,0.578234,-1.108083,0.189028,
1624840897.262846,0.000000,0.577689,-1.108233,0.188974,
1624840897.266998,0.000000,0.577057,-1.108373,0.188929,
1624840897.271146,0.000000,0.576490,-1.108531,0.188854,
1624840897.275315,0.000000,0.575904,-1.108650,0.188835,
1624840897.279493,0.000000,0.575475,-1.108760,0.188833,
1624840897.283644,0.000000,0.574855,-1.108916,0.188791,
1624840897.287811,0.000000,0.574304,-1.108961,0.188844,
1624840897.350298,0.000000,0.566452,-1.110051,0.189135,
1624840897.354470,0.000000,0.565836,-1.110172,0.189050,
1624840897.358637,0.000000,0.565217,-1.110285,0.189032,
1624840897.362903,0.000000,0.564721,-1.110250,0.189257,
1624840897.366982,0.000000,0.564132,-1.110367,0.189212,
1624840897.371178,0.000000,0.563451,-1.110643,0.188916,
1624840897.375348,0.000000,0.562865,-1.110733,0.188927,
1624840897.379501,0.000000,0.562124,-1.110814,0.188965,
1624840897.383679,0.000000,0.561414,-1.110913,0.188916,
1624840897.387844,0.000000,0.560939,-1.110920,0.189037,
1624840897.450352,0.000000,0.552676,-1.111556,0.189443,
1624840897.454507,0.000000,0.552080,-1.111562,0.189510,
1624840897.458673,0.000000,0.551457,-1.111681,0.189453,
1624840897.462839,0.000000,0.550831,-1.111865,0.189271,
1624840897.467004,0.000000,0.550301,-1.112005,0.189129,
1624840897.471146,0.000000,0.549781,-1.112022,0.189173,
1624840897.475298,0.000000,0.548992,-1.112183,0.189095,
1624840897.479468,0.000000,0.548380,-1.112216,0.189100,
1624840897.483635,0.000000,0.547734,-1.112284,0.189117,
1624840897.487802,0.000000,0.547139,-1.112355,0.189155,
1624840897.550311,0.000000,0.539248,-1.112760,0.189489,
1624840897.554477,0.000000,0.538698,-1.112866,0.189321,
1624840897.558645,0.000000,0.538203,-1.112890,0.189317,
1624840897.562810,0.000000,0.537610,-1.112861,0.189484,
1624840897.566973,0.000000,0.536934,-1.112944,0.189424,
1624840897.571137,0.000000,0.536110,-1.113067,0.189265,
1624840897.575337,0.000000,0.535296,-1.113055,0.189263,
1624840897.579502,0.000000,0.534687,-1.113108,0.189210,
1624840897.583671,0.000000,0.534042,-1.113185,0.189151,
1624840897.587833,0.000000,0.533451,-1.113235,0.189148,
1624840897.650339,0.000000,0.525586,-1.113137,0.189584,
1624840897.654497,0.000000,0.524802,-1.113155,0.189666,
1624840897.658664,0.000000,0.524238,-1.113146,0.189696,
1624840897.662837,0.000000,0.523695,-1.113203,0.189610,
1624840897.667002,0.000000,0.523040,-1.113233,0.189555,
1624840897.671217,0.000000,0.522349,-1.113312,0.189434,
1624840897.675325,0.000000,0.521834,-1.113260,0.189527,
1624840897.679502,0.000000,0.521209,-1.113261,0.189541,
1624840897.683661,0.000000,0.520512,-1.113300,0.189475,
1624840897.687831,0.000000,0.519868,-1.113288,0.189517,
1624840897.750332,0.000000,0.511240,-1.113115,0.189610,
1624840897.754504,0.000000,0.510657,-1.113104,0.189628,
1624840897.758667,0.000000,0.510026,-1.113148,0.189530,
1624840897.762835,0.000000,0.509427,-1.113057,0.189692,
1624840897.766996,0.000000,0.508858,-1.113009,0.189715,
1624840897.771175,0.000000,0.508163,-1.112994,0.189661,
1624840897.775331,0.000000,0.507523,-1.113045,0.189589,
1624840897.779506,0.000000,0.506860,-1.112974,0.189695,
1624840897.783672,0.000000,0.506436,-1.112940,0.189679,
1624840897.787842,0.000000,0.505755,-1.113014,0.189638,
1624840897.850326,0.000000,0.497425,-1.112298,0.189804,
1624840897.854504,0.000000,0.496835,-1.112271,0.189717,
1624840897.858671,0.000000,0.496215,-1.112259,0.189664,
1624840897.862838,0.000000,0.495654,-1.112188,0.189764,
1624840897.867006,0.000000,0.495026,-1.112135,0.189748,
1624840897.871157,0.000000,0.494316,-1.112248,0.189553,
1624840897.875417,0.000000,0.493617,-1.112254,0.189536,
1624840897.879493,0.000000,0.493072,-1.112173,0.189543,
1624840897.883640,0.000000,0.492449,-1.112183,0.189525,
1624840897.887820,0.000000,0.491988,-1.111991,0.189676,
1624840897.950327,0.000000,0.483685,-1.111036,0.189850,
1624840897.954494,0.000000,0.483070,-1.111021,0.189849,
1624840897.958632,0.000000,0.482457,-1.110955,0.189819,
1624840897.962809,0.000000,0.481773,-1.110946,0.189701,
1624840897.966962,0.000000,0.481252,-1.110895,0.189567,
1624840897.971130,0.000000,0.480640,-1.110829,0.189544,
1624840897.975295,0.000000,0.480057,-1.110845,0.189439,
1624840897.979477,0.000000,0.479332,-1.110785,0.189444,
1624840897.983638,0.000000,0.478782,-1.110662,0.189586,
1624840897.987830,0.000000,0.478176,-1.110606,0.189622,
1624840898.050336,0.000000,0.470172,-1.109185,0.189877,
1624840898.054521,0.000000,0.469557,-1.109142,0.189819,
1624840898.058669,0.000000,0.468964,-1.109079,0.189762,
1624840898.062833,0.000000,0.468394,-1.108940,0.189813,
1624840898.067010,0.000000,0.467799,-1.108892,0.189731,
1624840898.071219,0.000000,0.467318,-1.108799,0.189799,
1624840898.075336,0.000000,0.466626,-1.108827,0.189571,
1624840898.079493,0.000000,0.466007,-1.108736,0.189570,
1624840898.083665,0.000000,0.465281,-1.108627,0.189424,
1624840898.087826,0.000000,0.464707,-1.108466,0.189473,
1624840898.150334,0.000000,0.457020,-1.106769,0.189994,
1624840898.154496,0.000000,0.456244,-1.106651,0.189809,
1624840898.158663,0.000000,0.455630,-1.106550,0.189770,
1624840898.162829,0.000000,0.455032,-1.106437,0.189736,
1624840898.166992,0.000000,0.454350,-1.106344,0.189655,
1624840898.171172,0.000000,0.453755,-1.106256,0.189607,
1624840898.175328,0.000000,0.453178,-1.106156,0.189546,
1624840898.179496,0.000000,0.452559,-1.106048,0.189501,
1624840898.183662,0.000000,0.451969,-1.105904,0.189522,
1624840898.187835,0.000000,0.451413,-1.105808,0.189522,
1624840898.250325,0.000000,0.443567,-1.103742,0.189753,
1624840898.254496,0.000000,0.442990,-1.103587,0.189792,
1624840898.258747,0.000000,0.442410,-1.103436,0.189774,
1624840898.262832,0.000000,0.441762,-1.103330,0.189752,
1624840898.267002,0.000000,0.441201,-1.103194,0.189702,
1624840898.271235,0.000000,0.440635,-1.103085,0.189660,
1624840898.275333,0.000000,0.440065,-1.102959,0.189621,
1624840898.279500,0.000000,0.439400,-1.102870,0.189500,
1624840898.283668,0.000000,0.438869,-1.102713,0.189524,
1624840898.287831,0.000000,0.438299,-1.102562,0.189530,
