1624840838.000000,824155331.000000,0.000043,0.000095,0.000190,0.002711,0.025894,0.000111,0.999661,0.003857,0.000681,0.004454,0.000400,0.000799,0.005909,
1624840838.000000,829157352.000000,0.000064,0.000098,0.000214,0.002715,0.025867,0.000107,0.999662,0.004232,0.000736,0.005186,0.000471,-0.006143,-0.009109,
1624840838.000000,834160566.000000,0.000089,0.000102,0.000240,0.002714,0.025880,0.000083,0.999661,0.004829,0.000795,0.005897,0.001479,0.010085,-0.003868,
1624840838.000000,839163303.000000,0.000115,0.000106,0.000265,0.002718,0.025887,0.000086,0.999661,0.005209,0.000846,0.005861,-0.000592,-0.010056,0.001604,
1624840838.000000,844166279.000000,0.000143,0.000111,0.000294,0.002716,0.025861,0.000090,0.999662,0.005503,0.000898,0.006421,0.002525,0.003442,0.004699,
1624840838.000000,849168301.000000,0.000172,0.000115,0.000327,0.002727,0.025871,0.000105,0.999662,0.005742,0.000949,0.007032,0.002618,-0.014095,0.003717,
1624840838.000000,854171515.000000,-0.000125,0.000094,0.000130,0.002717,0.025865,0.000081,0.999662,-0.002289,0.000760,0.003856,-0.000617,0.001215,0.000486,
1624840838.000000,859174252.000000,-0.000135,0.000098,0.000151,0.002709,0.025897,0.000084,0.999661,-0.002159,0.000810,0.004285,-0.005927,0.007046,0.002615,
1624840838.000000,864177227.000000,-0.000144,0.000102,0.000174,0.002699,0.025883,0.000083,0.999661,-0.002022,0.000861,0.004722,0.001458,-0.012357,-0.007964,
1624840838.000000,869179487.000000,-0.000164,0.000103,0.000201,0.002706,0.025874,0.000063,0.999662,-0.003243,0.000608,0.005214,-0.000530,0.014090,0.000375,
1624840838.000000,914151430.000000,-0.000152,0.000105,0.000435,0.002687,0.025950,0.000112,0.999660,-0.001750,0.000509,0.007384,0.005744,-0.008455,-0.000580,
1624840838.000000,919154406.000000,-0.000167,0.000112,0.000479,0.002701,0.025970,0.000107,0.999659,-0.002634,0.001033,0.008047,-0.000525,0.009156,-0.002708,
1624840838.000000,924157619.000000,-0.000050,0.000132,0.000286,0.002682,0.025890,0.000058,0.999661,0.000032,0.001669,0.007587,-0.001739,-0.012198,-0.002707,
1624840838.000000,929160357.000000,-0.000047,0.000140,0.000326,0.002688,0.025855,0.000057,0.999662,0.000163,0.001817,0.008345,0.005792,-0.007064,0.004712,
1624840838.000000,934162378.000000,-0.000013,0.000127,0.000386,0.002680,0.025598,0.000069,0.999669,0.003308,-0.000279,0.010845,-0.022840,-0.290596,-0.000506,
1624840838.000000,939165354.000000,0.000015,0.000124,0.000453,0.002611,0.024398,0.000013,0.999699,0.004783,-0.000801,0.013036,-0.013646,-0.615676,-0.052644,
1624840838.000000,944168568.000000,0.000041,0.000118,0.000524,0.002618,0.022836,-0.000241,0.999736,0.005607,-0.001327,0.014863,0.016538,-0.568148,-0.153874,
1624840838.000000,949171543.000000,0.000381,0.000031,0.000612,0.002639,0.021725,-0.000743,0.999760,0.050437,-0.013100,0.020271,0.002682,-0.310015,-0.231922,
1624840838.000000,954173326.000000,0.000684,-0.000048,0.000707,0.002634,0.021428,-0.001377,0.999766,0.069041,-0.018036,0.023775,0.018365,0.109039,-0.274343,
1624840838.000000,959176302.000000,0.001954,-0.000423,0.000616,0.002704,0.022148,-0.002082,0.999749,0.125356,-0.031121,0.027215,0.001813,0.339506,-0.306342,
1624840839.000000,19209385.000000,0.007731,-0.001701,-0.000524,0.002540,0.025865,-0.013576,0.999570,0.123294,-0.029213,0.008414,0.059184,0.044517,-0.450724,
1624840839.000000,24212122.000000,0.008348,-0.001870,-0.000510,0.002708,0.025998,-0.014719,0.999550,0.124777,-0.031239,0.010536,0.097436,0.072120,-0.459256,
1624840839.000000,29215097.000000,0.008800,-0.002053,-0.000212,0.002912,0.026173,-0.015857,0.999527,0.108224,-0.033892,0.039032,0.068957,0.048203,-0.440192,
1624840839.000000,34217119.000000,0.009339,-0.002247,-0.000018,0.002990,0.026229,-0.016923,0.999508,0.104784,-0.036142,0.049240,0.025931,0.008534,-0.414462,
1624840839.000000,39220333.000000,0.009859,-0.002454,0.000221,0.003024,0.026199,-0.017952,0.999491,0.101088,-0.038419,0.058864,0.028142,-0.047235,-0.410212,
1624840839.000000,44223309.000000,0.010333,-0.002616,0.000293,0.003096,0.025947,-0.018985,0.999478,0.094486,-0.033069,0.037062,0.057958,-0.168059,-0.413455,
1624840839.000000,49226046.000000,0.010796,-0.002798,0.000447,0.003200,0.025468,-0.020020,0.999470,0.089657,-0.032319,0.033684,0.035934,-0.179299,-0.408159,
1624840839.000000,54228306.000000,0.012153,-0.002863,0.000387,0.003098,0.024949,-0.021069,0.999462,0.096805,-0.026168,0.023415,0.010045,-0.167836,-0.411543,
1624840839.000000,59231281.000000,0.012809,-0.003056,0.000450,0.003090,0.024562,-0.022112,0.999449,0.112140,-0.029103,0.020143,0.009157,-0.117713,-0.420145,
1624840839.000000,64234257.000000,0.013370,-0.003228,0.000519,0.003093,0.024383,-0.023157,0.999430,0.113800,-0.029455,0.018368,0.022911,-0.041923,-0.410589,
1624840839.000000,154284239.000000,0.027447,-0.005246,-0.000684,0.003401,0.025991,-0.043310,0.998718,0.118812,-0.020212,-0.002119,0.009258,-0.139666,-0.422929,
1624840839.000000,159286261.000000,0.028020,-0.005399,-0.000737,0.003372,0.025673,-0.044348,0.998681,0.115375,-0.020730,-0.006799,0.007058,-0.126670,-0.405860,
1624840839.000000,164289474.000000,0.028572,-0.005554,-0.000813,0.003371,0.025358,-0.045363,0.998643,0.111756,-0.021270,-0.011636,0.025254,-0.122614,-0.413196,
1624840839.000000,169292212.000000,0.029300,-0.005744,-0.000780,0.003404,0.025126,-0.046419,0.998600,0.127941,-0.023294,-0.001758,0.025343,-0.048653,-0.425086,
1624840839.000000,174294233.000000,0.029931,-0.005923,-0.000820,0.003436,0.025113,-0.047483,0.998550,0.130476,-0.024243,-0.001835,0.026262,0.024847,-0.427141,
1624840839.000000,179297209.000000,0.030573,-0.006109,-0.000858,0.003463,0.025195,-0.048563,0.998496,0.132891,-0.025178,-0.001587,0.004104,0.030101,-0.438837,
1624840839.000000,184300423.000000,0.031257,-0.006250,-0.000929,0.003428,0.025295,-0.049660,0.998440,0.139454,-0.018206,-0.006198,-0.001541,0.062580,-0.433636,
1624840839.000000,189303160.000000,0.032523,-0.006489,-0.000264,0.003415,0.025770,-0.050845,0.998368,0.160794,-0.012912,-0.001708,-0.011897,0.086163,-0.441073,
1624840839.000000,194306135.000000,0.033327,-0.006630,-0.000324,0.003364,0.025995,-0.051948,0.998306,0.165365,-0.010571,-0.004826,-0.002589,0.097514,-0.432809,
1624840839.000000,199308157.000000,0.034081,-0.006760,-0.000375,0.003345,0.026209,-0.053017,0.998244,0.161769,-0.008592,-0.005471,-0.013935,0.049207,-0.435703,
1624840839.000000,259341478.000000,0.041201,-0.008969,-0.000388,0.003650,0.025995,-0.066426,0.997446,0.093568,-0.022945,0.020014,0.003765,-0.189425,-0.427650,
1624840839.000000,264344215.000000,0.041906,-0.009239,-0.000391,0.003634,0.025630,-0.067497,0.997384,0.114340,-0.028674,0.012800,0.026323,-0.107829,-0.424534,
1624840839.000000,269347191.000000,0.042458,-0.009463,-0.000367,0.003677,0.025420,-0.068544,0.997317,0.115177,-0.030298,0.009611,0.036003,-0.071636,-0.413796,
1624840839.000000,274350405.000000,0.043009,-0.009697,-0.000354,0.003714,0.025327,-0.069579,0.997248,0.115833,-0.031927,0.006847,0.014704,0.025239,-0.416970,
1624840839.000000,279352427.000000,0.043637,-0.009906,-0.000331,0.003708,0.025505,-0.070626,0.997170,0.126311,-0.027069,0.008167,-0.003538,0.082214,-0.421303,
1624840839.000000,284355164.000000,0.044756,-0.009764,-0.000576,0.003595,0.025916,-0.071792,0.997076,0.148805,-0.017576,0.000315,0.016639,0.023603,-0.423512,
1624840839.000000,289358139.000000,0.045490,-0.009957,-0.000616,0.003637,0.025974,-0.072875,0.996996,0.153840,-0.016466,-0.001738,0.027551,0.063006,-0.449004,
1624840839.000000,294361353.000000,0.046176,-0.010087,-0.000664,0.003657,0.026232,-0.074003,0.996906,0.150340,-0.009908,-0.003487,-0.009763,0.113757,-0.441824,
1624840839.000000,299363375.000000,0.046922,-0.010242,-0.000724,0.003578,0.026501,-0.075078,0.996819,0.153305,-0.007102,-0.005175,-0.039777,0.096401,-0.431910,
1624840839.000000,304366350.000000,0.047681,-0.010387,-0.000801,0.003483,0.026733,-0.076158,0.996731,0.156111,-0.004281,-0.007565,-0.016387,0.080542,-0.433166,
1624840839.000000,344388247.000000,0.052829,-0.012080,-0.000870,0.003809,0.027506,-0.085223,0.995975,0.126175,-0.023178,0.035967,0.053070,0.046038,-0.424691,
1624840839.000000,349391460.000000,0.053430,-0.012307,-0.000710,0.003884,0.027499,-0.086272,0.995884,0.122065,-0.025003,0.041990,0.041146,-0.022552,-0.414090,
1624840839.000000,354394436.000000,0.054166,-0.012694,-0.001166,0.003976,0.027376,-0.087279,0.995800,0.115954,-0.026072,0.013951,0.006336,-0.196106,-0.403566,
1624840839.000000,359397173.000000,0.054712,-0.012925,-0.001115,0.003898,0.026672,-0.088293,0.995730,0.111523,-0.026543,0.011008,0.027104,-0.313245,-0.414128,
1624840839.000000,364399433.000000,0.055230,-0.013155,-0.001080,0.003916,0.026003,-0.089357,0.995652,0.106885,-0.027021,0.008045,0.034179,-0.199341,-0.433421,
1624840839.000000,369402409.000000,0.055716,-0.013382,-0.001067,0.003915,0.025681,-0.090436,0.995563,0.101834,-0.027523,0.004691,0.021966,-0.068631,-0.424957,
1624840839.000000,374405384.000000,0.056431,-0.013642,-0.001015,0.003941,0.025628,-0.091476,0.995470,0.126028,-0.026413,0.009497,0.017974,0.018138,-0.412040,
1624840839.000000,379408360.000000,0.057042,-0.013890,-0.000997,0.003960,0.025735,-0.092501,0.995372,0.130991,-0.026333,0.008960,0.016726,0.057404,-0.412067,
1624840839.000000,384326696.000000,0.057673,-0.014143,-0.000981,0.003986,0.025921,-0.093537,0.995270,0.135756,-0.026234,0.008602,0.003082,0.100563,-0.422708,
1624840839.000000,389329672.000000,0.058799,-0.014242,-0.001264,0.003915,0.026191,-0.094695,0.995154,0.148158,-0.022228,0.002068,0.004979,0.038724,-0.419692,
1624840839.000000,439357758.000000,0.065575,-0.016436,-0.001581,0.003734,0.027193,-0.105882,0.994000,0.136963,-0.025567,0.038255,0.087222,0.137622,-0.448545,
1624840839.000000,444359779.000000,0.066219,-0.016715,-0.001399,0.003956,0.027471,-0.106970,0.993875,0.135144,-0.028638,0.048932,0.085079,0.122694,-0.431309,
1624840839.000000,449362516.000000,0.066764,-0.016934,-0.001369,0.004133,0.027699,-0.108032,0.993753,0.120474,-0.024142,0.030223,0.056294,0.032441,-0.413395,
1624840839.000000,454365730.000000,0.067461,-0.017254,-0.001242,0.004231,0.027730,-0.109102,0.993635,0.116283,-0.023640,0.020476,0.017941,-0.105865,-0.405866,
1624840839.000000,459368706.000000,0.067993,-0.017494,-0.001175,0.004188,0.027331,-0.110121,0.993534,0.110328,-0.023773,0.018510,0.016679,-0.212789,-0.408166,
1624840839.000000,464370728.000000,0.068623,-0.017764,-0.001133,0.004148,0.026668,-0.111139,0.993438,0.119758,-0.024435,0.015436,0.026520,-0.326006,-0.411272,
1624840839.000000,469373703.000000,0.069183,-0.018017,-0.001091,0.004100,0.025911,-0.112188,0.993341,0.119112,-0.024731,0.013063,0.027471,-0.213705,-0.431511,
1624840839.000000,474376678.000000,0.069744,-0.018274,-0.001058,0.004099,0.025631,-0.113265,0.993226,0.118852,-0.025016,0.010990,0.013736,-0.045941,-0.423175,
1624840839.000000,479379654.000000,0.070435,-0.018533,-0.001021,0.004104,0.025620,-0.114297,0.993108,0.136871,-0.020940,0.011694,0.024146,0.040343,-0.413345,
1624840839.000000,484381676.000000,0.071098,-0.018792,-0.000999,0.004154,0.025799,-0.115321,0.992985,0.143414,-0.019446,0.010133,0.003253,0.092481,-0.406049,
1624840839.000000,529406786.000000,0.077156,-0.020964,-0.002103,0.003731,0.027435,-0.125271,0.991736,0.140285,-0.018256,0.014417,0.003855,-0.022717,-0.455166,
1624840839.000000,534409761.000000,0.077812,-0.021233,-0.002062,0.003779,0.027289,-0.126410,0.991596,0.139006,-0.020331,0.019274,0.058674,-0.051194,-0.460471,
1624840839.000000,539412737.000000,0.078459,-0.021512,-0.001991,0.003917,0.027262,-0.127570,0.991447,0.137642,-0.022401,0.024556,0.081846,0.054048,-0.473226,
1624840839.000000,544414520.000000,0.079061,-0.021797,-0.001861,0.004138,0.027480,-0.128736,0.991289,0.131161,-0.025172,0.034485,0.090494,0.122234,-0.452108,
1624840839.000000,549417734.000000,0.079663,-0.022093,-0.001707,0.004354,0.027717,-0.129819,0.991141,0.128071,-0.027555,0.041746,0.079764,0.066149,-0.424163,
1624840839.000000,554420710.000000,0.079966,-0.022582,-0.001750,0.004533,0.027757,-0.130864,0.991001,0.121403,-0.034845,0.048360,0.039358,0.002275,-0.417967,
1624840839.000000,559423685.000000,0.080466,-0.022784,-0.001868,0.004523,0.027629,-0.131885,0.990870,0.111685,-0.024182,0.016077,-0.008678,-0.131777,-0.399941,
1624840839.000000,564426899.000000,0.080970,-0.023042,-0.001827,0.004390,0.027120,-0.132873,0.990752,0.106936,-0.022384,0.010751,-0.008811,-0.267974,-0.407187,
1624840839.000000,569428682.000000,0.081450,-0.023285,-0.001822,0.004315,0.026432,-0.133909,0.990632,0.102091,-0.020596,0.004498,0.054064,-0.258567,-0.418086,
1624840839.000000,574431658.000000,0.082057,-0.023591,-0.001766,0.004372,0.025878,-0.134954,0.990504,0.119940,-0.023704,0.012050,0.046063,-0.181894,-0.424334,
1624840839.000000,624459505.000000,0.089275,-0.026321,-0.002219,0.004161,0.027507,-0.145762,0.988928,0.146604,-0.012715,0.002079,-0.021210,0.056292,-0.444598,
1624840839.000000,629462481.000000,0.089959,-0.026595,-0.002250,0.004071,0.027613,-0.146874,0.988761,0.146778,-0.013030,0.002662,-0.029988,0.002665,-0.450130,
1624840839.000000,634464502.000000,0.090641,-0.026872,-0.002279,0.004007,0.027577,-0.147990,0.988596,0.146894,-0.013339,0.002594,0.020018,-0.015863,-0.458478,
1624840839.000000,639467478.000000,0.091289,-0.027203,-0.002128,0.004113,0.027566,-0.149152,0.988421,0.143196,-0.021968,0.028239,0.086270,0.018354,-0.477749,
1624840839.000000,644470453.000000,0.091941,-0.027530,-0.002002,0.004356,0.027669,-0.150334,0.988238,0.141656,-0.025585,0.038450,0.111881,0.110235,-0.464008,
1624840839.000000,649472475.000000,0.092583,-0.027874,-0.001820,0.004612,0.027983,-0.151456,0.988057,0.140102,-0.029216,0.049358,0.064051,0.137414,-0.444642,
1624840839.000000,654475451.000000,0.092466,-0.028310,-0.001242,0.004742,0.028116,-0.152499,0.987892,0.115369,-0.028228,0.048500,0.038069,0.022959,-0.402326,
1624840839.000000,659478664.000000,0.092977,-0.028618,-0.001040,0.004775,0.027951,-0.153464,0.987747,0.109907,-0.027321,0.046359,0.019324,-0.151021,-0.393397,
1624840839.000000,664481401.000000,0.093459,-0.028913,-0.000851,0.004704,0.027453,-0.154468,0.987605,0.104135,-0.026437,0.043830,0.024261,-0.220320,-0.410777,
1624840839.000000,669484377.000000,0.093992,-0.029229,-0.000686,0.004657,0.026905,-0.155489,0.987460,0.110633,-0.026686,0.040287,0.011941,-0.228274,-0.411765,
1624840839.000000,714508533.000000,0.098839,-0.031295,-0.001629,0.004489,0.027238,-0.165070,0.985896,0.124586,-0.002952,-0.006919,-0.011338,0.014316,-0.437451,
1624840839.000000,719511509.000000,0.100707,-0.032333,-0.001809,0.004612,0.027562,-0.166167,0.985702,0.150122,-0.014827,0.004536,-0.026611,0.112293,-0.448949,
1624840839.000000,724514484.000000,0.101390,-0.032650,-0.001824,0.004579,0.027920,-0.167283,0.985503,0.149773,-0.014944,0.005048,-0.020161,0.115456,-0.447108,
1624840839.000000,729517698.000000,0.102071,-0.032968,-0.001840,0.004522,0.028060,-0.168364,0.985315,0.149500,-0.015073,0.005519,-0.021155,-0.015433,-0.437286,
1624840839.000000,734519482.000000,0.102699,-0.033335,-0.001654,0.004446,0.027968,-0.169459,0.985130,0.144765,-0.021494,0.026021,0.010585,-0.029747,-0.455425,
1624840839.000000,739522457.000000,0.103343,-0.033684,-0.001548,0.004522,0.027963,-0.170592,0.984935,0.142848,-0.023495,0.032401,0.076762,0.031202,-0.453467,
1624840839.000000,744525433.000000,0.103977,-0.034042,-0.001400,0.004734,0.028031,-0.171699,0.984739,0.141035,-0.025502,0.039509,0.090846,0.040810,-0.444761,
1624840839.000000,749528646.000000,0.104104,-0.034659,-0.001844,0.004960,0.027873,-0.172767,0.984556,0.125407,-0.034288,0.036107,0.088470,0.036540,-0.439549,
1624840839.000000,754530668.000000,0.104634,-0.035040,-0.001690,0.005130,0.027914,-0.173848,0.984363,0.121853,-0.036342,0.040742,0.050393,0.013317,-0.435268,
1624840839.000000,759533405.000000,0.105146,-0.035427,-0.001511,0.005157,0.027855,-0.174895,0.984180,0.118445,-0.038426,0.045372,0.012784,-0.068139,-0.405561,
1624840839.000000,849583626.000000,0.115507,-0.041772,-0.001647,0.005292,0.028136,-0.194149,0.980554,0.131216,-0.037148,0.061457,0.090689,0.047628,-0.436487,
1624840839.000000,854586840.000000,0.116049,-0.042206,-0.001343,0.005480,0.028109,-0.195205,0.980344,0.129009,-0.040686,0.073948,0.074951,-0.026136,-0.425730,
1624840839.000000,859588623.000000,0.116497,-0.042477,-0.001440,0.005575,0.027995,-0.196249,0.980138,0.114699,-0.030177,0.037450,0.045980,-0.045099,-0.419456,
1624840839.000000,864591599.000000,0.116963,-0.042834,-0.001293,0.005569,0.027777,-0.197257,0.979942,0.108834,-0.029523,0.034412,-0.001750,-0.157909,-0.398145,
1624840839.000000,869594574.000000,0.117400,-0.043176,-0.001169,0.005418,0.027243,-0.198220,0.979764,0.102810,-0.028909,0.030501,0.014807,-0.258292,-0.390577,
1624840839.000000,874597788.000000,0.117911,-0.043547,-0.001065,0.005356,0.026634,-0.199200,0.979582,0.112328,-0.028195,0.027114,0.037773,-0.211611,-0.407668,
1624840839.000000,879599571.000000,0.118380,-0.043898,-0.000968,0.005322,0.026264,-0.200219,0.979385,0.112451,-0.027526,0.024146,0.018344,-0.074808,-0.417342,
1624840839.000000,884605408.000000,0.119159,-0.044020,-0.001516,0.005172,0.026259,-0.201259,0.979172,0.124070,-0.020859,0.018415,0.004496,0.015549,-0.420496,
1624840839.000000,889608383.000000,0.119831,-0.044401,-0.001453,0.005205,0.026285,-0.202302,0.978956,0.140520,-0.018026,0.019355,0.055461,-0.007726,-0.432203,
1624840839.000000,894611359.000000,0.120457,-0.044766,-0.001411,0.005322,0.026340,-0.203371,0.978733,0.146303,-0.016568,0.017651,0.010431,0.132008,-0.434411,
1624840839.000000,939636469.000000,0.125827,-0.047916,-0.001861,0.005208,0.027701,-0.213153,0.976612,0.136984,-0.020885,0.024143,0.056592,0.030627,-0.442829,
1624840839.000000,944638491.000000,0.126407,-0.048305,-0.001764,0.005378,0.027743,-0.214250,0.976370,0.135499,-0.023244,0.031400,0.076166,-0.013741,-0.454545,
1624840839.000000,949641466.000000,0.127604,-0.049225,-0.002120,0.005592,0.027888,-0.215320,0.976129,0.137980,-0.031934,0.046753,0.088631,0.084032,-0.455689,
1624840839.000000,954644680.000000,0.128098,-0.049593,-0.002027,0.005830,0.028122,-0.216407,0.975881,0.128230,-0.030006,0.042366,0.067620,0.030457,-0.424825,
1624840839.000000,959647417.000000,0.128614,-0.050004,-0.001838,0.005898,0.027934,-0.217418,0.975661,0.124729,-0.031178,0.047160,0.053397,-0.116809,-0.407579,
1624840839.000000,964649439.000000,0.129115,-0.050415,-0.001626,0.005908,0.027615,-0.218425,0.975445,0.121045,-0.032359,0.052165,0.016526,-0.130920,-0.415143,
1624840839.000000,969652414.000000,0.129619,-0.050789,-0.001538,0.005809,0.027267,-0.219446,0.975226,0.119189,-0.027599,0.035424,0.011727,-0.163683,-0.418376,
1624840839.000000,974655628.000000,0.130100,-0.051167,-0.001407,0.005742,0.026818,-0.220455,0.975012,0.116090,-0.026428,0.030997,0.027105,-0.193481,-0.400307,
1624840839.000000,979658604.000000,0.130564,-0.051532,-0.001295,0.005684,0.026364,-0.221434,0.974802,0.112676,-0.025283,0.026582,0.035380,-0.154452,-0.410726,
1624840839.000000,984660387.000000,0.131679,-0.051584,-0.002257,0.005531,0.026074,-0.222478,0.974573,0.145140,-0.016367,0.010345,0.031261,-0.041060,-0.428007,
1624840840.000000,29685497.000000,0.136788,-0.055475,-0.002610,0.005659,0.027652,-0.232094,0.972284,0.152439,-0.015443,-0.002142,-0.032352,-0.021976,-0.442757,
1624840840.000000,34688473.000000,0.137436,-0.055891,-0.002652,0.005505,0.027550,-0.233189,0.972025,0.153099,-0.016106,0.000014,-0.019107,0.007573,-0.464077,
1624840840.000000,39691448.000000,0.138086,-0.056315,-0.002690,0.005544,0.027706,-0.234330,0.971746,0.154023,-0.016755,0.001536,0.043038,0.060576,-0.465339,
1624840840.000000,44694662.000000,0.138688,-0.056763,-0.002572,0.005692,0.027812,-0.235455,0.971471,0.148499,-0.022873,0.024447,0.069731,0.091948,-0.464050,
1624840840.000000,49696684.000000,0.139489,-0.057092,-0.002677,0.005919,0.027862,-0.236535,0.971205,0.136990,-0.027128,0.040491,0.078051,0.065487,-0.442973,
1624840840.000000,54699421.000000,0.140039,-0.057539,-0.002491,0.006109,0.027892,-0.237596,0.970944,0.134649,-0.030042,0.050069,0.085611,0.011827,-0.441542,
1624840840.000000,59702396.000000,0.140573,-0.057996,-0.002253,0.006266,0.027854,-0.238672,0.970680,0.132417,-0.032954,0.059897,0.062224,-0.016453,-0.425975,
1624840840.000000,64705610.000000,0.141061,-0.058296,-0.002404,0.006279,0.027621,-0.239676,0.970440,0.122304,-0.022674,0.025939,0.014233,-0.205531,-0.408570,
1624840840.000000,69707632.000000,0.141546,-0.058679,-0.002301,0.006128,0.026981,-0.240698,0.970206,0.117743,-0.021857,0.024021,0.035211,-0.247415,-0.433167,
1624840840.000000,74710608.000000,0.142016,-0.059050,-0.002205,0.006090,0.026486,-0.241771,0.969953,0.113429,-0.021032,0.022409,0.031575,-0.164527,-0.437606,
1624840840.000000,119735718.000000,0.146913,-0.063084,-0.002551,0.006310,0.027375,-0.251337,0.967492,0.157458,-0.011738,-0.006389,0.005952,0.045084,-0.427891,
1624840840.000000,124738693.000000,0.147487,-0.063499,-0.002572,0.006277,0.027467,-0.252371,0.967220,0.149404,-0.013662,-0.001982,-0.038738,0.077881,-0.435244,
1624840840.000000,129741192.000000,0.148102,-0.063921,-0.002618,0.006189,0.027713,-0.253435,0.966936,0.148119,-0.013400,-0.001006,-0.030747,0.034025,-0.442878,
1624840840.000000,134743452.000000,0.148711,-0.064340,-0.002660,0.006120,0.027666,-0.254509,0.966655,0.146851,-0.013147,-0.000406,-0.000403,-0.043686,-0.449142,
1624840840.000000,139746666.000000,0.149311,-0.064802,-0.002537,0.006081,0.027563,-0.255617,0.966366,0.147209,-0.018781,0.023056,0.023820,-0.050423,-0.467294,
1624840840.000000,144749641.000000,0.149907,-0.065255,-0.002441,0.006154,0.027548,-0.256768,0.966061,0.146633,-0.020858,0.032431,0.061213,0.109667,-0.480113,
1624840840.000000,149751425.000000,0.150253,-0.065951,-0.002749,0.006391,0.027610,-0.257891,0.965758,0.144714,-0.029990,0.041898,0.093227,0.118802,-0.439804,
1624840840.000000,154754400.000000,0.150731,-0.066350,-0.002739,0.006629,0.027741,-0.258908,0.965481,0.131523,-0.026635,0.029426,0.076259,0.065518,-0.411759,
1624840840.000000,159757376.000000,0.151230,-0.066792,-0.002627,0.006758,0.027801,-0.259906,0.965210,0.126835,-0.026983,0.031157,0.035634,-0.025675,-0.409840,
1624840840.000000,164760351.000000,0.151704,-0.067225,-0.002512,0.006732,0.027530,-0.260900,0.964950,0.122085,-0.027364,0.032198,0.035491,-0.178821,-0.414021,
1624840840.000000,259812355.000000,0.163106,-0.075459,-0.004321,0.007132,0.027730,-0.281282,0.959198,0.135210,-0.026273,0.041393,0.066593,-0.037844,-0.399058,
1624840840.000000,264815331.000000,0.163580,-0.075854,-0.004359,0.007178,0.027430,-0.282250,0.958922,0.124192,-0.019871,0.018226,0.048670,-0.154968,-0.404503,
1624840840.000000,269818306.000000,0.164040,-0.076265,-0.004314,0.007079,0.026921,-0.283244,0.958644,0.118094,-0.018633,0.013967,0.016554,-0.280284,-0.420496,
1624840840.000000,274821281.000000,0.164477,-0.076655,-0.004288,0.006862,0.026150,-0.284273,0.958362,0.112052,-0.017412,0.009373,0.024978,-0.315128,-0.429080,
1624840840.000000,279823303.000000,0.165056,-0.077141,-0.004244,0.006737,0.025518,-0.285326,0.958067,0.134906,-0.017269,0.012160,0.042224,-0.191817,-0.450269,
1624840840.000000,284826517.000000,0.166487,-0.077626,-0.005491,0.006636,0.025168,-0.286408,0.957754,0.153882,-0.010803,-0.003552,0.029576,-0.011870,-0.434611,
1624840840.000000,289829493.000000,0.167112,-0.078098,-0.005554,0.006701,0.025310,-0.287423,0.957446,0.159631,-0.009896,-0.004006,0.015532,0.109501,-0.425684,
1624840840.000000,294832230.000000,0.167762,-0.078584,-0.005618,0.006804,0.025627,-0.288454,0.957127,0.165316,-0.008969,-0.004425,0.011376,0.157812,-0.429161,
1624840840.000000,299834251.000000,0.168446,-0.079040,-0.005771,0.006916,0.026024,-0.289492,0.956802,0.169839,-0.003947,-0.013396,0.007077,0.161186,-0.450232,
1624840840.000000,304837465.000000,0.169146,-0.079525,-0.005893,0.006988,0.026334,-0.290598,0.956457,0.174620,-0.001769,-0.016437,-0.001396,0.078589,-0.466478,
1624840840.000000,344859362.000000,0.173619,-0.083152,-0.006124,0.006862,0.026972,-0.299465,0.953701,0.151822,-0.010284,0.010438,0.078836,-0.002940,-0.472749,
1624840840.000000,349862337.000000,0.173660,-0.083940,-0.005262,0.007113,0.026831,-0.300591,0.953349,0.147837,-0.022027,0.047234,0.038197,0.128201,-0.471762,
1624840840.000000,354865313.000000,0.174209,-0.084467,-0.005042,0.007296,0.027154,-0.301691,0.952991,0.147049,-0.024654,0.057621,0.080258,0.139974,-0.444135,
1624840840.000000,359868526.000000,0.174669,-0.084861,-0.005078,0.007573,0.027339,-0.302715,0.952659,0.131653,-0.019104,0.032546,0.074791,0.058224,-0.416279,
1624840840.000000,364870310.000000,0.175147,-0.085317,-0.004942,0.007657,0.027239,-0.303694,0.952349,0.126143,-0.019152,0.032596,0.062221,-0.138545,-0.402498,
1624840840.000000,369873285.000000,0.175598,-0.085755,-0.004804,0.007634,0.026714,-0.304667,0.952054,0.120313,-0.019230,0.032424,0.053241,-0.212768,-0.414118,
1624840840.000000,374876499.000000,0.176124,-0.086212,-0.004721,0.007507,0.026184,-0.305690,0.951741,0.128959,-0.015007,0.026048,0.006088,-0.258126,-0.438748,
1624840840.000000,379879475.000000,0.176612,-0.086650,-0.004634,0.007289,0.025583,-0.306755,0.951417,0.128996,-0.013350,0.023295,0.012332,-0.195843,-0.449405,
1624840840.000000,384833097.000000,0.176474,-0.087098,-0.005103,0.007102,0.025165,-0.307863,0.951071,0.129051,-0.013885,0.003042,-0.005170,-0.056174,-0.453681,
1624840840.000000,389836073.000000,0.177043,-0.087623,-0.005005,0.007062,0.025181,-0.308927,0.950726,0.143230,-0.015090,0.014063,0.023861,0.061129,-0.433563,
1624840840.000000,439864159.000000,0.182698,-0.093034,-0.005479,0.007283,0.026833,-0.319710,0.947107,0.147143,-0.017311,0.016419,0.067063,0.001874,-0.468699,
1624840840.000000,444866896.000000,0.183228,-0.093554,-0.005426,0.007455,0.026797,-0.320831,0.946728,0.145889,-0.019342,0.022529,0.076892,0.038519,-0.471862,
1624840840.000000,449868917.000000,0.183639,-0.094045,-0.005484,0.007535,0.026572,-0.321976,0.946345,0.145880,-0.026926,0.055711,0.077372,0.024321,-0.469812,
1624840840.000000,454872131.000000,0.184083,-0.094507,-0.005451,0.007719,0.026617,-0.323075,0.945967,0.134950,-0.024137,0.040874,0.053472,0.108999,-0.451737,
1624840840.000000,459875107.000000,0.184543,-0.095017,-0.005273,0.007876,0.026807,-0.324110,0.945607,0.131223,-0.024709,0.044309,0.066628,-0.018130,-0.420810,
1624840840.000000,464878082.000000,0.184986,-0.095519,-0.005078,0.007979,0.026497,-0.325088,0.945279,0.127355,-0.025307,0.047402,0.099170,-0.100181,-0.404747,
1624840840.000000,469881058.000000,0.185445,-0.095989,-0.004998,0.008035,0.026205,-0.326066,0.944950,0.126068,-0.020205,0.032771,0.022554,-0.166924,-0.421782,
1624840840.000000,474883080.000000,0.185882,-0.096453,-0.004878,0.007833,0.025753,-0.327087,0.944611,0.123134,-0.018549,0.029474,-0.003695,-0.158173,-0.434721,
1624840840.000000,479886055.000000,0.186310,-0.096903,-0.004769,0.007679,0.025435,-0.328127,0.944260,0.120145,-0.016904,0.026422,-0.027472,-0.181756,-0.447369,
1624840840.000000,484889030.000000,0.186665,-0.097395,-0.006196,0.007378,0.024922,-0.329200,0.943902,0.138689,-0.018639,0.003914,0.028087,-0.119899,-0.448584,
1624840840.000000,524911165.000000,0.190978,-0.101915,-0.006318,0.007837,0.026356,-0.337766,0.940829,0.147907,-0.012200,-0.004779,-0.051748,0.057903,-0.477283,
1624840840.000000,529914141.000000,0.191506,-0.102430,-0.006392,0.007711,0.026582,-0.338873,0.940425,0.146916,-0.011805,-0.006148,-0.043112,0.071494,-0.464532,
1624840840.000000,534917116.000000,0.192034,-0.102996,-0.006419,0.007666,0.026692,-0.339937,0.940038,0.149397,-0.015375,-0.002048,-0.020948,-0.025701,-0.443145,
1624840840.000000,539918900.000000,0.192561,-0.103538,-0.006452,0.007589,0.026618,-0.340988,0.939660,0.149876,-0.016161,0.000151,0.034763,0.004923,-0.460061,
1624840840.000000,544922113.000000,0.193088,-0.104088,-0.006475,0.007762,0.026665,-0.342092,0.939256,0.150493,-0.016924,0.002432,0.085530,0.037021,-0.465684,
1624840840.000000,549925089.000000,0.193146,-0.104764,-0.005923,0.007973,0.026338,-0.343163,0.938873,0.135957,-0.030751,0.049020,0.110802,0.084872,-0.457005,
1624840840.000000,554927111.000000,0.193568,-0.105331,-0.005695,0.008256,0.026480,-0.344236,0.938474,0.133776,-0.033374,0.058167,0.070532,0.072741,-0.454855,
1624840840.000000,559930086.000000,0.193976,-0.105905,-0.005421,0.008385,0.026572,-0.345286,0.938084,0.131724,-0.036019,0.067271,0.040270,0.048827,-0.431543,
1624840840.000000,564933062.000000,0.194374,-0.106325,-0.005503,0.008466,0.026591,-0.346267,0.937721,0.121450,-0.025075,0.032341,0.034143,-0.044751,-0.407932,
1624840840.000000,569936037.000000,0.194753,-0.106810,-0.005382,0.008422,0.026288,-0.347213,0.937380,0.116656,-0.023518,0.028129,0.047817,-0.182004,-0.393117,
1624840840.000000,619964123.000000,0.199897,-0.112075,-0.006700,0.008262,0.026081,-0.357608,0.933471,0.152027,-0.007851,-0.000620,-0.032467,-0.008728,-0.444346,
1624840840.000000,624966145.000000,0.200394,-0.112638,-0.006686,0.008058,0.026025,-0.358642,0.933078,0.151153,-0.012017,0.006395,-0.040878,-0.035455,-0.456864,
1624840840.000000,629969120.000000,0.200911,-0.113186,-0.006716,0.007937,0.026057,-0.359739,0.932655,0.151087,-0.012021,0.006451,-0.061260,0.011011,-0.479496,
1624840840.000000,634972334.000000,0.201433,-0.113739,-0.006759,0.007787,0.026164,-0.360849,0.932225,0.151553,-0.012003,0.005612,-0.010109,0.032950,-0.472003,
1624840840.000000,639974117.000000,0.201953,-0.114294,-0.006795,0.007868,0.026222,-0.361931,0.931803,0.151863,-0.012003,0.005327,0.050570,0.023675,-0.455965,
1624840840.000000,644977093.000000,0.202397,-0.114890,-0.006533,0.008049,0.026299,-0.362994,0.931386,0.147193,-0.021368,0.039201,0.109471,0.133024,-0.458032,
1624840840.000000,649980068.000000,0.202542,-0.115403,-0.006969,0.008390,0.026365,-0.364026,0.930978,0.137975,-0.031872,0.047889,0.062285,0.105767,-0.436871,
1624840840.000000,654983282.000000,0.202939,-0.115997,-0.006757,0.008488,0.026447,-0.365020,0.930585,0.135985,-0.035075,0.057789,0.042235,0.009303,-0.423849,
1624840840.000000,659986019.000000,0.203292,-0.116418,-0.006866,0.008579,0.026396,-0.366015,0.930195,0.121414,-0.026316,0.028118,0.049273,-0.018994,-0.426127,
1624840840.000000,664988041.000000,0.203643,-0.116923,-0.006753,0.008653,0.026236,-0.367006,0.929808,0.115794,-0.025955,0.027803,0.099848,-0.090794,-0.421846,
1624840840.000000,755037785.000000,0.212043,-0.127098,-0.007825,0.008679,0.026122,-0.385289,0.922385,0.139742,-0.023052,0.042643,0.010321,0.157443,-0.431364,
1624840840.000000,760040998.000000,0.212454,-0.127681,-0.007637,0.008805,0.026289,-0.386259,0.921974,0.137359,-0.024512,0.050963,0.066962,-0.069913,-0.412103,
1624840840.000000,765043974.000000,0.212852,-0.128264,-0.007405,0.008852,0.025856,-0.387211,0.921586,0.134917,-0.025971,0.059327,0.108878,-0.115040,-0.406795,
1624840840.000000,770046949.000000,0.213224,-0.128786,-0.007287,0.008955,0.025588,-0.388157,0.921194,0.126523,-0.022700,0.044136,0.057775,-0.124003,-0.408935,
1624840840.000000,775048971.000000,0.213585,-0.129316,-0.007099,0.008834,0.025180,-0.389113,0.920803,0.121779,-0.022320,0.043512,0.016884,-0.162847,-0.417457,
1624840840.000000,780051947.000000,0.213929,-0.129830,-0.006910,0.008667,0.024870,-0.390087,0.920401,0.117057,-0.021965,0.043102,-0.034895,-0.133300,-0.423883,
1624840840.000000,785054922.000000,0.214538,-0.130360,-0.008663,0.008366,0.024429,-0.391054,0.920006,0.138135,-0.010992,-0.009279,-0.004555,-0.119608,-0.412162,
1624840840.000000,790056944.000000,0.214984,-0.130896,-0.008752,0.008330,0.024218,-0.392007,0.919606,0.141016,-0.008851,-0.012034,0.054534,-0.013232,-0.422625,
1624840840.000000,795059919.000000,0.215447,-0.131436,-0.008853,0.008460,0.024242,-0.392999,0.919180,0.143894,-0.006689,-0.014385,0.042835,0.031240,-0.430318,
1624840840.000000,800063133.000000,0.215948,-0.132051,-0.008924,0.008534,0.024322,-0.393999,0.918749,0.153942,-0.008166,-0.011714,0.012796,0.085251,-0.447139,
1624840840.000000,845088005.000000,0.219766,-0.137865,-0.008220,0.008549,0.025776,-0.403279,0.914674,0.149797,-0.018333,0.024885,0.089557,0.070832,-0.460005,
1624840840.000000,850091219.000000,0.220333,-0.138442,-0.008590,0.008715,0.025643,-0.404298,0.914226,0.149161,-0.023106,0.045981,0.085845,0.114474,-0.455684,
1624840840.000000,855093002.000000,0.220753,-0.139085,-0.008366,0.008942,0.025893,-0.405333,0.913759,0.149031,-0.025903,0.059404,0.043488,0.164723,-0.447205,
1624840840.000000,860095978.000000,0.221164,-0.139740,-0.008080,0.009169,0.026201,-0.406343,0.913299,0.148889,-0.028713,0.072477,0.045902,0.087333,-0.438635,
1624840840.000000,865098953.000000,0.221481,-0.140155,-0.008178,0.009277,0.026195,-0.407320,0.912863,0.127368,-0.020932,0.040239,0.063902,-0.028165,-0.405744,
1624840840.000000,870102167.000000,0.221831,-0.140699,-0.008019,0.009303,0.025906,-0.408231,0.912464,0.121880,-0.020785,0.039645,0.060943,-0.211497,-0.400113,
1624840840.000000,875105143.000000,0.222159,-0.141221,-0.007858,0.009130,0.025290,-0.409171,0.912061,0.116183,-0.020665,0.039207,0.039453,-0.207964,-0.409980,
1624840840.000000,880107880.000000,0.222531,-0.141767,-0.007754,0.008982,0.024883,-0.410117,0.911649,0.121683,-0.018135,0.031756,0.002307,-0.200584,-0.418363,
1624840840.000000,885109901.000000,0.222987,-0.142344,-0.008717,0.008631,0.024306,-0.411073,0.911237,0.126640,-0.014399,0.007289,0.021197,-0.158512,-0.413161,
1624840840.000000,890113115.000000,0.223351,-0.142862,-0.008713,0.008570,0.024078,-0.412019,0.910817,0.125315,-0.013309,0.004631,0.012111,-0.029746,-0.420450,
1624840840.000000,935137987.000000,0.227477,-0.148457,-0.009107,0.009087,0.025916,-0.420997,0.906646,0.155960,-0.004356,-0.006922,-0.029328,0.019400,-0.433288,
1624840840.000000,940140963.000000,0.227948,-0.149083,-0.009074,0.008936,0.025896,-0.421992,0.906186,0.155292,-0.007123,0.007375,-0.032008,-0.062963,-0.450323,
1624840840.000000,945143223.000000,0.228418,-0.149702,-0.009066,0.008802,0.025758,-0.423035,0.905704,0.154604,-0.007904,0.012295,0.004489,-0.072336,-0.466411,
1624840840.000000,950145960.000000,0.227934,-0.150846,-0.008950,0.008883,0.025307,-0.424057,0.905238,0.149004,-0.023540,0.019545,0.065150,0.067204,-0.482222,
1624840840.000000,955148935.000000,0.228282,-0.151501,-0.008776,0.009163,0.025495,-0.425142,0.904721,0.145086,-0.027990,0.034980,0.084561,0.111779,-0.459062,
1624840840.000000,960152149.000000,0.228644,-0.152163,-0.008616,0.009432,0.025667,-0.426147,0.904241,0.144213,-0.030020,0.042886,0.078985,0.137077,-0.437385,
1624840840.000000,965154171.000000,0.228990,-0.152827,-0.008412,0.009715,0.025928,-0.427140,0.903762,0.142937,-0.032069,0.051144,0.050413,0.108457,-0.437585,
1624840840.000000,970157146.000000,0.229299,-0.153371,-0.008358,0.009788,0.025957,-0.428096,0.903307,0.128177,-0.025639,0.032126,0.023536,-0.075156,-0.398263,
1624840840.000000,975159883.000000,0.229599,-0.153937,-0.008239,0.009630,0.025547,-0.428986,0.902898,0.122054,-0.024377,0.029059,0.026820,-0.265062,-0.405307,
1624840840.000000,980163097.000000,0.229886,-0.154478,-0.008132,0.009360,0.024844,-0.429948,0.902463,0.116024,-0.023117,0.025846,0.044919,-0.295153,-0.428115,
1624840841.000000,25187969.000000,0.233667,-0.159638,-0.009547,0.009160,0.024853,-0.438723,0.898232,0.158859,-0.003876,-0.009571,-0.019126,-0.014299,-0.455469,
1624840841.000000,30189991.000000,0.234143,-0.160277,-0.009635,0.009155,0.024937,-0.439760,0.897723,0.160778,-0.002156,-0.011076,-0.002655,0.083369,-0.465218,
1624840841.000000,35193205.000000,0.234624,-0.160947,-0.009706,0.009220,0.025242,-0.440800,0.897203,0.165211,-0.003732,-0.008286,-0.037934,0.144096,-0.464124,
1624840841.000000,40196180.000000,0.235117,-0.161616,-0.009792,0.009258,0.025633,-0.441838,0.896681,0.168150,-0.003305,-0.007853,-0.032883,0.150253,-0.469401,
1624840841.000000,45198917.000000,0.235619,-0.162297,-0.009876,0.009300,0.025889,-0.442890,0.896154,0.171161,-0.002860,-0.007496,-0.008096,0.012018,-0.468425,
1624840841.000000,50200939.000000,0.235683,-0.162970,-0.009963,0.009364,0.025676,-0.443908,0.895656,0.155581,-0.016516,0.023892,0.059732,0.060042,-0.480990,
1624840841.000000,55204153.000000,0.236079,-0.163639,-0.009875,0.009653,0.025847,-0.444999,0.895106,0.153180,-0.019160,0.033613,0.082787,0.094003,-0.479141,
1624840841.000000,60207129.000000,0.236460,-0.164312,-0.009735,0.009901,0.025965,-0.446054,0.894574,0.151005,-0.021816,0.043591,0.095968,0.131463,-0.466132,
1624840841.000000,65210104.000000,0.236790,-0.164868,-0.009755,0.010223,0.026154,-0.447080,0.894053,0.134285,-0.017861,0.024140,0.065710,0.034830,-0.440736,
1624840841.000000,70213079.000000,0.237112,-0.165448,-0.009676,0.010249,0.026030,-0.448037,0.893577,0.126695,-0.017964,0.023594,0.041615,-0.050853,-0.418182,
1624840841.000000,115236998.000000,0.239485,-0.171611,-0.009740,0.009995,0.024837,-0.456483,0.889329,0.158470,-0.012596,-0.000327,0.002674,0.034666,-0.444925,
1624840841.000000,120239973.000000,0.239906,-0.172298,-0.009795,0.009982,0.024913,-0.457470,0.888820,0.161804,-0.010407,-0.002994,-0.025913,0.042795,-0.453170,
1624840841.000000,125243187.000000,0.240343,-0.172992,-0.009867,0.009972,0.025145,-0.458492,0.888287,0.165043,-0.008190,-0.005803,-0.025213,0.121524,-0.463000,
1624840841.000000,130246162.000000,0.240700,-0.173637,-0.009893,0.010072,0.025453,-0.459491,0.887760,0.157684,-0.010934,-0.002894,0.002757,0.111307,-0.435278,
1624840841.000000,135248184.000000,0.241112,-0.174313,-0.009957,0.010127,0.025663,-0.460438,0.887263,0.158027,-0.010283,-0.004320,-0.032237,0.071599,-0.430795,
1624840841.000000,140250921.000000,0.241524,-0.174988,-0.010031,0.010045,0.025838,-0.461407,0.886756,0.158174,-0.009621,-0.005987,-0.050777,0.010528,-0.442707,
1624840841.000000,145254135.000000,0.241900,-0.175669,-0.009993,0.009943,0.025860,-0.462398,0.886240,0.155078,-0.014173,0.008589,0.003646,-0.005900,-0.455404,
1624840841.000000,150257111.000000,0.241533,-0.176155,-0.010204,0.009829,0.025371,-0.463333,0.885767,0.142291,-0.024488,0.026892,0.057097,-0.054936,-0.463900,
1624840841.000000,155260086.000000,0.241838,-0.176815,-0.010091,0.009906,0.025220,-0.464371,0.885226,0.141008,-0.025964,0.033716,0.075134,0.040277,-0.469203,
1624840841.000000,160262108.000000,0.242105,-0.177439,-0.009942,0.010167,0.025367,-0.465406,0.884675,0.134576,-0.027621,0.040675,0.078298,0.113847,-0.459679,
1624840841.000000,255315065.000000,0.247242,-0.188989,-0.009692,0.010183,0.025254,-0.483418,0.874966,0.135688,-0.024316,0.039093,0.073853,0.007748,-0.462483,
1624840841.000000,260318041.000000,0.247497,-0.189635,-0.009510,0.010424,0.025263,-0.484444,0.874395,0.133640,-0.027166,0.049464,0.098814,0.077377,-0.459569,
1624840841.000000,265319824.000000,0.247736,-0.190285,-0.009271,0.010703,0.025390,-0.485427,0.873843,0.131750,-0.030030,0.060507,0.069813,0.132065,-0.442299,
1624840841.000000,270323038.000000,0.247960,-0.190830,-0.009196,0.010923,0.025540,-0.486365,0.873314,0.118929,-0.024395,0.040152,0.055860,-0.000397,-0.407328,
1624840841.000000,275326014.000000,0.248169,-0.191396,-0.009033,0.010875,0.025266,-0.487232,0.872839,0.113228,-0.023937,0.038274,0.030504,-0.172274,-0.393192,
1624840841.000000,280328989.000000,0.248362,-0.191936,-0.008877,0.010639,0.024809,-0.488120,0.872359,0.107303,-0.023503,0.036223,0.013229,-0.231178,-0.415716,
1624840841.000000,285331726.000000,0.248771,-0.192284,-0.010020,0.010359,0.024372,-0.488989,0.871888,0.109467,-0.015466,0.007496,0.024048,-0.215327,-0.409459,
1624840841.000000,290333986.000000,0.248995,-0.192794,-0.010018,0.010156,0.023928,-0.489879,0.871403,0.109190,-0.014344,0.004891,0.027269,-0.172795,-0.411273,
1624840841.000000,295336962.000000,0.249222,-0.193300,-0.010029,0.010017,0.023593,-0.490792,0.870900,0.108865,-0.013220,0.002314,0.030414,-0.104074,-0.413673,
1624840841.000000,300339937.000000,0.249521,-0.193903,-0.010045,0.010017,0.023502,-0.491695,0.870392,0.126023,-0.011087,0.001671,0.021979,0.064130,-0.420915,
1624840841.000000,340361834.000000,0.252676,-0.199072,-0.010091,0.010586,0.025259,-0.499381,0.865950,0.146179,0.002376,-0.002571,-0.025087,0.126110,-0.456131,
1624840841.000000,345365047.000000,0.253057,-0.199706,-0.010143,0.010632,0.025495,-0.500352,0.865382,0.146689,0.002977,-0.003071,-0.014294,0.042390,-0.436012,
1624840841.000000,350367069.000000,0.252863,-0.200758,-0.010218,0.010512,0.025177,-0.501252,0.864871,0.137835,-0.013337,0.024897,0.010087,0.002789,-0.447449,
1624840841.000000,355370045.000000,0.253145,-0.201390,-0.010113,0.010582,0.025196,-0.502239,0.864297,0.135683,-0.014687,0.031483,0.063259,0.053745,-0.453101,
1624840841.000000,360373020.000000,0.253416,-0.202020,-0.009973,0.010801,0.025230,-0.503206,0.863730,0.133679,-0.016043,0.038268,0.084852,0.033112,-0.441192,
1624840841.000000,365375996.000000,0.253615,-0.202591,-0.009773,0.010968,0.025145,-0.504166,0.863171,0.123002,-0.020098,0.047280,0.097326,-0.005639,-0.444399,
1624840841.000000,370378971.000000,0.253825,-0.203177,-0.009560,0.011111,0.025021,-0.505127,0.862611,0.118117,-0.022328,0.053485,0.054078,-0.026500,-0.435978,
1624840841.000000,375380993.000000,0.254014,-0.203752,-0.009316,0.011084,0.024897,-0.506041,0.862079,0.113533,-0.024599,0.059572,0.019423,-0.067895,-0.406115,
1624840841.000000,380383968.000000,0.253579,-0.204895,-0.010077,0.010988,0.024624,-0.506855,0.861610,0.112928,-0.025011,0.012533,0.027053,-0.218896,-0.393165,
1624840841.000000,385386944.000000,0.253743,-0.205442,-0.010055,0.010720,0.024080,-0.507715,0.861122,0.109312,-0.023605,0.008157,0.023999,-0.189581,-0.397509,
1624840841.000000,435499907.000000,0.256614,-0.212187,-0.009770,0.010907,0.024767,-0.517025,0.855542,0.143478,-0.005100,0.011512,-0.023881,-0.003029,-0.453833,
1624840841.000000,440501690.000000,0.256926,-0.212828,-0.009733,0.010831,0.024856,-0.518007,0.854947,0.142220,-0.003491,0.012853,-0.025365,0.080809,-0.460426,
1624840841.000000,445504665.000000,0.257207,-0.213528,-0.009714,0.010892,0.025131,-0.518970,0.854353,0.145742,-0.008875,0.011622,-0.037712,0.071768,-0.443323,
1624840841.000000,450507879.000000,0.257488,-0.214662,-0.011067,0.010788,0.024933,-0.519805,0.853853,0.150945,-0.016122,-0.002981,0.005278,0.065176,-0.436796,
1624840841.000000,455510855.000000,0.257759,-0.215371,-0.011109,0.010937,0.025025,-0.520746,0.853275,0.151322,-0.016873,-0.001593,0.066551,0.027989,-0.443248,
1624840841.000000,460513830.000000,0.257918,-0.216028,-0.010775,0.011128,0.024993,-0.521703,0.852689,0.139627,-0.025193,0.037048,0.104641,0.081875,-0.449643,
1624840841.000000,465515614.000000,0.258117,-0.216711,-0.010600,0.011448,0.025088,-0.522662,0.852094,0.136235,-0.028212,0.048298,0.076241,0.058029,-0.443302,
1624840841.000000,470518827.000000,0.258297,-0.217391,-0.010375,0.011537,0.024992,-0.523594,0.851523,0.133001,-0.031251,0.059148,0.071349,-0.065933,-0.427273,
1624840841.000000,475521803.000000,0.258498,-0.217981,-0.010376,0.011544,0.024712,-0.524505,0.850971,0.123789,-0.023135,0.030328,0.051729,-0.113477,-0.426144,
1624840841.000000,480524778.000000,0.258600,-0.218217,-0.010772,0.011299,0.024464,-0.525416,0.850419,0.107041,-0.017052,0.015411,-0.003995,-0.170153,-0.409271,
1624840841.000000,525549889.000000,0.260994,-0.224375,-0.010895,0.011176,0.024202,-0.533503,0.845378,0.155364,-0.002304,-0.000094,-0.020059,0.058912,-0.445225,
1624840841.000000,530551910.000000,0.261330,-0.225091,-0.010952,0.011182,0.024368,-0.534447,0.844777,0.158182,0.000448,-0.002962,-0.014920,0.052006,-0.440176,
1624840841.000000,535554647.000000,0.261625,-0.225788,-0.010973,0.011193,0.024477,-0.535363,0.844193,0.153987,-0.002544,0.000552,-0.007276,0.031749,-0.438828,
1624840841.000000,540557861.000000,0.261942,-0.226490,-0.011011,0.011159,0.024541,-0.536299,0.843598,0.153492,-0.002098,0.000435,-0.021170,-0.006262,-0.443299,
1624840841.000000,545560837.000000,0.262258,-0.227189,-0.011051,0.011060,0.024599,-0.537241,0.842998,0.152858,-0.001652,0.000373,-0.048854,0.034563,-0.459095,
1624840841.000000,550562859.000000,0.262160,-0.227701,-0.011740,0.010848,0.024560,-0.538144,0.842425,0.142508,-0.007030,-0.005133,-0.003545,0.075425,-0.454000,
1624840841.000000,555565834.000000,0.262356,-0.228423,-0.011636,0.010949,0.024638,-0.539076,0.841826,0.143512,-0.015432,0.012254,0.044893,-0.006907,-0.431497,
1624840841.000000,560568810.000000,0.262580,-0.229109,-0.011596,0.011047,0.024534,-0.539995,0.841238,0.143573,-0.017555,0.018118,0.101988,0.035304,-0.447351,
1624840841.000000,565571785.000000,0.262796,-0.229806,-0.011528,0.011360,0.024577,-0.540961,0.840612,0.143778,-0.019649,0.024850,0.079231,0.090691,-0.456150,
1624840841.000000,570574760.000000,0.263000,-0.230444,-0.011413,0.011572,0.024692,-0.541899,0.840001,0.134818,-0.018273,0.032835,0.063458,0.095206,-0.434724,
1624840841.000000,620601892.000000,0.266859,-0.237415,-0.013348,0.011185,0.023798,-0.550745,0.834259,0.173005,0.016533,-0.025257,-0.016175,0.117394,-0.457059,
1624840841.000000,625604868.000000,0.267281,-0.238181,-0.013531,0.011251,0.023993,-0.551690,0.833629,0.177961,0.018721,-0.028827,0.008209,0.088417,-0.444363,
1624840841.000000,630608082.000000,0.267650,-0.238855,-0.013666,0.011362,0.024167,-0.552602,0.833017,0.167739,0.018486,-0.025494,-0.006295,0.046097,-0.439906,
1624840841.000000,635610819.000000,0.268059,-0.239583,-0.013837,0.011332,0.024289,-0.553528,0.832399,0.167636,0.019867,-0.026283,-0.033336,0.073519,-0.449621,
1624840841.000000,640612841.000000,0.268474,-0.240311,-0.014018,0.011370,0.024537,-0.554460,0.831771,0.167673,0.021254,-0.027518,-0.025756,0.067417,-0.449621,
1624840841.000000,645615816.000000,0.268863,-0.241042,-0.014162,0.011320,0.024626,-0.555394,0.831146,0.166439,0.018380,-0.022756,-0.026738,-0.012853,-0.451703,
1624840841.000000,650619030.000000,0.269281,-0.241958,-0.015269,0.011013,0.024324,-0.556335,0.830529,0.165198,0.016407,-0.030810,-0.020568,0.002811,-0.464565,
1624840841.000000,655621767.000000,0.269665,-0.242682,-0.015463,0.011038,0.024414,-0.557301,0.829878,0.164265,0.016075,-0.029204,0.028443,0.060592,-0.461446,
1624840841.000000,660623789.000000,0.269983,-0.243392,-0.015422,0.011227,0.024492,-0.558247,0.829237,0.158130,0.009556,-0.001522,0.082898,0.075321,-0.450701,
1624840841.000000,665626764.000000,0.270316,-0.244103,-0.015452,0.011480,0.024515,-0.559179,0.828605,0.155533,0.007125,0.008041,0.086213,0.047855,-0.444332,
1624840841.000000,755676508.000000,0.278885,-0.258952,-0.018159,0.011199,0.023807,-0.575480,0.817393,0.178714,0.025490,-0.002304,0.030504,-0.026838,-0.483130,
1624840841.000000,760679722.000000,0.279298,-0.259742,-0.018212,0.011373,0.023831,-0.576474,0.816689,0.176955,0.023430,0.006242,0.075895,0.088204,-0.476878,
1624840841.000000,765682697.000000,0.279698,-0.260536,-0.018210,0.011652,0.023946,-0.577421,0.816012,0.175526,0.021347,0.015516,0.085048,0.131919,-0.452183,
1624840841.000000,770684719.000000,0.280090,-0.261233,-0.018297,0.011976,0.024092,-0.578324,0.815363,0.162489,0.024498,0.005760,0.071468,0.080702,-0.430933,
1624840841.000000,775687456.000000,0.280469,-0.261946,-0.018309,0.012117,0.024079,-0.579191,0.814746,0.156622,0.024437,0.007921,0.057340,-0.001631,-0.420217,
1624840841.000000,780690670.000000,0.280837,-0.262633,-0.018307,0.012117,0.023919,-0.580044,0.814144,0.150786,0.024349,0.010214,0.028857,-0.124922,-0.410717,
1624840841.000000,785693645.000000,0.279531,-0.263053,-0.017928,0.012013,0.023407,-0.580937,0.813523,0.138348,0.008976,0.009162,0.021165,-0.277867,-0.408697,
1624840841.000000,790696621.000000,0.279854,-0.263739,-0.018103,0.011602,0.022748,-0.581803,0.812929,0.140823,0.012794,-0.007654,0.039432,-0.301805,-0.436385,
1624840841.000000,795698881.000000,0.280138,-0.264370,-0.018189,0.011291,0.022201,-0.582712,0.812297,0.136921,0.013793,-0.011779,0.025703,-0.185921,-0.436621,
1624840841.000000,800701618.000000,0.280419,-0.264983,-0.018294,0.011125,0.021945,-0.583581,0.811683,0.133242,0.014763,-0.015830,0.013763,-0.057577,-0.418298,
1624840841.000000,845726728.000000,0.280284,-0.270741,-0.017676,0.011780,0.022981,-0.591771,0.805692,0.154814,0.006837,-0.018759,-0.024128,0.017542,-0.450359,
1624840841.000000,850729704.000000,0.280482,-0.271467,-0.017649,0.011671,0.023020,-0.592692,0.805016,0.151256,0.000888,-0.001586,-0.027839,-0.025212,-0.459098,
1624840841.000000,855731726.000000,0.280706,-0.272188,-0.017678,0.011561,0.022946,-0.593620,0.804335,0.149718,-0.000166,0.003514,0.019184,-0.090389,-0.467446,
1624840841.000000,860734701.000000,0.280919,-0.272900,-0.017681,0.011547,0.022776,-0.594586,0.803626,0.147966,-0.001222,0.008455,0.076734,0.046022,-0.488828,
1624840841.000000,865737677.000000,0.281107,-0.273587,-0.017614,0.011901,0.022939,-0.595565,0.802891,0.143033,-0.003867,0.020795,0.082286,0.171775,-0.475115,
1624840841.000000,870740891.000000,0.281292,-0.274278,-0.017528,0.012257,0.023151,-0.596472,0.802206,0.140057,-0.005579,0.029123,0.076619,0.133933,-0.426015,
1624840841.000000,875743628.000000,0.281463,-0.274959,-0.017398,0.012498,0.023217,-0.597305,0.801580,0.136760,-0.007333,0.037594,0.057718,0.001843,-0.416201,
1624840841.000000,880746603.000000,0.280147,-0.274847,-0.016202,0.012509,0.022980,-0.598177,0.800937,0.114177,-0.011887,0.023169,0.034075,-0.160744,-0.410185,
1624840841.000000,885748863.000000,0.280256,-0.275412,-0.016126,0.012238,0.022529,-0.599005,0.800335,0.108130,-0.010497,0.019468,0.028858,-0.232960,-0.419510,
1624840841.000000,890751839.000000,0.280360,-0.275940,-0.016059,0.011857,0.021981,-0.599874,0.799705,0.101872,-0.009131,0.016042,0.007616,-0.313966,-0.433601,
1624840841.000000,935776711.000000,0.279916,-0.282360,-0.014804,0.011897,0.022089,-0.607910,0.793609,0.150515,-0.008981,0.006825,-0.036149,0.094807,-0.465245,
1624840841.000000,940779924.000000,0.280074,-0.283104,-0.014816,0.011960,0.022328,-0.608833,0.792894,0.150723,-0.007264,0.004658,-0.004316,0.086131,-0.451833,
1624840841.000000,945782661.000000,0.279135,-0.282874,-0.014869,0.011907,0.022109,-0.609653,0.792270,0.128201,-0.020435,0.010666,-0.022945,0.020564,-0.449377,
1624840841.000000,950784683.000000,0.279199,-0.283518,-0.014840,0.011803,0.022192,-0.610556,0.791574,0.126467,-0.020629,0.011931,-0.043778,0.002212,-0.463366,
1624840841.000000,955787659.000000,0.279258,-0.284154,-0.014808,0.011730,0.022218,-0.611479,0.790861,0.124760,-0.020823,0.012935,0.018097,-0.037507,-0.468687,
1624840841.000000,960790873.000000,0.279247,-0.284825,-0.014527,0.011758,0.022072,-0.612417,0.790139,0.124550,-0.029410,0.041101,0.088611,-0.001224,-0.477165,
1624840841.000000,965793848.000000,0.279255,-0.285472,-0.014335,0.011993,0.022046,-0.613366,0.789400,0.123136,-0.032288,0.050017,0.077087,0.092650,-0.476183,
1624840841.000000,970795631.000000,0.279248,-0.286121,-0.014099,0.012291,0.022204,-0.614285,0.788676,0.122038,-0.035176,0.058900,0.073384,0.157105,-0.450616,
1624840841.000000,975798845.000000,0.279267,-0.286661,-0.014019,0.012607,0.022346,-0.615142,0.787999,0.108902,-0.028125,0.038978,0.064225,0.037106,-0.420704,
1624840841.000000,980801821.000000,0.278583,-0.286991,-0.013634,0.012741,0.022266,-0.615964,0.787356,0.094214,-0.030930,0.040272,0.039444,-0.124933,-0.401569,
1624840842.000000,25826693.000000,0.277947,-0.292955,-0.012651,0.012306,0.021370,-0.623732,0.781249,0.137944,-0.023518,0.011565,0.002347,0.099048,-0.471817,
1624840842.000000,30829906.000000,0.277990,-0.293660,-0.012631,0.012352,0.021528,-0.624640,0.780518,0.140020,-0.021747,0.009488,-0.032863,0.023686,-0.461078,
1624840842.000000,35832882.000000,0.278043,-0.294372,-0.012626,0.012290,0.021653,-0.625534,0.779800,0.141988,-0.019968,0.006976,-0.033077,0.062368,-0.459996,
1624840842.000000,40834665.000000,0.278077,-0.295042,-0.012623,0.012336,0.021870,-0.626424,0.779078,0.136076,-0.020562,0.005740,-0.032775,0.064422,-0.454735,
1624840842.000000,45837641.000000,0.278192,-0.296139,-0.013436,0.012053,0.021689,-0.627222,0.778445,0.131864,-0.024578,0.005536,-0.011757,0.042598,-0.452505,
1624840842.000000,50840855.000000,0.278215,-0.296807,-0.013436,0.012055,0.021744,-0.628115,0.777723,0.130951,-0.023779,0.005636,-0.000822,-0.025693,-0.468488,
1624840842.000000,55843830.000000,0.278164,-0.297481,-0.013193,0.011979,0.021694,-0.629038,0.776979,0.128276,-0.031681,0.032039,0.009584,0.012475,-0.474985,
1624840842.000000,60845852.000000,0.278143,-0.298149,-0.013046,0.012064,0.021722,-0.629960,0.776230,0.126984,-0.033597,0.040335,0.057534,0.005378,-0.474894,
1624840842.000000,65848827.000000,0.278111,-0.298815,-0.012857,0.012211,0.021642,-0.630884,0.775479,0.125741,-0.035507,0.048831,0.088620,0.087470,-0.471753,
1624840842.000000,70851803.000000,0.278075,-0.299421,-0.012695,0.012567,0.021776,-0.631791,0.774731,0.117297,-0.034565,0.047063,0.084278,0.117837,-0.462136,
1624840842.000000,115876675.000000,0.277310,-0.305620,-0.012021,0.012294,0.020709,-0.639345,0.768543,0.140766,-0.027610,0.012509,0.012676,0.125668,-0.451292,
1624840842.000000,120879889.000000,0.277308,-0.306348,-0.012008,0.012492,0.020921,-0.640221,0.767805,0.144922,-0.025727,0.009675,0.014023,0.116843,-0.463070,
1624840842.000000,125882864.000000,0.277318,-0.307099,-0.011995,0.012649,0.021163,-0.641110,0.767053,0.149290,-0.023813,0.007716,-0.022276,0.109634,-0.464176,
1624840842.000000,130884886.000000,0.277340,-0.307865,-0.011986,0.012702,0.021387,-0.641988,0.766311,0.153444,-0.021886,0.006182,-0.027810,0.048273,-0.455620,
1624840842.000000,135887861.000000,0.277339,-0.308521,-0.011980,0.012640,0.021457,-0.642858,0.765581,0.142493,-0.021175,0.004589,-0.031793,-0.030307,-0.457692,
1624840842.000000,140890837.000000,0.277360,-0.309239,-0.011985,0.012524,0.021502,-0.643742,0.764838,0.141632,-0.019671,0.003066,-0.033073,0.041191,-0.467338,
1624840842.000000,145892859.000000,0.278543,-0.310378,-0.013504,0.012330,0.021374,-0.644608,0.764115,0.135574,-0.012854,-0.004894,-0.007473,0.049881,-0.472636,
1624840842.000000,150895834.000000,0.278517,-0.311099,-0.013433,0.012355,0.021453,-0.645501,0.763358,0.137512,-0.019788,0.007224,-0.003040,0.042483,-0.459910,
1624840842.000000,155899048.000000,0.278526,-0.311796,-0.013414,0.012387,0.021550,-0.646370,0.762619,0.137578,-0.020872,0.010677,0.001005,0.005190,-0.459744,
1624840842.000000,160902023.000000,0.278528,-0.312493,-0.013384,0.012448,0.021566,-0.647262,0.761861,0.137493,-0.021947,0.013444,0.061642,0.097122,-0.473711,
1624840842.000000,210929632.000000,0.278115,-0.319252,-0.012132,0.012241,0.020054,-0.655519,0.754814,0.130123,-0.019301,0.019232,0.001218,0.051783,-0.451378,
1624840842.000000,215931892.000000,0.278871,-0.320749,-0.013258,0.012434,0.020468,-0.656365,0.754063,0.154945,-0.012032,0.002216,0.007238,0.121213,-0.445885,
1624840842.000000,220934868.000000,0.278927,-0.321541,-0.013301,0.012625,0.020679,-0.657206,0.753321,0.161005,-0.010222,-0.000958,0.004505,0.073240,-0.453257,
1624840842.000000,225937843.000000,0.278990,-0.322232,-0.013333,0.012692,0.020834,-0.658068,0.752563,0.152108,-0.007099,-0.001493,-0.016043,0.124754,-0.460826,
1624840842.000000,230940819.000000,0.279064,-0.322991,-0.013390,0.012864,0.021161,-0.658925,0.751801,0.153012,-0.004856,-0.003761,-0.035054,0.104304,-0.455470,
1624840842.000000,235942841.000000,0.279146,-0.323751,-0.013463,0.012859,0.021337,-0.659772,0.751053,0.153899,-0.002626,-0.006464,-0.026759,0.043501,-0.451175,
1624840842.000000,240945578.000000,0.279237,-0.324518,-0.013548,0.012859,0.021452,-0.660625,0.750299,0.155008,-0.000390,-0.009086,-0.020080,0.008354,-0.462858,
1624840842.000000,245948553.000000,0.279273,-0.325246,-0.013549,0.012812,0.021521,-0.661494,0.749533,0.149553,-0.005249,-0.001055,-0.014974,0.053021,-0.456630,
1624840842.000000,250951767.000000,0.279754,-0.325911,-0.014470,0.012613,0.021397,-0.662296,0.748830,0.144275,-0.006584,-0.006592,-0.022301,0.045597,-0.455335,
1624840842.000000,255954742.000000,0.279809,-0.326629,-0.014549,0.012624,0.021474,-0.663153,0.748069,0.143792,-0.006748,-0.006501,0.033768,0.031159,-0.457598,
1624840842.000000,356009722.000000,0.279807,-0.341774,-0.014986,0.013113,0.021499,-0.679325,0.733405,0.145471,-0.008925,0.015155,0.018813,0.012250,-0.460834,
1624840842.000000,361012697.000000,0.279813,-0.342500,-0.014886,0.013205,0.021432,-0.680165,0.732627,0.144599,-0.009864,0.022926,0.069574,-0.005471,-0.455301,
1624840842.000000,366015673.000000,0.279819,-0.343232,-0.014787,0.013329,0.021365,-0.681010,0.731841,0.144103,-0.010748,0.029302,0.068047,0.075437,-0.465995,
1624840842.000000,371017694.000000,0.279805,-0.343912,-0.014609,0.013610,0.021477,-0.681858,0.731043,0.136762,-0.012748,0.040429,0.050148,0.109355,-0.454401,
1624840842.000000,376020908.000000,0.279787,-0.344610,-0.014394,0.013790,0.021529,-0.682670,0.730279,0.134171,-0.014062,0.049368,0.065763,0.017762,-0.438258,
1624840842.000000,381023645.000000,0.279109,-0.345327,-0.014683,0.013885,0.021320,-0.683425,0.729577,0.131473,-0.024311,0.044255,0.055496,-0.098848,-0.413875,
1624840842.000000,386026621.000000,0.279107,-0.345901,-0.014767,0.013720,0.021051,-0.684174,0.728886,0.120770,-0.016631,0.020212,0.019039,-0.118238,-0.412559,
1624840842.000000,390937567.000000,0.279066,-0.346500,-0.014701,0.013508,0.020807,-0.684936,0.728181,0.115398,-0.015262,0.017672,0.018979,-0.160935,-0.408591,
1624840842.000000,395939589.000000,0.279028,-0.347069,-0.014645,0.013198,0.020430,-0.685672,0.727504,0.110092,-0.013926,0.015098,0.021292,-0.206054,-0.396674,
1624840842.000000,400942564.000000,0.278991,-0.347729,-0.014583,0.012912,0.020093,-0.686410,0.726823,0.121151,-0.013958,0.015910,0.017993,-0.123485,-0.410544,
1624840842.000000,445967674.000000,0.278494,-0.354264,-0.015451,0.013555,0.021131,-0.693607,0.719916,0.149937,-0.005957,-0.011675,-0.011755,0.100809,-0.449962,
1624840842.000000,450970411.000000,0.278694,-0.354704,-0.015787,0.013423,0.021271,-0.694386,0.719163,0.137694,-0.005634,-0.011055,-0.033168,-0.016092,-0.449935,
1624840842.000000,455973625.000000,0.278695,-0.355390,-0.015891,0.013302,0.021327,-0.695206,0.718371,0.136180,-0.005381,-0.011026,-0.036528,0.045526,-0.462810,
1624840842.000000,460975647.000000,0.278639,-0.356063,-0.015739,0.013402,0.021516,-0.696040,0.717556,0.132477,-0.012134,0.017714,0.023059,0.076695,-0.468150,
1624840842.000000,465978622.000000,0.278596,-0.356725,-0.015666,0.013564,0.021514,-0.696871,0.716746,0.129951,-0.014247,0.026938,0.086172,0.035467,-0.451157,
1624840842.000000,470981598.000000,0.278538,-0.357374,-0.015529,0.013765,0.021447,-0.697673,0.715963,0.127230,-0.016396,0.037274,0.073503,0.044188,-0.448838,
1624840842.000000,475984573.000000,0.278468,-0.358013,-0.015339,0.013973,0.021461,-0.698483,0.715168,0.124600,-0.018546,0.047721,0.077304,0.095927,-0.449030,
1624840842.000000,480987549.000000,0.279139,-0.358831,-0.015518,0.014143,0.021398,-0.699260,0.714407,0.113285,-0.007612,0.030332,0.051033,-0.042016,-0.419207,
1624840842.000000,485989571.000000,0.279114,-0.359395,-0.015389,0.013963,0.021138,-0.699999,0.713695,0.108028,-0.007549,0.031938,0.022990,-0.161835,-0.412596,
1624840842.000000,490992785.000000,0.279088,-0.359931,-0.015250,0.013673,0.020818,-0.700754,0.712968,0.102589,-0.007506,0.033392,0.007219,-0.179300,-0.423431,
1624840842.000000,536017656.000000,0.279331,-0.364672,-0.013681,0.013392,0.020870,-0.707643,0.706134,0.140209,0.012186,0.013557,-0.026109,0.069038,-0.443662,
1624840842.000000,541020632.000000,0.279385,-0.365323,-0.013635,0.013431,0.021001,-0.708415,0.705356,0.134686,0.012468,0.013466,-0.008802,0.077426,-0.435075,
1624840842.000000,546023846.000000,0.279447,-0.365999,-0.013604,0.013573,0.021230,-0.709189,0.704568,0.134558,0.013600,0.012045,-0.025809,0.108155,-0.454194,
1624840842.000000,551025629.000000,0.278730,-0.366553,-0.014291,0.013551,0.021290,-0.709989,0.703761,0.127049,0.007802,0.007018,-0.024048,0.083354,-0.449178,
1624840842.000000,556028605.000000,0.278724,-0.367178,-0.014202,0.013561,0.021417,-0.710756,0.702982,0.125231,0.004098,0.015455,-0.037460,-0.032684,-0.432913,
1624840842.000000,561031580.000000,0.278741,-0.367806,-0.014121,0.013366,0.021376,-0.711535,0.702199,0.124731,0.003636,0.019515,-0.002902,-0.049699,-0.459542,
1624840842.000000,566034794.000000,0.278755,-0.368441,-0.014037,0.013396,0.021336,-0.712355,0.701367,0.124622,0.003197,0.023132,0.050911,0.042206,-0.458763,
1624840842.000000,571036577.000000,0.278735,-0.369055,-0.013833,0.013602,0.021360,-0.713148,0.700556,0.120898,-0.001524,0.042061,0.074123,0.085649,-0.454187,
1624840842.000000,576039553.000000,0.278714,-0.369667,-0.013627,0.013874,0.021386,-0.713943,0.699740,0.118718,-0.003699,0.051309,0.080615,0.081396,-0.442723,
1624840842.000000,581042767.000000,0.278351,-0.371114,-0.013621,0.014165,0.021322,-0.714678,0.698985,0.110724,-0.011317,0.061982,0.076244,0.041223,-0.438191,
1624840842.000000,626067638.000000,0.277799,-0.376742,-0.014067,0.013093,0.020139,-0.721240,0.692268,0.131798,0.007785,0.004264,0.000346,0.043037,-0.433032,
1624840842.000000,631070614.000000,0.277815,-0.377409,-0.014079,0.013142,0.020237,-0.722003,0.691469,0.135749,0.009703,0.001996,-0.019615,0.047401,-0.459492,
1624840842.000000,636073828.000000,0.277836,-0.378039,-0.014073,0.013185,0.020400,-0.722812,0.690618,0.131726,0.010885,0.003520,-0.012533,0.078097,-0.467256,
1624840842.000000,641075850.000000,0.277863,-0.378703,-0.014091,0.013317,0.020581,-0.723594,0.689790,0.132795,0.012516,0.002060,-0.009993,0.096275,-0.442582,
1624840842.000000,646078587.000000,0.277897,-0.379370,-0.014117,0.013408,0.020767,-0.724347,0.688992,0.133646,0.014138,0.000620,-0.020919,0.051862,-0.442483,
1624840842.000000,651081562.000000,0.277477,-0.381476,-0.014942,0.013640,0.021026,-0.725136,0.688149,0.141671,0.010464,-0.003470,-0.029360,0.120979,-0.443694,
1624840842.000000,656084776.000000,0.277490,-0.382180,-0.014980,0.013804,0.021339,-0.725895,0.687336,0.141233,0.011150,-0.003875,-0.040043,0.082294,-0.452060,
1624840842.000000,661087751.000000,0.277506,-0.382891,-0.015041,0.013740,0.021423,-0.726670,0.686515,0.141049,0.011860,-0.005042,-0.010370,-0.045007,-0.443753,
1624840842.000000,666089535.000000,0.277478,-0.383611,-0.014957,0.013635,0.021350,-0.727432,0.685712,0.140917,0.005721,0.016244,0.002763,-0.024882,-0.456220,
1624840842.000000,671092749.000000,0.277461,-0.384321,-0.014893,0.013726,0.021395,-0.728238,0.684853,0.140209,0.003709,0.025089,0.069295,0.126642,-0.475690,
1624840842.000000,716117382.000000,0.274912,-0.389301,-0.014007,0.013164,0.019992,-0.734672,0.678001,0.130525,0.000797,0.021126,0.025147,0.070780,-0.406038,
1624840842.000000,721120358.000000,0.274866,-0.389965,-0.013932,0.013287,0.020134,-0.735378,0.677228,0.135262,0.002451,0.021126,-0.016779,0.060579,-0.420282,
1624840842.000000,726123571.000000,0.274825,-0.390654,-0.013868,0.013371,0.020298,-0.736095,0.676442,0.140029,0.004127,0.020570,-0.003018,0.120124,-0.439185,
1624840842.000000,731125832.000000,0.274799,-0.391300,-0.013880,0.013610,0.020523,-0.736855,0.675602,0.138131,0.006333,0.012216,0.014290,0.099095,-0.458576,
1624840842.000000,736128569.000000,0.274775,-0.392001,-0.013862,0.013712,0.020625,-0.737626,0.674755,0.140977,0.008217,0.009374,-0.001736,0.051365,-0.454251,
1624840842.000000,741131306.000000,0.274757,-0.392714,-0.013856,0.013789,0.020791,-0.738391,0.673911,0.143665,0.010109,0.006751,-0.034779,0.092000,-0.461613,
1624840842.000000,746134520.000000,0.274745,-0.393372,-0.013824,0.013893,0.021050,-0.739159,0.673059,0.136577,0.011038,0.008909,-0.026472,0.105941,-0.446904,
1624840842.000000,751137495.000000,0.274035,-0.394821,-0.015303,0.013964,0.021023,-0.739887,0.672258,0.140348,0.008558,-0.004597,-0.013415,0.080404,-0.422179,
1624840842.000000,756139517.000000,0.274012,-0.395518,-0.015362,0.014019,0.021164,-0.740600,0.671467,0.139634,0.010009,-0.005716,-0.018866,0.022354,-0.439150,
1624840842.000000,761142731.000000,0.273953,-0.396194,-0.015340,0.013963,0.021250,-0.741348,0.670639,0.137051,0.006525,0.002671,-0.047506,0.019731,-0.444742,
1624840842.000000,851192713.000000,0.270961,-0.406463,-0.015639,0.014196,0.020783,-0.754253,0.656102,0.137246,0.012440,-0.003061,-0.026599,0.052522,-0.445416,
1624840842.000000,856195688.000000,0.270923,-0.407092,-0.015715,0.014207,0.020915,-0.754986,0.655253,0.131415,0.012061,-0.005726,-0.034882,0.089226,-0.444591,
1624840842.000000,861198425.000000,0.270894,-0.407752,-0.015791,0.014309,0.021214,-0.755696,0.654423,0.130262,0.013282,-0.007738,-0.072272,0.083375,-0.431671,
1624840842.000000,866201401.000000,0.270866,-0.408399,-0.015878,0.014274,0.021421,-0.756402,0.653600,0.128791,0.014470,-0.010747,-0.023659,0.041918,-0.444405,
1624840842.000000,871203661.000000,0.270765,-0.409021,-0.015765,0.014309,0.021422,-0.757132,0.652754,0.124817,0.003567,0.016644,0.050372,-0.050310,-0.439291,
1624840842.000000,876206636.000000,0.270681,-0.409644,-0.015694,0.014290,0.021207,-0.757863,0.651912,0.123050,-0.000072,0.026292,0.092775,0.005337,-0.465562,
1624840842.000000,881209612.000000,0.269273,-0.410895,-0.015277,0.014598,0.021066,-0.758610,0.651040,0.129580,-0.018877,0.073423,0.148085,0.165369,-0.478775,
1624840842.000000,886212587.000000,0.269194,-0.411436,-0.015226,0.015160,0.021123,-0.759371,0.650138,0.116670,-0.010421,0.050117,0.100666,0.171088,-0.459328,
1624840842.000000,891143799.000000,0.269056,-0.411999,-0.014994,0.015392,0.021175,-0.760082,0.649300,0.110782,-0.010193,0.052054,0.026498,-0.026037,-0.403097,
1624840842.000000,896147013.000000,0.268923,-0.412525,-0.014761,0.015119,0.020919,-0.760712,0.648576,0.104438,-0.010042,0.053023,0.011756,-0.255415,-0.386637,
1624840842.000000,941171885.000000,0.267449,-0.418026,-0.015491,0.014096,0.020193,-0.766772,0.641447,0.146190,0.009905,-0.002496,-0.004423,0.103435,-0.464668,
1624840842.000000,946174860.000000,0.267372,-0.418771,-0.015524,0.014151,0.020277,-0.767505,0.640566,0.150131,0.012246,-0.004976,-0.017718,0.009187,-0.446598,
1624840842.000000,951178074.000000,0.266579,-0.420077,-0.015765,0.014536,0.020598,-0.768252,0.639651,0.166437,0.012866,-0.012635,-0.024600,0.004170,-0.450614,
1624840842.000000,956181049.000000,0.266500,-0.420928,-0.015880,0.014551,0.020748,-0.768972,0.638780,0.171353,0.015336,-0.015788,-0.051978,0.114113,-0.441327,
1624840842.000000,961182833.000000,0.266426,-0.421807,-0.016021,0.014643,0.021065,-0.769657,0.637942,0.176233,0.017809,-0.018902,-0.059831,0.043442,-0.435706,
1624840842.000000,966186047.000000,0.266179,-0.422304,-0.015673,0.014559,0.021163,-0.770362,0.637090,0.154684,0.002975,0.010881,-0.020235,0.035081,-0.448650,
1624840842.000000,971189022.000000,0.266046,-0.423075,-0.015642,0.014699,0.021277,-0.771086,0.636206,0.154116,0.001817,0.014999,0.052098,0.076900,-0.465632,
1624840842.000000,976191998.000000,0.265905,-0.423847,-0.015586,0.014978,0.021267,-0.771832,0.635294,0.153863,0.000681,0.019328,0.108806,0.130937,-0.464702,
1624840842.000000,981194019.000000,0.265143,-0.423811,-0.016616,0.015211,0.021086,-0.772522,0.634456,0.119101,-0.009084,0.037179,0.084363,0.052666,-0.440123,
1624840842.000000,986196995.000000,0.264978,-0.424383,-0.016437,0.015314,0.020977,-0.773218,0.633608,0.113612,-0.011693,0.045966,0.075333,0.005873,-0.444183,
1624840843.000000,36224842.000000,0.262915,-0.430175,-0.015913,0.014179,0.019751,-0.779889,0.625445,0.148268,0.008235,0.005169,-0.030125,0.112256,-0.445506,
1624840843.000000,41228056.000000,0.262793,-0.430929,-0.015921,0.014288,0.019947,-0.780573,0.624582,0.155446,0.009936,0.004413,-0.017107,0.129397,-0.442078,
1624840843.000000,46231031.000000,0.262722,-0.431536,-0.015950,0.014544,0.020208,-0.781259,0.623710,0.140638,0.012960,0.001242,0.006271,0.095425,-0.437996,
1624840843.000000,51233053.000000,0.262284,-0.431828,-0.014650,0.014934,0.020530,-0.781977,0.622790,0.133991,0.013745,0.006589,-0.017029,0.067495,-0.438930,
1624840843.000000,56236029.000000,0.262205,-0.432494,-0.014645,0.014988,0.020733,-0.782660,0.621924,0.133899,0.015832,0.006040,-0.060824,0.050250,-0.443228,
1624840843.000000,61239004.000000,0.262110,-0.433124,-0.014660,0.014938,0.020933,-0.783347,0.621053,0.130433,0.014208,0.003651,-0.053559,0.041217,-0.447474,
1624840843.000000,66241980.000000,0.262036,-0.433773,-0.014683,0.015009,0.021142,-0.784026,0.620187,0.128996,0.015197,0.002240,-0.025604,0.127081,-0.425223,
1624840843.000000,71244955.000000,0.261967,-0.434417,-0.014720,0.015180,0.021343,-0.784664,0.619367,0.127454,0.016165,0.000702,0.011517,0.024375,-0.413267,
1624840843.000000,76247215.000000,0.261826,-0.435026,-0.014519,0.015221,0.021258,-0.785326,0.618530,0.122399,0.005472,0.033207,0.089268,0.054022,-0.444205,
1624840843.000000,81249952.000000,0.260256,-0.435956,-0.014839,0.015280,0.020823,-0.785968,0.617727,0.125107,-0.012862,0.060450,0.093931,0.076176,-0.463554,
1624840843.000000,131278038.000000,0.257118,-0.441830,-0.014086,0.013829,0.018841,-0.792511,0.609409,0.147091,-0.002878,0.014825,0.000147,0.255951,-0.445120,
1624840843.000000,136281013.000000,0.257002,-0.442441,-0.014080,0.014371,0.019371,-0.793173,0.608519,0.137900,0.005405,0.007572,-0.035553,0.277748,-0.425243,
1624840843.000000,141283989.000000,0.256856,-0.443118,-0.014084,0.014747,0.019771,-0.793791,0.607690,0.139975,0.008459,0.004661,-0.010900,0.181113,-0.411043,
1624840843.000000,146286249.000000,0.256579,-0.442803,-0.013846,0.015284,0.020200,-0.794473,0.606771,0.135958,0.013355,-0.006659,0.028661,0.059714,-0.429221,
1624840843.000000,151289225.000000,0.256468,-0.443333,-0.013790,0.015362,0.020253,-0.795135,0.605899,0.121921,0.012863,-0.000886,-0.017048,0.053823,-0.441072,
1624840843.000000,156291962.000000,0.256371,-0.443916,-0.013783,0.015317,0.020406,-0.795800,0.605022,0.118625,0.014705,-0.001070,-0.068557,-0.069766,-0.440997,
1624840843.000000,161294699.000000,0.256292,-0.444482,-0.013806,0.014962,0.020406,-0.796473,0.604145,0.115118,0.016570,-0.002459,-0.076982,-0.077065,-0.450554,
1624840843.000000,166297913.000000,0.256226,-0.445035,-0.013823,0.014830,0.020532,-0.797147,0.603253,0.111322,0.018414,-0.002871,-0.032365,0.031432,-0.437923,
1624840843.000000,171300173.000000,0.256048,-0.445670,-0.013693,0.014919,0.020613,-0.797801,0.602384,0.121293,0.008784,0.016653,0.045550,0.074436,-0.440852,
1624840843.000000,176303148.000000,0.255923,-0.446258,-0.013645,0.015174,0.020621,-0.798474,0.601484,0.121952,0.006843,0.021509,0.080871,0.088378,-0.445370,
1624840843.000000,221328020.000000,0.251885,-0.453310,-0.015008,0.013781,0.018340,-0.804106,0.594043,0.120687,-0.002141,0.003310,0.050733,-0.112488,-0.406872,
1624840843.000000,226330757.000000,0.251693,-0.453896,-0.015062,0.013695,0.018272,-0.804732,0.593200,0.124108,-0.001199,-0.000265,0.015160,0.001887,-0.424146,
1624840843.000000,231333733.000000,0.251493,-0.454597,-0.015186,0.013778,0.018299,-0.805378,0.592320,0.140901,0.002838,-0.011934,0.001194,0.081843,-0.457956,
1624840843.000000,236335754.000000,0.251294,-0.455295,-0.015296,0.013994,0.018546,-0.806072,0.591362,0.148957,0.005112,-0.016726,-0.019638,0.176320,-0.473215,
1624840843.000000,241338968.000000,0.251093,-0.456030,-0.015428,0.014355,0.018873,-0.806748,0.590420,0.157129,0.007414,-0.021541,-0.001266,0.200862,-0.451722,
1624840843.000000,246341944.000000,0.250274,-0.457307,-0.014088,0.015115,0.019509,-0.807469,0.589394,0.178582,0.009183,-0.000071,-0.004222,0.125503,-0.439876,
1624840843.000000,251344681.000000,0.250049,-0.458189,-0.014119,0.015295,0.019713,-0.808112,0.588500,0.186729,0.011612,-0.002852,-0.007943,0.110370,-0.437856,
1624840843.000000,256347895.000000,0.249819,-0.459108,-0.014170,0.015478,0.019903,-0.808758,0.587600,0.194678,0.014054,-0.005724,-0.023479,0.084407,-0.454780,
1624840843.000000,261349916.000000,0.249686,-0.459435,-0.014044,0.015523,0.020086,-0.809427,0.586671,0.155696,0.009082,0.003582,-0.041951,0.046948,-0.452889,
1624840843.000000,266352892.000000,0.249490,-0.460185,-0.014069,0.015440,0.020226,-0.810077,0.585772,0.153798,0.009830,0.002065,-0.079948,-0.055281,-0.442020,
1624840843.000000,356402874.000000,0.244224,-0.472074,-0.014382,0.015627,0.019375,-0.821534,0.569616,0.151517,0.014462,-0.000220,-0.010974,0.097456,-0.445286,
1624840843.000000,361406088.000000,0.244028,-0.472805,-0.014439,0.015791,0.019586,-0.822161,0.568698,0.149648,0.016417,-0.002507,-0.045850,0.081596,-0.437988,
1624840843.000000,366409063.000000,0.243844,-0.473524,-0.014502,0.015749,0.019785,-0.822773,0.567807,0.147699,0.018359,-0.004919,-0.067566,-0.007904,-0.435687,
1624840843.000000,371411800.000000,0.243605,-0.474241,-0.014410,0.015572,0.019863,-0.823401,0.566899,0.148141,0.010605,0.015137,-0.040758,-0.056686,-0.450681,
1624840843.000000,376413822.000000,0.243384,-0.474953,-0.014359,0.015505,0.019860,-0.824052,0.565953,0.147334,0.008686,0.022379,0.052739,0.059364,-0.468785,
1624840843.000000,381417036.000000,0.242295,-0.476036,-0.014827,0.015693,0.019643,-0.824707,0.565001,0.150355,-0.002024,0.038133,0.110764,0.107139,-0.469967,
1624840843.000000,386420012.000000,0.242007,-0.476743,-0.014655,0.016057,0.019577,-0.825363,0.564034,0.150036,-0.003923,0.046095,0.121121,0.133803,-0.455038,
1624840843.000000,391422987.000000,0.241784,-0.477292,-0.014452,0.016467,0.019577,-0.825998,0.563093,0.132988,-0.004500,0.052957,0.067095,0.112331,-0.450679,
1624840843.000000,396427870.000000,0.241520,-0.477899,-0.014192,0.016573,0.019556,-0.826620,0.562177,0.127327,-0.006099,0.061656,0.038821,-0.067862,-0.421076,
1624840843.000000,401429653.000000,0.241259,-0.478477,-0.013893,0.016247,0.019209,-0.827206,0.561336,0.121482,-0.007732,0.069599,0.062588,-0.294873,-0.413259,
1624840843.000000,451457739.000000,0.241089,-0.484556,-0.015324,0.015725,0.018955,-0.833373,0.552162,0.145741,0.031813,-0.009035,0.002175,0.132459,-0.441352,
1624840843.000000,456460714.000000,0.240950,-0.485292,-0.015408,0.015894,0.019115,-0.833968,0.551253,0.145579,0.033689,-0.010187,-0.008741,0.065203,-0.435867,
1624840843.000000,461463690.000000,0.240824,-0.486023,-0.015491,0.015934,0.019243,-0.834581,0.550319,0.144949,0.035582,-0.010958,-0.048984,0.026090,-0.459407,
1624840843.000000,466466904.000000,0.240695,-0.486737,-0.015546,0.015900,0.019454,-0.835218,0.549344,0.142352,0.034881,-0.007302,-0.069588,0.075568,-0.469087,
1624840843.000000,471468687.000000,0.240574,-0.487458,-0.015624,0.015920,0.019673,-0.835848,0.548378,0.140947,0.035732,-0.006713,-0.043858,-0.014365,-0.452026,
1624840843.000000,476471663.000000,0.240458,-0.488173,-0.015698,0.015801,0.019650,-0.836465,0.547441,0.139340,0.036559,-0.006696,0.045404,0.009151,-0.455045,
1624840843.000000,481474876.000000,0.240331,-0.488570,-0.016922,0.015795,0.019270,-0.837107,0.546471,0.127888,0.023050,0.019860,0.104569,0.077580,-0.465900,
1624840843.000000,486476898.000000,0.240171,-0.489198,-0.016826,0.016143,0.019205,-0.837749,0.545479,0.124899,0.019223,0.031994,0.115964,0.175987,-0.471230,
1624840843.000000,491479874.000000,0.239992,-0.489817,-0.016652,0.016617,0.019245,-0.838379,0.544495,0.122376,0.015387,0.045162,0.068328,0.084552,-0.450009,
1624840843.000000,496482611.000000,0.239925,-0.490357,-0.016651,0.016650,0.019134,-0.838979,0.543572,0.106537,0.024808,0.023151,0.070844,-0.055061,-0.435955,
1624840843.000000,541507959.000000,0.238687,-0.496920,-0.018628,0.014958,0.017877,-0.844205,0.535514,0.155193,0.043610,-0.028141,-0.009538,0.152978,-0.470312,
1624840843.000000,546510696.000000,0.238596,-0.497639,-0.018804,0.015225,0.018113,-0.844828,0.534515,0.148747,0.045909,-0.029980,-0.016987,0.098736,-0.471255,
1624840843.000000,551513672.000000,0.239127,-0.498340,-0.018186,0.015972,0.018480,-0.845546,0.533344,0.138211,0.049038,-0.019085,0.000973,0.117767,-0.471435,
1624840843.000000,556515932.000000,0.239056,-0.499070,-0.018311,0.016223,0.018665,-0.846159,0.532356,0.139455,0.050927,-0.020165,-0.018762,0.098662,-0.451251,
1624840843.000000,561518908.000000,0.239009,-0.499726,-0.018406,0.016316,0.018854,-0.846746,0.531413,0.131207,0.050785,-0.017474,-0.031030,0.078684,-0.445742,
1624840843.000000,566521883.000000,0.238960,-0.500417,-0.018536,0.016368,0.019038,-0.847333,0.530469,0.129017,0.051991,-0.018673,-0.072003,0.004387,-0.437431,
1624840843.000000,571524858.000000,0.238921,-0.501097,-0.018682,0.016182,0.019170,-0.847911,0.529544,0.126555,0.053188,-0.020879,-0.037704,-0.029514,-0.449959,
1624840843.000000,576527834.000000,0.238821,-0.501754,-0.018654,0.016150,0.019158,-0.848524,0.528563,0.125373,0.044199,0.002519,0.035517,-0.001254,-0.468322,
1624840843.000000,581529856.000000,0.238783,-0.502698,-0.019278,0.015914,0.018665,-0.849184,0.527527,0.127944,0.036215,0.029444,0.107681,0.056724,-0.475813,
1624840843.000000,586532831.000000,0.238654,-0.503355,-0.019136,0.016267,0.018559,-0.849814,0.526504,0.127240,0.033332,0.041520,0.110247,0.150996,-0.474785,
1624840843.000000,636560917.000000,0.238336,-0.508353,-0.020790,0.014832,0.017076,-0.855489,0.517327,0.125728,0.049876,-0.013020,-0.008314,0.097058,-0.469834,
1624840843.000000,641563416.000000,0.238278,-0.509050,-0.020985,0.015039,0.017259,-0.856095,0.516312,0.132541,0.054104,-0.025853,-0.013475,0.131973,-0.482250,
1624840843.000000,646565914.000000,0.238533,-0.505879,-0.020450,0.015659,0.017427,-0.856855,0.515025,0.116801,0.043974,-0.030322,-0.010172,0.132146,-0.475138,
1624840843.000000,651568651.000000,0.238454,-0.506502,-0.020643,0.015882,0.017610,-0.857448,0.514024,0.121748,0.046199,-0.034312,0.001434,0.106458,-0.453767,
1624840843.000000,656571627.000000,0.238437,-0.506987,-0.020772,0.016095,0.017782,-0.858024,0.513049,0.107015,0.046173,-0.029363,-0.027046,0.128606,-0.458977,
1624840843.000000,661574841.000000,0.238390,-0.507562,-0.020949,0.016277,0.018024,-0.858611,0.512052,0.105528,0.047674,-0.029604,-0.024346,0.073046,-0.459195,
1624840843.000000,666577578.000000,0.238355,-0.508131,-0.021121,0.016269,0.018128,-0.859191,0.511074,0.104030,0.049168,-0.029435,-0.055659,-0.015479,-0.455829,
1624840843.000000,671579599.000000,0.238290,-0.508679,-0.021175,0.016086,0.018236,-0.859782,0.510081,0.102259,0.044046,-0.013471,-0.040486,-0.053481,-0.475026,
1624840843.000000,676582575.000000,0.238237,-0.509226,-0.021258,0.016026,0.018227,-0.860395,0.509049,0.100530,0.042884,-0.007900,0.038855,0.054071,-0.478360,
1624840843.000000,681585789.000000,0.236004,-0.509684,-0.022360,0.016052,0.017730,-0.861011,0.508024,0.102287,0.020103,-0.006492,0.095433,0.086936,-0.473025,
1624840843.000000,731613636.000000,0.232843,-0.514527,-0.024471,0.014988,0.016208,-0.866599,0.498517,0.101482,0.017446,-0.026330,-0.000919,0.113736,-0.439293,
1624840843.000000,736616850.000000,0.232675,-0.515068,-0.024733,0.015247,0.016347,-0.867147,0.497550,0.111844,0.022860,-0.040257,0.002019,0.115046,-0.459250,
1624840843.000000,741618633.000000,0.232496,-0.515604,-0.024948,0.015478,0.016531,-0.867730,0.496520,0.117478,0.025130,-0.043629,-0.002793,0.141113,-0.476598,
1624840843.000000,746621609.000000,0.232305,-0.516182,-0.025189,0.015767,0.016720,-0.868307,0.495494,0.123838,0.027439,-0.047231,-0.004548,0.111039,-0.461574,
1624840843.000000,751624823.000000,0.231197,-0.517600,-0.024388,0.016335,0.016810,-0.868979,0.494294,0.139709,0.023568,-0.027751,-0.026940,0.043667,-0.467983,
1624840843.000000,756627798.000000,0.230934,-0.518279,-0.024579,0.016382,0.016967,-0.869558,0.493267,0.145789,0.025950,-0.030449,-0.033519,0.085728,-0.465063,
1624840843.000000,761630774.000000,0.230665,-0.518986,-0.024780,0.016548,0.017179,-0.870119,0.492264,0.151773,0.028348,-0.032958,-0.030158,0.089730,-0.460564,
1624840843.000000,766632557.000000,0.230536,-0.519137,-0.024662,0.016620,0.017322,-0.870679,0.491266,0.117802,0.018336,-0.015101,-0.014318,0.027787,-0.447986,
1624840843.000000,771635771.000000,0.230305,-0.519692,-0.024781,0.016603,0.017381,-0.871224,0.490297,0.116234,0.018117,-0.014362,-0.024710,-0.006099,-0.450933,
1624840843.000000,776638746.000000,0.230079,-0.520232,-0.024913,0.016560,0.017438,-0.871787,0.489295,0.114305,0.017886,-0.014410,0.012072,0.019189,-0.463927,
1624840843.000000,816660643.000000,0.226494,-0.527846,-0.025488,0.015020,0.015525,-0.876215,0.481437,0.102064,0.012467,0.003056,0.041758,-0.117078,-0.418642,
1624840843.000000,821663618.000000,0.226270,-0.528315,-0.025505,0.014909,0.015351,-0.876724,0.480518,0.103660,0.013031,0.002213,0.022640,-0.012734,-0.432136,
1624840843.000000,826666832.000000,0.226010,-0.528895,-0.025554,0.014944,0.015418,-0.877254,0.479547,0.117390,0.016738,-0.001502,-0.013329,0.047025,-0.438900,
1624840843.000000,831669807.000000,0.225758,-0.529451,-0.025593,0.015089,0.015545,-0.877772,0.478589,0.123199,0.018404,-0.002907,-0.007615,0.130085,-0.438616,
1624840843.000000,836671591.000000,0.225497,-0.530032,-0.025645,0.015417,0.015743,-0.878297,0.477607,0.128835,0.020095,-0.004633,0.025164,0.142584,-0.446228,
1624840843.000000,841674805.000000,0.225263,-0.530578,-0.025743,0.015671,0.015832,-0.878832,0.476612,0.124274,0.021514,-0.010708,0.005430,0.083688,-0.458899,
1624840843.000000,846677780.000000,0.225015,-0.531160,-0.025837,0.015790,0.015963,-0.879385,0.475582,0.125647,0.023115,-0.013235,-0.014333,0.060440,-0.472852,
1624840843.000000,851680756.000000,0.224385,-0.534775,-0.024337,0.016382,0.016127,-0.880042,0.474340,0.134695,0.026614,-0.007509,-0.037262,0.087755,-0.468844,
1624840843.000000,856683731.000000,0.224131,-0.535405,-0.024410,0.016481,0.016330,-0.880581,0.473327,0.136015,0.028210,-0.010944,-0.032273,0.031132,-0.450649,
1624840843.000000,861685753.000000,0.223910,-0.535972,-0.024416,0.016507,0.016435,-0.881112,0.472334,0.129390,0.027931,-0.006847,-0.020220,0.083944,-0.456949,
1624840843.000000,951671362.000000,0.214093,-0.553394,-0.018292,0.016868,0.015759,-0.890422,0.454550,0.155501,0.026593,0.039011,-0.048368,0.082921,-0.456431,
1624840843.000000,956674576.000000,0.213748,-0.554113,-0.018151,0.016966,0.015921,-0.890933,0.453538,0.154425,0.028337,0.038487,-0.017012,0.069691,-0.448980,
1624840843.000000,961677551.000000,0.213408,-0.554832,-0.018004,0.017041,0.016014,-0.891436,0.452544,0.153354,0.030058,0.038392,-0.003237,-0.004849,-0.443589,
1624840843.000000,966680527.000000,0.213072,-0.555560,-0.017882,0.016980,0.016045,-0.891941,0.451548,0.152588,0.031791,0.037453,-0.033960,0.038408,-0.452112,
1624840843.000000,971683741.000000,0.212704,-0.556257,-0.017675,0.017079,0.016237,-0.892454,0.450522,0.151696,0.027349,0.047040,-0.028021,0.061086,-0.465994,
1624840843.000000,976686478.000000,0.212366,-0.556950,-0.017474,0.017142,0.016302,-0.892975,0.449484,0.150242,0.027009,0.050188,0.023405,0.038865,-0.455437,
1624840843.000000,981688499.000000,0.211209,-0.558809,-0.018159,0.017127,0.016068,-0.893516,0.448417,0.160631,0.021164,0.042081,0.037366,0.056126,-0.448994,
1624840843.000000,986691475.000000,0.210819,-0.559416,-0.017678,0.017323,0.016059,-0.894018,0.447408,0.149436,0.014541,0.073670,0.076383,0.086886,-0.446980,
1624840843.000000,991694689.000000,0.210422,-0.560064,-0.017320,0.017602,0.015941,-0.894517,0.446404,0.145800,0.012301,0.083736,0.117231,0.059603,-0.445844,
1624840843.000000,996697664.000000,0.210026,-0.560692,-0.016905,0.017683,0.015712,-0.895014,0.445411,0.142350,0.010063,0.094592,0.082115,-0.103387,-0.432104,
1624840844.000000,41722775.000000,0.206409,-0.566963,-0.017269,0.016320,0.014975,-0.899275,0.436823,0.157371,0.032384,0.018611,-0.003245,0.063193,-0.456738,
1624840844.000000,46724558.000000,0.206067,-0.567663,-0.017211,0.016509,0.015102,-0.899765,0.435801,0.156192,0.033873,0.017367,0.004081,0.105188,-0.452276,
1624840844.000000,51727533.000000,0.204439,-0.565985,-0.016609,0.017000,0.015277,-0.900289,0.434692,0.152937,0.019918,0.025002,-0.024429,0.088229,-0.459801,
1624840844.000000,56730509.000000,0.204037,-0.566657,-0.016528,0.017125,0.015455,-0.900779,0.433664,0.153972,0.021542,0.023698,-0.019573,0.087729,-0.440820,
1624840844.000000,61733723.000000,0.203651,-0.567286,-0.016456,0.017295,0.015610,-0.901246,0.432682,0.149390,0.020649,0.021764,-0.032851,0.079733,-0.440489,
1624840844.000000,66736698.000000,0.203267,-0.567932,-0.016373,0.017350,0.015775,-0.901724,0.431676,0.148127,0.021412,0.021216,-0.024922,0.020235,-0.441876,
1624840844.000000,71738482.000000,0.202891,-0.568572,-0.016291,0.017319,0.015838,-0.902202,0.430674,0.146695,0.022171,0.020765,-0.031781,-0.003281,-0.457558,
1624840844.000000,76741457.000000,0.202518,-0.569212,-0.016209,0.017297,0.015945,-0.902707,0.429612,0.145378,0.022941,0.020583,-0.005803,0.041237,-0.475939,
1624840844.000000,81744432.000000,0.200001,-0.568387,-0.017656,0.017050,0.015698,-0.903216,0.428561,0.149110,0.000953,0.041566,0.031819,0.059584,-0.451517,
1624840844.000000,86747408.000000,0.199522,-0.568977,-0.017460,0.017243,0.015682,-0.903692,0.427548,0.149050,-0.000658,0.049796,0.072105,0.093172,-0.456500,
1624840844.000000,136775494.000000,0.193611,-0.572437,-0.017567,0.016301,0.014504,-0.908230,0.417902,0.144228,0.001142,0.011102,-0.013637,0.051536,-0.423630,
1624840844.000000,141777515.000000,0.193181,-0.572968,-0.017512,0.016356,0.014631,-0.908681,0.416913,0.142159,0.003727,0.012757,-0.000907,0.086336,-0.447137,
1624840844.000000,146780252.000000,0.192730,-0.573528,-0.017480,0.016631,0.014726,-0.909152,0.415873,0.144733,0.005540,0.011395,0.009736,0.107787,-0.459982,
1624840844.000000,151783466.000000,0.192213,-0.572492,-0.016324,0.017320,0.015056,-0.909618,0.414811,0.148263,0.004031,0.007199,-0.018588,0.107985,-0.457779,
1624840844.000000,156786442.000000,0.191809,-0.572968,-0.016270,0.017533,0.015243,-0.910081,0.413778,0.137477,0.004053,0.009729,-0.024930,0.096829,-0.446052,
1624840844.000000,161789417.000000,0.191375,-0.573502,-0.016254,0.017646,0.015382,-0.910532,0.412775,0.136312,0.005272,0.008707,-0.017480,0.036235,-0.434306,
1624840844.000000,166791201.000000,0.190948,-0.574035,-0.016248,0.017689,0.015470,-0.910975,0.411792,0.135053,0.006479,0.007718,-0.017390,0.053891,-0.430036,
1624840844.000000,171794415.000000,0.190504,-0.574563,-0.016206,0.017734,0.015600,-0.911418,0.410804,0.135212,0.004647,0.013019,-0.048245,-0.011914,-0.439604,
1624840844.000000,176797390.000000,0.190070,-0.575087,-0.016175,0.017568,0.015683,-0.911877,0.409787,0.134525,0.004631,0.014953,-0.027307,-0.029039,-0.455626,
1624840844.000000,181800365.000000,0.188035,-0.575545,-0.019525,0.016967,0.015332,-0.912303,0.408876,0.136816,-0.002901,-0.005287,0.017820,0.036359,-0.470439,
1624840844.000000,226825476.000000,0.183346,-0.578242,-0.020648,0.015997,0.014117,-0.916177,0.400206,0.104826,-0.006129,-0.005007,0.024996,-0.012206,-0.399117,
1624840844.000000,231828451.000000,0.182971,-0.578604,-0.020694,0.016015,0.014072,-0.916579,0.399284,0.105303,-0.005665,-0.005686,0.024162,0.003617,-0.416913,
1624840844.000000,236830473.000000,0.182563,-0.579038,-0.020768,0.016033,0.014078,-0.917007,0.398301,0.116331,-0.001623,-0.008991,-0.009931,0.031834,-0.426875,
1624840844.000000,241833448.000000,0.182156,-0.579468,-0.020841,0.016146,0.014189,-0.917432,0.397311,0.121738,0.000327,-0.010312,-0.002768,0.090304,-0.446752,
1624840844.000000,246836424.000000,0.181735,-0.579925,-0.020920,0.016375,0.014282,-0.917884,0.396253,0.127290,0.002317,-0.011602,0.017802,0.101048,-0.459878,
1624840844.000000,251839399.000000,0.180526,-0.580101,-0.019119,0.017105,0.014683,-0.918355,0.395115,0.138014,0.003998,-0.001752,-0.008991,0.121906,-0.456464,
1624840844.000000,256842613.000000,0.180067,-0.580618,-0.019159,0.017366,0.014885,-0.918796,0.394069,0.139944,0.005633,-0.003725,-0.032543,0.126464,-0.448000,
1624840844.000000,261844635.000000,0.179606,-0.581149,-0.019220,0.017576,0.015080,-0.919226,0.393049,0.141908,0.007279,-0.006279,-0.017683,0.094527,-0.438354,
1624840844.000000,266847372.000000,0.179177,-0.581630,-0.019265,0.017699,0.015199,-0.919651,0.392043,0.134231,0.006293,-0.004847,-0.024853,0.031080,-0.436229,
1624840844.000000,271850348.000000,0.178741,-0.582131,-0.019321,0.017689,0.015314,-0.920082,0.391026,0.132484,0.006871,-0.005327,-0.034735,0.027454,-0.452165,
1624840844.000000,316875458.000000,0.172937,-0.585094,-0.018921,0.017264,0.014664,-0.923840,0.382108,0.081707,0.002134,-0.008140,-0.004645,-0.326372,-0.387009,
1624840844.000000,321878433.000000,0.172671,-0.585376,-0.019009,0.016499,0.014241,-0.924233,0.381207,0.076062,0.004421,-0.017470,0.070053,-0.296061,-0.406232,
1624840844.000000,326881647.000000,0.172432,-0.585652,-0.019127,0.016083,0.013948,-0.924638,0.380251,0.070458,0.006711,-0.025428,0.027132,-0.100126,-0.419142,
1624840844.000000,331883669.000000,0.171900,-0.586174,-0.018993,0.016016,0.013909,-0.925038,0.379281,0.105997,0.004487,-0.001644,0.012950,0.026071,-0.420143,
1624840844.000000,336886644.000000,0.171528,-0.586575,-0.019022,0.016126,0.013934,-0.925438,0.378300,0.112799,0.005483,-0.000540,0.011132,0.051499,-0.427565,
1624840844.000000,341889381.000000,0.171134,-0.587002,-0.019044,0.016303,0.014035,-0.925843,0.377297,0.119593,0.006511,0.000899,-0.016639,0.148241,-0.435074,
1624840844.000000,346892595.000000,0.170446,-0.586463,-0.016645,0.017000,0.014438,-0.926255,0.376236,0.122046,0.007679,0.010483,-0.000954,0.159820,-0.449832,
1624840844.000000,351894617.000000,0.170031,-0.586924,-0.016628,0.017311,0.014555,-0.926675,0.375183,0.126206,0.009580,0.007478,0.018519,0.124221,-0.447843,
1624840844.000000,356897593.000000,0.169608,-0.587407,-0.016622,0.017547,0.014664,-0.927089,0.374142,0.130361,0.011510,0.004778,-0.019800,0.076897,-0.454031,
1624840844.000000,361900330.000000,0.169287,-0.587787,-0.016558,0.017672,0.014849,-0.927513,0.373079,0.116005,0.012149,0.009207,-0.049898,0.109113,-0.455297,
1624840844.000000,452010155.000000,0.157091,-0.594226,-0.014772,0.017055,0.014304,-0.934598,0.355010,0.143698,0.004016,0.017372,0.016325,0.165450,-0.459462,
1624840844.000000,457012892.000000,0.156678,-0.594639,-0.014711,0.017356,0.014444,-0.934999,0.353930,0.133820,0.006826,0.015984,-0.007544,0.111891,-0.456296,
1624840844.000000,462015867.000000,0.156197,-0.595115,-0.014663,0.017552,0.014589,-0.935390,0.352881,0.135003,0.008871,0.014370,-0.032888,0.086475,-0.434991,
1624840844.000000,467019081.000000,0.155719,-0.595598,-0.014627,0.017682,0.014763,-0.935766,0.351868,0.135877,0.010901,0.012381,-0.027855,0.063275,-0.440138,
1624840844.000000,472022057.000000,0.155289,-0.596029,-0.014587,0.017785,0.014879,-0.936150,0.350835,0.126073,0.010561,0.011983,-0.020066,0.061004,-0.429786,
1624840844.000000,477024078.000000,0.154853,-0.596481,-0.014556,0.017803,0.014999,-0.936519,0.349842,0.123305,0.011626,0.010816,-0.049977,-0.043239,-0.430520,
1624840844.000000,482026815.000000,0.152968,-0.596344,-0.015247,0.017446,0.015218,-0.936873,0.348903,0.120158,0.005947,0.000504,-0.052422,-0.027504,-0.454100,
1624840844.000000,487030029.000000,0.152420,-0.596728,-0.015049,0.017439,0.015313,-0.937274,0.347821,0.125026,-0.004586,0.025201,0.007295,0.021472,-0.467954,
1624840844.000000,492032051.000000,0.151924,-0.597117,-0.014928,0.017533,0.015252,-0.937684,0.346712,0.125140,-0.007251,0.033275,0.084094,0.064065,-0.474330,
1624840844.000000,497035027.000000,0.151414,-0.597502,-0.014761,0.017858,0.015118,-0.938090,0.345601,0.125524,-0.009892,0.042019,0.114083,0.141847,-0.460545,
1624840844.000000,542060852.000000,0.145852,-0.599274,-0.013651,0.016519,0.013935,-0.941335,0.336780,0.113079,-0.003596,0.018706,0.008690,0.087243,-0.425214,
1624840844.000000,547062874.000000,0.144691,-0.598105,-0.012420,0.017020,0.014357,-0.941692,0.335738,0.133959,-0.009630,0.013938,-0.006872,0.111019,-0.440261,
1624840844.000000,552065611.000000,0.144181,-0.598531,-0.012507,0.017282,0.014498,-0.942062,0.334678,0.137720,-0.003391,0.000910,-0.019315,0.117780,-0.462426,
1624840844.000000,557068825.000000,0.143631,-0.598963,-0.012540,0.017532,0.014658,-0.942449,0.333569,0.142497,-0.001062,-0.002665,0.003734,0.136425,-0.463757,
1624840844.000000,562071800.000000,0.143065,-0.599418,-0.012590,0.017819,0.014759,-0.942822,0.332491,0.147441,0.001265,-0.005844,-0.004229,0.084119,-0.449686,
1624840844.000000,567073822.000000,0.142564,-0.599828,-0.012582,0.017931,0.014882,-0.943191,0.331433,0.137289,0.002590,0.001207,-0.027076,0.078911,-0.446546,
1624840844.000000,572076797.000000,0.142040,-0.600269,-0.012607,0.018135,0.015059,-0.943553,0.330383,0.136234,0.004506,0.001432,-0.038537,0.112516,-0.440177,
1624840844.000000,577079773.000000,0.141526,-0.600712,-0.012630,0.018312,0.015264,-0.943908,0.329346,0.135107,0.006411,0.001579,-0.044033,0.075304,-0.439060,
1624840844.000000,582082748.000000,0.140018,-0.600687,-0.013194,0.017901,0.015275,-0.944245,0.328401,0.123443,0.006209,-0.008659,-0.063142,-0.039926,-0.434861,
1624840844.000000,587085724.000000,0.139557,-0.601090,-0.013278,0.017718,0.015360,-0.944609,0.327360,0.121623,0.008038,-0.010407,-0.002854,-0.017487,-0.464428,
1624840844.000000,637113810.000000,0.134438,-0.603613,-0.011065,0.016547,0.014025,-0.948104,0.317219,0.098281,-0.003348,0.014433,0.026516,-0.031650,-0.415544,
1624840844.000000,642115831.000000,0.133979,-0.603962,-0.011107,0.016588,0.013950,-0.948443,0.316205,0.112384,0.000283,0.002805,0.020334,0.105384,-0.432731,
1624840844.000000,647119045.000000,0.132454,-0.603407,-0.008961,0.017198,0.014467,-0.948772,0.315162,0.133135,-0.003210,0.036274,-0.016706,0.138685,-0.441098,
1624840844.000000,652121782.000000,0.131900,-0.603810,-0.008803,0.017456,0.014607,-0.949117,0.314101,0.140423,-0.001121,0.034907,-0.001676,0.116576,-0.448569,
1624840844.000000,657124758.000000,0.131318,-0.604245,-0.008661,0.017743,0.014709,-0.949466,0.313021,0.147715,0.001009,0.033493,0.011228,0.129614,-0.458133,
1624840844.000000,662126780.000000,0.130891,-0.604568,-0.008532,0.018033,0.014831,-0.949816,0.311937,0.132220,0.002885,0.030865,-0.021704,0.129561,-0.444400,
1624840844.000000,667129993.000000,0.130360,-0.604980,-0.008403,0.018280,0.015026,-0.950149,0.310897,0.133190,0.004901,0.029717,-0.030568,0.107395,-0.435682,
1624840844.000000,672132969.000000,0.129834,-0.605404,-0.008288,0.018411,0.015155,-0.950487,0.309848,0.133943,0.006945,0.028281,-0.020701,0.017493,-0.445363,
1624840844.000000,677135706.000000,0.129342,-0.605787,-0.008156,0.018381,0.015237,-0.950831,0.308788,0.126567,0.005680,0.030413,-0.031404,0.029420,-0.443280,
1624840844.000000,682138920.000000,0.126568,-0.605633,-0.010240,0.018015,0.015119,-0.951131,0.307890,0.126249,-0.002712,0.005993,-0.038986,0.001033,-0.442022,
1624840844.000000,727163792.000000,0.120839,-0.607897,-0.009469,0.017321,0.014283,-0.954092,0.298672,0.094572,-0.007603,0.011878,0.058708,-0.238005,-0.391903,
1624840844.000000,732166767.000000,0.120436,-0.608135,-0.009402,0.016908,0.013978,-0.954398,0.297730,0.091551,-0.005516,0.008948,0.048983,-0.125689,-0.402561,
1624840844.000000,737169027.000000,0.119913,-0.608446,-0.009244,0.016751,0.013898,-0.954702,0.296767,0.110211,-0.006227,0.022825,0.021313,-0.026667,-0.399496,
1624840844.000000,742172003.000000,0.119430,-0.608745,-0.009141,0.016766,0.013872,-0.955001,0.295803,0.116181,-0.005205,0.024683,-0.001424,0.043964,-0.417354,
1624840844.000000,747174740.000000,0.117912,-0.608026,-0.007170,0.017211,0.014200,-0.955298,0.294801,0.133815,-0.009618,0.029506,-0.000995,0.064550,-0.437769,
1624840844.000000,752177715.000000,0.117377,-0.608361,-0.007080,0.017428,0.014270,-0.955620,0.293740,0.134455,-0.005779,0.021387,0.004824,0.160073,-0.448287,
1624840844.000000,757179976.000000,0.116810,-0.608716,-0.006977,0.017862,0.014426,-0.955943,0.292654,0.138156,-0.003729,0.018470,0.007680,0.152969,-0.450513,
1624840844.000000,762182951.000000,0.116220,-0.609095,-0.006897,0.018112,0.014509,-0.956264,0.291583,0.142196,-0.001660,0.015593,-0.004793,0.092417,-0.441929,
1624840844.000000,767185926.000000,0.115616,-0.609497,-0.006852,0.018303,0.014648,-0.956579,0.290528,0.146369,0.000436,0.012208,-0.033777,0.087619,-0.439776,
1624840844.000000,772188902.000000,0.115122,-0.609836,-0.006758,0.018447,0.014813,-0.956894,0.289471,0.133323,0.002182,0.016938,-0.035908,0.069515,-0.441930,
1624840844.000000,817214012.000000,0.108298,-0.611457,-0.006797,0.018496,0.014271,-0.959649,0.280228,0.101255,-0.008578,0.035912,-0.071099,-0.130240,-0.424576,
1624840844.000000,822216749.000000,0.107866,-0.611696,-0.006600,0.018085,0.014343,-0.959947,0.279230,0.095588,-0.005416,0.033145,-0.002743,-0.234143,-0.401458,
1624840844.000000,827219963.000000,0.107467,-0.611930,-0.006424,0.017432,0.014036,-0.960231,0.278307,0.089883,-0.002273,0.029959,0.057373,-0.233353,-0.387239,
1624840844.000000,832221985.000000,0.106949,-0.612207,-0.006152,0.017038,0.013824,-0.960518,0.277353,0.103835,-0.005456,0.045415,0.050066,-0.156233,-0.411907,
1624840844.000000,837224960.000000,0.106483,-0.612474,-0.005935,0.016794,0.013651,-0.960814,0.276349,0.106159,-0.004803,0.047759,0.028173,-0.004105,-0.419454,
1624840844.000000,842227936.000000,0.106009,-0.612749,-0.005710,0.016919,0.013691,-0.961105,0.275326,0.108317,-0.004147,0.050101,-0.005213,0.046434,-0.436322,
1624840844.000000,847230911.000000,0.105207,-0.612807,-0.007192,0.017142,0.013769,-0.961407,0.274252,0.131268,0.002430,0.003971,-0.008616,0.032556,-0.429119,
1624840844.000000,852232933.000000,0.104633,-0.613188,-0.007211,0.017273,0.013818,-0.961699,0.273213,0.137761,0.004530,0.001192,0.009875,0.099262,-0.449959,
1624840844.000000,857235909.000000,0.104039,-0.613591,-0.007242,0.017587,0.013896,-0.962012,0.272086,0.144096,0.006671,-0.001311,0.022477,0.152612,-0.465356,
1624840844.000000,862239122.000000,0.103495,-0.613961,-0.007294,0.017927,0.013975,-0.962316,0.270982,0.138377,0.008001,-0.003550,-0.003879,0.120831,-0.451234,
1624840844.000000,957303762.000000,0.090873,-0.618064,-0.004843,0.017509,0.013724,-0.967706,0.251099,0.138831,0.009461,0.009805,-0.004217,0.061249,-0.439394,
1624840844.000000,962306499.000000,0.090283,-0.618454,-0.004831,0.017677,0.013819,-0.967981,0.250019,0.141611,0.011579,0.007173,-0.016991,0.095409,-0.460501,
1624840844.000000,967309713.000000,0.089684,-0.618859,-0.004831,0.017862,0.013939,-0.968269,0.248882,0.144603,0.013725,0.004389,-0.015982,0.060730,-0.462947,
1624840844.000000,972312450.000000,0.089106,-0.619240,-0.004812,0.017949,0.014030,-0.968549,0.247779,0.141286,0.013229,0.006357,-0.023302,0.055885,-0.453091,
1624840844.000000,977314472.000000,0.088519,-0.619640,-0.004813,0.018096,0.014158,-0.968825,0.246677,0.141376,0.014300,0.005773,-0.020288,0.082819,-0.454269,
1624840844.000000,982317448.000000,0.087710,-0.618441,-0.004916,0.018302,0.014289,-0.969079,0.245655,0.123415,0.009191,0.001092,-0.022281,0.110180,-0.445673,
1624840844.000000,987320662.000000,0.087177,-0.618727,-0.004774,0.018459,0.014432,-0.969346,0.244580,0.121175,0.004273,0.018759,-0.038346,0.000778,-0.445544,
1624840844.000000,992323637.000000,0.086654,-0.619034,-0.004669,0.018359,0.014487,-0.969625,0.243474,0.120065,0.003310,0.025484,0.014634,0.005553,-0.471136,
1624840844.000000,997325420.000000,0.086124,-0.619339,-0.004538,0.018481,0.014413,-0.969914,0.242316,0.119381,0.002371,0.031958,0.072608,0.040981,-0.470262,
1624840845.000000,2328634.000000,0.085596,-0.619634,-0.004389,0.018632,0.014267,-0.970195,0.241186,0.118482,0.001418,0.037673,0.088422,0.091777,-0.461520,
1624840845.000000,47353506.000000,0.079605,-0.623971,-0.004550,0.017109,0.013482,-0.972479,0.231969,0.125898,0.027123,0.002392,0.014836,0.089062,-0.436970,
1624840845.000000,52356482.000000,0.079068,-0.624407,-0.004621,0.017395,0.013547,-0.972734,0.230872,0.133338,0.029768,-0.004084,0.004194,0.133907,-0.459442,
1624840845.000000,57359695.000000,0.078535,-0.624846,-0.004677,0.017686,0.013640,-0.972995,0.229743,0.137715,0.031716,-0.006862,-0.002235,0.116680,-0.459476,
1624840845.000000,62362671.000000,0.077985,-0.625302,-0.004748,0.017897,0.013734,-0.973254,0.228623,0.142048,0.033679,-0.009546,-0.017065,0.064882,-0.463604,
1624840845.000000,67365646.000000,0.077501,-0.625728,-0.004796,0.018022,0.013843,-0.973514,0.227493,0.133025,0.034646,-0.007561,-0.019338,0.089775,-0.456305,
1624840845.000000,72367430.000000,0.076986,-0.626178,-0.004868,0.018236,0.013956,-0.973765,0.226395,0.132331,0.036194,-0.008602,-0.012826,0.073706,-0.447629,
1624840845.000000,77370644.000000,0.076475,-0.626633,-0.004946,0.018342,0.014038,-0.974016,0.225300,0.131579,0.037738,-0.009629,-0.013917,0.058043,-0.449827,
1624840845.000000,82373619.000000,0.074563,-0.627619,-0.005653,0.018308,0.014066,-0.974258,0.224252,0.132407,0.039754,-0.013415,-0.040430,0.066006,-0.459388,
1624840845.000000,87376595.000000,0.074063,-0.628082,-0.005733,0.018378,0.014219,-0.974513,0.223126,0.130722,0.040080,-0.011470,-0.031139,0.018266,-0.462630,
1624840845.000000,92379808.000000,0.073565,-0.628544,-0.005819,0.018329,0.014248,-0.974768,0.222009,0.129309,0.040396,-0.010414,0.019119,-0.040112,-0.451973,
1624840845.000000,137404680.000000,0.068903,-0.631511,-0.005521,0.016903,0.013012,-0.976943,0.212431,0.111347,0.039839,-0.001063,0.021534,-0.057843,-0.435108,
