1624840312.000000,759345770.000000,0.000022,0.000114,0.000187,-0.001563,0.027238,-0.000135,0.999628,0.000146,0.001592,0.007247,0.002752,-0.004257,-0.000097,
1624840312.000000,764348745.000000,0.000005,0.000122,0.000215,-0.001553,0.027264,-0.000139,0.999627,-0.001641,0.001571,0.006781,-0.000301,0.002815,0.002947,
1624840312.000000,769351721.000000,-0.000000,0.000130,0.000252,-0.001554,0.027243,-0.000128,0.999628,-0.001785,0.001560,0.007388,0.004855,-0.010333,0.000975,
1624840312.000000,774355650.000000,-0.000006,0.000137,0.000294,-0.001539,0.027245,-0.000137,0.999628,-0.001972,0.001549,0.008121,-0.000268,0.016235,-0.004477,
1624840312.000000,779357910.000000,-0.000007,0.000145,0.000346,-0.001544,0.027279,-0.000146,0.999627,-0.001249,0.001535,0.009778,0.004821,-0.005718,-0.003357,
1624840312.000000,784361839.000000,-0.000010,0.000153,0.000397,-0.001525,0.027247,-0.000150,0.999628,-0.001190,0.001523,0.010397,0.001879,0.002218,0.001938,
1624840312.000000,789364815.000000,-0.000013,0.000161,0.000450,-0.001536,0.027269,-0.000141,0.999627,-0.001188,0.001510,0.010992,-0.005782,-0.005661,0.002000,
1624840312.000000,794367790.000000,-0.000035,-0.000008,0.000151,-0.001501,0.027208,-0.000151,0.999629,-0.002030,-0.000470,0.005273,0.003845,-0.011508,-0.000146,
1624840312.000000,799370766.000000,-0.000045,-0.000010,0.000176,-0.001491,0.027218,-0.000151,0.999628,-0.002180,-0.000389,0.005462,-0.001366,0.015292,0.000915,
1624840312.000000,804373741.000000,-0.000055,-0.000011,0.000201,-0.001498,0.027242,-0.000147,0.999628,-0.002340,-0.000308,0.005550,0.002710,-0.007918,0.000935,
1624840312.000000,849401474.000000,-0.000016,0.000025,0.000367,-0.001519,0.027284,-0.000138,0.999627,-0.000894,0.000344,0.008924,0.003841,-0.000359,0.002992,
1624840312.000000,854404688.000000,-0.000027,0.000027,0.000420,-0.001516,0.027206,-0.000128,0.999629,-0.001414,0.000324,0.009543,-0.007755,-0.062087,-0.003199,
1624840312.000000,859407663.000000,0.000067,-0.000044,0.000175,-0.001538,0.026639,-0.000145,0.999644,0.005267,-0.004002,0.010429,-0.024904,-0.407440,-0.008685,
1624840312.000000,864410639.000000,0.000105,-0.000066,0.000232,-0.001579,0.025228,-0.000223,0.999680,0.007264,-0.004973,0.012477,0.007941,-0.633039,-0.077591,
1624840312.000000,869413853.000000,0.000150,-0.000093,0.000302,-0.001534,0.023868,-0.000555,0.999714,0.008960,-0.005937,0.014587,0.020056,-0.383999,-0.184453,
1624840312.000000,874416828.000000,0.000721,-0.000215,0.000408,-0.001498,0.023303,-0.001085,0.999727,0.065950,-0.016440,0.022197,0.031395,-0.117497,-0.221922,
1624840312.000000,879419565.000000,0.001108,-0.000308,0.000504,-0.001431,0.023180,-0.001667,0.999729,0.085346,-0.020267,0.025020,0.016868,0.020554,-0.253472,
1624840312.000000,884422779.000000,0.001590,-0.000420,0.000611,-0.001448,0.023369,-0.002366,0.999723,0.104519,-0.024031,0.028045,-0.007979,0.120280,-0.301623,
1624840312.000000,889425755.000000,0.002120,-0.000527,0.000703,-0.001399,0.023784,-0.003180,0.999711,0.117125,-0.024039,0.025786,0.089727,0.223782,-0.350520,
1624840312.000000,894429684.000000,0.003119,-0.000541,0.000426,-0.001178,0.024359,-0.004093,0.999694,0.144832,-0.024235,0.021178,0.106755,0.251930,-0.388951,
1624840312.000000,939456463.000000,0.006920,-0.001201,-0.001209,-0.001016,0.025337,-0.013157,0.999592,0.121395,-0.016822,-0.020212,-0.006668,0.048241,-0.433872,
1624840312.000000,944459677.000000,0.007522,-0.001304,-0.001350,-0.001054,0.025432,-0.014225,0.999575,0.123715,-0.017530,-0.021930,0.004908,0.056209,-0.424232,
1624840312.000000,949463606.000000,0.008138,-0.001412,-0.001505,-0.001066,0.025601,-0.015294,0.999555,0.126298,-0.018222,-0.023858,-0.006514,0.057970,-0.431720,
1624840312.000000,954466581.000000,0.008701,-0.001466,-0.001655,-0.001120,0.025753,-0.016373,0.999534,0.120893,-0.012303,-0.024392,-0.002633,0.090121,-0.427551,
1624840312.000000,959469795.000000,0.009407,-0.002256,-0.001186,-0.000950,0.026106,-0.017543,0.999505,0.122565,-0.019033,-0.022202,-0.034075,-0.029616,-0.432010,
1624840312.000000,964472532.000000,0.010010,-0.002370,-0.001338,-0.001112,0.025929,-0.018633,0.999489,0.123218,-0.017525,-0.025004,-0.054751,-0.031583,-0.441653,
1624840312.000000,969475508.000000,0.010655,-0.002519,-0.001368,-0.001237,0.025948,-0.019736,0.999468,0.127268,-0.020101,-0.013572,-0.017332,-0.003283,-0.439551,
1624840312.000000,974478722.000000,0.011291,-0.002645,-0.001461,-0.001224,0.025909,-0.020841,0.999446,0.129219,-0.019799,-0.011531,0.058252,0.007188,-0.449022,
1624840312.000000,979481697.000000,0.011935,-0.002771,-0.001537,-0.001034,0.026057,-0.021994,0.999418,0.131047,-0.019480,-0.008998,0.100102,0.119867,-0.467230,
1624840312.000000,984484673.000000,0.012566,-0.002942,-0.001498,-0.000836,0.026514,-0.023190,0.999379,0.129263,-0.025647,0.009496,0.063841,0.253342,-0.486358,
1624840313.000000,29512644.000000,0.020886,-0.004775,0.000979,-0.000279,0.025384,-0.033052,0.999131,0.156791,-0.023845,0.022879,0.000056,0.108677,-0.424988,
1624840313.000000,34515858.000000,0.021678,-0.004943,0.001052,-0.000310,0.025622,-0.034125,0.999089,0.161718,-0.021801,0.020483,0.001931,0.069401,-0.432455,
1624840313.000000,39518833.000000,0.022494,-0.005103,0.001107,-0.000297,0.025777,-0.035211,0.999047,0.166707,-0.019730,0.017753,0.023421,0.079470,-0.435638,
1624840313.000000,44521809.000000,0.023282,-0.005252,0.001155,-0.000284,0.025926,-0.036310,0.999004,0.164008,-0.017451,0.016556,-0.007316,-0.004285,-0.445188,
1624840313.000000,49525738.000000,0.024102,-0.005395,0.001189,-0.000378,0.025880,-0.037442,0.998964,0.165919,-0.015276,0.014754,-0.031100,0.035398,-0.462258,
1624840313.000000,54528475.000000,0.024931,-0.005529,0.001215,-0.000492,0.026114,-0.038611,0.998913,0.167869,-0.013079,0.013113,-0.049992,0.104800,-0.472946,
1624840313.000000,59531689.000000,0.025408,-0.005372,0.000192,-0.000638,0.026590,-0.039934,0.998848,0.161041,-0.014992,0.004299,-0.029038,0.071378,-0.459338,
1624840313.000000,64534664.000000,0.026207,-0.005515,0.000164,-0.000689,0.026737,-0.041064,0.998798,0.161334,-0.015677,0.004277,-0.009368,0.049096,-0.449644,
1624840313.000000,69537640.000000,0.027002,-0.005661,0.000141,-0.000751,0.026810,-0.042199,0.998749,0.161280,-0.016358,0.004630,-0.012854,-0.000499,-0.463495,
1624840313.000000,74540377.000000,0.027796,-0.005813,0.000125,-0.000785,0.026844,-0.043371,0.998698,0.161152,-0.017027,0.005410,0.014837,0.071836,-0.468948,
1624840313.000000,164596796.000000,0.040134,-0.009059,-0.000811,-0.000253,0.027053,-0.063630,0.997607,0.150762,-0.015409,-0.007529,-0.023593,0.040518,-0.453165,
1624840313.000000,169599771.000000,0.040868,-0.009266,-0.000789,-0.000328,0.027102,-0.064792,0.997531,0.149703,-0.019615,0.004079,-0.030506,0.049604,-0.473664,
1624840313.000000,174602747.000000,0.041592,-0.009464,-0.000772,-0.000404,0.027209,-0.065962,0.997451,0.148396,-0.021240,0.010205,0.021000,-0.036544,-0.459808,
1624840313.000000,179605961.000000,0.042305,-0.009671,-0.000732,-0.000283,0.027042,-0.067112,0.997379,0.146793,-0.022879,0.015762,0.091967,-0.003806,-0.468106,
1624840313.000000,184608936.000000,0.043010,-0.009886,-0.000688,-0.000075,0.027218,-0.068304,0.997293,0.145245,-0.024508,0.020164,0.080152,0.115578,-0.473703,
1624840313.000000,189611435.000000,0.043330,-0.010226,-0.000010,-0.000003,0.027759,-0.069545,0.997193,0.138677,-0.027875,0.032345,0.043736,0.166916,-0.457787,
1624840313.000000,194614649.000000,0.044002,-0.010464,0.000129,0.000108,0.028066,-0.070676,0.997104,0.136656,-0.029206,0.036677,0.066012,0.036131,-0.448177,
1624840313.000000,199617624.000000,0.044664,-0.010709,0.000292,0.000231,0.027919,-0.071769,0.997030,0.134825,-0.030550,0.041169,0.045179,-0.118474,-0.417412,
1624840313.000000,204620600.000000,0.045215,-0.010895,0.000302,0.000246,0.027495,-0.072797,0.996968,0.122605,-0.026619,0.027006,0.032906,-0.224971,-0.421353,
1624840313.000000,209623575.000000,0.045793,-0.011115,0.000400,0.000287,0.026879,-0.073885,0.996904,0.117187,-0.026434,0.025271,0.055589,-0.229785,-0.441908,
1624840313.000000,254651785.000000,0.052306,-0.013056,-0.001137,0.000052,0.026825,-0.083932,0.996110,0.155819,-0.012860,-0.018859,-0.033909,0.025215,-0.465482,
1624840313.000000,259654760.000000,0.052845,-0.013181,-0.000592,0.000065,0.027164,-0.085141,0.995999,0.146507,-0.011365,-0.011274,-0.011470,0.032294,-0.465358,
1624840313.000000,264657736.000000,0.053554,-0.013418,-0.000556,0.000007,0.027257,-0.086304,0.995896,0.146683,-0.016857,0.001981,-0.024176,0.113986,-0.465468,
1624840313.000000,269660950.000000,0.054258,-0.013630,-0.000570,-0.000048,0.027564,-0.087435,0.995789,0.146256,-0.017797,0.005443,-0.000033,0.027508,-0.437802,
1624840313.000000,274663687.000000,0.054950,-0.013846,-0.000568,-0.000037,0.027482,-0.088529,0.995694,0.145183,-0.018759,0.008692,0.026998,0.008768,-0.457713,
1624840313.000000,279667616.000000,0.055598,-0.014093,-0.000433,0.000036,0.027609,-0.089708,0.995585,0.138273,-0.024219,0.028165,0.057580,0.039609,-0.472024,
1624840313.000000,284670830.000000,0.056256,-0.014343,-0.000305,0.000188,0.027664,-0.090875,0.995478,0.135635,-0.026968,0.037262,0.073851,0.060387,-0.467467,
1624840313.000000,289673805.000000,0.056994,-0.014740,-0.000452,0.000446,0.027618,-0.092070,0.995369,0.140426,-0.033542,0.044982,0.082183,0.064428,-0.461392,
1624840313.000000,294676781.000000,0.057555,-0.014936,-0.000527,0.000623,0.027735,-0.093190,0.995262,0.126379,-0.026315,0.020016,0.062181,0.050327,-0.430485,
1624840313.000000,299679995.000000,0.058146,-0.015180,-0.000469,0.000695,0.027735,-0.094229,0.995164,0.121042,-0.025807,0.017508,0.020447,-0.078247,-0.405873,
1624840313.000000,344707727.000000,0.064363,-0.016916,-0.000943,0.000608,0.027129,-0.104011,0.994206,0.153805,-0.009287,-0.015239,-0.029211,0.006203,-0.455955,
1624840313.000000,349710703.000000,0.065104,-0.017117,-0.001068,0.000454,0.027133,-0.105161,0.994085,0.154893,-0.007510,-0.018194,-0.047910,0.033852,-0.463658,
1624840313.000000,354713678.000000,0.065641,-0.017368,-0.000826,0.000510,0.027361,-0.106350,0.993952,0.148671,-0.006733,-0.006675,-0.018845,-0.029344,-0.446675,
1624840313.000000,359716654.000000,0.066345,-0.017616,-0.000857,0.000432,0.027246,-0.107459,0.993836,0.148868,-0.012031,-0.003420,-0.017644,-0.001395,-0.457113,
1624840313.000000,364719629.000000,0.067054,-0.017835,-0.000915,0.000342,0.027404,-0.108609,0.993707,0.148933,-0.012551,-0.003776,-0.043311,0.087923,-0.458487,
1624840313.000000,369722605.000000,0.067761,-0.018059,-0.000987,0.000261,0.027624,-0.109739,0.993576,0.148991,-0.013076,-0.005087,0.006412,0.080084,-0.461406,
1624840313.000000,374725819.000000,0.068439,-0.018304,-0.000941,0.000327,0.027790,-0.110885,0.993445,0.144861,-0.017129,0.011198,0.032633,0.057829,-0.447839,
1624840313.000000,379728794.000000,0.069125,-0.018553,-0.000908,0.000386,0.027886,-0.111987,0.993318,0.143899,-0.019078,0.017956,0.044863,0.024989,-0.449629,
1624840313.000000,384732723.000000,0.069807,-0.018812,-0.000841,0.000522,0.027990,-0.113133,0.993185,0.142951,-0.021014,0.024699,0.072851,0.106045,-0.462687,
1624840313.000000,389735699.000000,0.070224,-0.019614,-0.000738,0.000771,0.028110,-0.114340,0.993044,0.128145,-0.030738,0.034126,0.073883,0.051359,-0.436208,
1624840313.000000,439766645.000000,0.076772,-0.022012,-0.000778,0.001032,0.027024,-0.125008,0.991787,0.152481,-0.012009,-0.002187,0.007047,0.190853,-0.437331,
1624840313.000000,444769382.000000,0.077506,-0.022259,-0.000829,0.001003,0.027390,-0.126076,0.991642,0.156211,-0.010325,-0.003605,-0.031679,0.100100,-0.428673,
1624840313.000000,449772596.000000,0.078256,-0.022503,-0.000896,0.000905,0.027533,-0.127143,0.991502,0.159733,-0.008626,-0.005565,-0.035789,0.002707,-0.435106,
1624840313.000000,454775572.000000,0.078934,-0.022740,-0.000960,0.000788,0.027516,-0.128234,0.991362,0.150708,-0.009579,-0.006557,-0.029415,0.004360,-0.446826,
1624840313.000000,459778547.000000,0.079509,-0.023330,-0.001110,0.000804,0.027589,-0.129399,0.991208,0.143829,-0.015130,-0.004657,-0.028290,0.002937,-0.440620,
1624840313.000000,464781761.000000,0.080179,-0.023586,-0.001175,0.000723,0.027532,-0.130487,0.991067,0.142610,-0.014551,-0.005583,0.003516,-0.054532,-0.445775,
1624840313.000000,469784737.000000,0.080881,-0.023904,-0.001163,0.000686,0.027481,-0.131612,0.990920,0.146689,-0.019779,0.002680,-0.026888,0.063373,-0.457640,
1624840313.000000,474787474.000000,0.081562,-0.024194,-0.001166,0.000606,0.027730,-0.132730,0.990764,0.146951,-0.021041,0.006533,-0.004286,0.053485,-0.441688,
1624840313.000000,479790688.000000,0.082240,-0.024492,-0.001160,0.000672,0.027771,-0.133815,0.990617,0.147046,-0.022314,0.009666,0.064529,0.045274,-0.439370,
1624840313.000000,484793663.000000,0.082883,-0.024802,-0.001049,0.000845,0.027957,-0.134923,0.990461,0.141727,-0.025457,0.026134,0.067687,0.096230,-0.449103,
1624840313.000000,534824610.000000,0.088467,-0.027699,-0.000974,0.001180,0.026608,-0.145554,0.988992,0.140939,-0.018203,0.006315,-0.006905,0.092791,-0.432291,
1624840313.000000,539827824.000000,0.089131,-0.027989,-0.000981,0.001169,0.026856,-0.146628,0.988826,0.145731,-0.016324,0.004533,0.002530,0.093927,-0.440671,
1624840313.000000,544830799.000000,0.089819,-0.028279,-0.001001,0.001210,0.027083,-0.147735,0.988655,0.150480,-0.014414,0.002598,0.022968,0.104204,-0.451428,
1624840313.000000,549834967.000000,0.090466,-0.028554,-0.001029,0.001237,0.027299,-0.148839,0.988484,0.146220,-0.013250,0.001424,-0.017365,0.044392,-0.435484,
1624840313.000000,554837942.000000,0.091304,-0.028776,-0.001213,0.001243,0.027537,-0.149985,0.988304,0.147814,-0.010114,-0.000312,-0.043245,0.051909,-0.444927,
1624840313.000000,559840679.000000,0.092000,-0.029042,-0.001258,0.001130,0.027708,-0.151097,0.988130,0.149172,-0.008499,-0.001626,-0.044107,0.040209,-0.447368,
1624840313.000000,564843416.000000,0.092666,-0.029359,-0.001250,0.001014,0.027726,-0.152191,0.987962,0.148055,-0.013663,0.003066,-0.014460,-0.027124,-0.447120,
1624840313.000000,569846630.000000,0.093351,-0.029649,-0.001277,0.000986,0.027674,-0.153314,0.987789,0.148416,-0.014121,0.003145,0.016671,0.006595,-0.460026,
1624840313.000000,574849606.000000,0.094040,-0.029944,-0.001291,0.000966,0.027772,-0.154449,0.987610,0.149013,-0.014575,0.004383,-0.038540,0.061067,-0.454733,
1624840313.000000,579852581.000000,0.094733,-0.030265,-0.001144,0.000880,0.027985,-0.155560,0.987429,0.149637,-0.017865,0.026487,0.011684,0.104277,-0.450369,
1624840313.000000,664769411.000000,0.105218,-0.035899,-0.001765,0.001476,0.028069,-0.173815,0.984377,0.152461,-0.010664,0.000635,-0.018634,0.069008,-0.438784,
1624840313.000000,669772625.000000,0.105916,-0.036208,-0.001798,0.001434,0.028205,-0.174905,0.984180,0.151969,-0.009581,0.000968,-0.027758,-0.012547,-0.446297,
1624840313.000000,674775600.000000,0.106608,-0.036552,-0.001760,0.001303,0.028099,-0.176013,0.983986,0.152216,-0.014158,0.010858,-0.013424,-0.026778,-0.457960,
1624840313.000000,679778576.000000,0.107298,-0.036886,-0.001740,0.001291,0.028104,-0.177150,0.983782,0.151861,-0.015332,0.014101,0.018981,0.002015,-0.461248,
1624840313.000000,684781790.000000,0.107984,-0.037227,-0.001704,0.001349,0.028175,-0.178280,0.983575,0.151553,-0.016508,0.017294,0.049601,0.114227,-0.455853,
1624840313.000000,689784288.000000,0.107904,-0.038308,-0.001955,0.001577,0.028191,-0.179374,0.983376,0.137093,-0.035720,0.029696,0.076405,0.128408,-0.430436,
1624840313.000000,694787264.000000,0.108488,-0.038725,-0.001825,0.001779,0.028370,-0.180418,0.983179,0.135315,-0.037989,0.038487,0.076417,0.062783,-0.424883,
1624840313.000000,699790478.000000,0.109059,-0.039151,-0.001644,0.001930,0.028483,-0.181477,0.982981,0.133427,-0.040258,0.047670,0.044479,0.053470,-0.428294,
1624840313.000000,704794407.000000,0.109564,-0.039509,-0.001611,0.001987,0.028467,-0.182514,0.982789,0.122212,-0.034972,0.028408,0.037835,-0.100521,-0.411202,
1624840313.000000,709797382.000000,0.110065,-0.039887,-0.001507,0.001967,0.027977,-0.183520,0.982616,0.116697,-0.034274,0.025673,0.032813,-0.252009,-0.408970,
1624840313.000000,759827614.000000,0.115585,-0.042507,-0.002445,0.001891,0.027874,-0.194145,0.980575,0.147260,-0.009499,-0.015260,-0.008735,0.121475,-0.445386,
1624840313.000000,764831543.000000,0.116248,-0.042828,-0.002569,0.001898,0.028145,-0.195213,0.980355,0.149212,-0.007641,-0.017968,-0.009734,0.087402,-0.428249,
1624840313.000000,769834757.000000,0.116824,-0.043173,-0.002611,0.001855,0.028324,-0.196270,0.980139,0.142738,-0.012031,-0.011765,-0.027909,0.055448,-0.443075,
1624840313.000000,774837494.000000,0.117450,-0.043500,-0.002707,0.001768,0.028470,-0.197378,0.979912,0.141922,-0.011979,-0.011793,-0.034365,0.053354,-0.456062,
1624840313.000000,779840469.000000,0.118074,-0.043829,-0.002810,0.001674,0.028502,-0.198495,0.979686,0.141261,-0.011925,-0.012224,-0.014141,-0.079467,-0.459135,
1624840313.000000,784843445.000000,0.119491,-0.044481,-0.002993,0.001685,0.028103,-0.199648,0.979463,0.146249,-0.024535,0.023915,0.050790,-0.023811,-0.475216,
1624840313.000000,789846659.000000,0.120114,-0.044886,-0.002903,0.001854,0.028237,-0.200821,0.979219,0.145097,-0.027230,0.031878,0.066107,0.139504,-0.471102,
1624840313.000000,794849634.000000,0.120733,-0.045306,-0.002771,0.002085,0.028654,-0.201932,0.978978,0.144326,-0.029934,0.040012,0.091140,0.218770,-0.427399,
1624840313.000000,799852610.000000,0.121245,-0.045641,-0.002768,0.002382,0.029044,-0.202945,0.978756,0.130555,-0.027332,0.029899,0.078936,0.082792,-0.405868,
1624840313.000000,804855585.000000,0.121784,-0.046027,-0.002646,0.002479,0.028990,-0.203944,0.978550,0.125557,-0.028474,0.033141,0.039064,-0.069955,-0.403921,
1624840313.000000,849883556.000000,0.126504,-0.048737,-0.003313,0.001953,0.027128,-0.213199,0.976630,0.149377,-0.004710,-0.000289,0.023262,0.029564,-0.438027,
1624840313.000000,854886532.000000,0.127575,-0.049328,-0.003711,0.002195,0.027573,-0.214360,0.976363,0.165408,0.001197,-0.030837,0.017226,0.050997,-0.449909,
1624840313.000000,859889269.000000,0.128212,-0.049716,-0.003707,0.002216,0.027907,-0.215475,0.976108,0.159647,-0.006274,-0.013099,-0.027916,0.259193,-0.465850,
1624840313.000000,864893436.000000,0.128920,-0.050080,-0.003807,0.002266,0.028678,-0.216613,0.975834,0.161470,-0.005956,-0.011424,-0.032191,0.259031,-0.462778,
1624840313.000000,869896412.000000,0.129639,-0.050450,-0.003909,0.002273,0.029100,-0.217720,0.975575,0.163471,-0.005640,-0.010301,-0.006575,0.099525,-0.447742,
1624840313.000000,874899626.000000,0.130258,-0.050804,-0.003993,0.002235,0.029214,-0.218807,0.975328,0.150081,-0.009371,-0.007390,-0.035030,-0.023903,-0.447719,
1624840313.000000,879902601.000000,0.130903,-0.051166,-0.004069,0.002075,0.029097,-0.219897,0.975087,0.145883,-0.010714,-0.004765,-0.017561,-0.060496,-0.443561,
1624840313.000000,884905577.000000,0.131525,-0.051526,-0.004127,0.002040,0.028903,-0.220981,0.974848,0.141569,-0.012080,-0.002237,0.041516,-0.126310,-0.450876,
1624840313.000000,889908552.000000,0.132900,-0.051616,-0.005212,0.002006,0.028487,-0.222115,0.974602,0.140651,-0.006224,-0.015575,0.056485,-0.039704,-0.474431,
1624840313.000000,894911528.000000,0.133576,-0.052032,-0.005057,0.002155,0.028605,-0.223273,0.974334,0.146089,-0.012539,0.012962,0.071210,0.152896,-0.461798,
1624840313.000000,939939499.000000,0.138215,-0.055169,-0.005647,0.002383,0.026911,-0.232457,0.972231,0.144114,-0.001877,-0.022449,0.010924,0.140804,-0.412632,
1624840313.000000,944942236.000000,0.138862,-0.055505,-0.005805,0.002437,0.027285,-0.233474,0.971977,0.150361,-0.000437,-0.025352,-0.001289,0.120446,-0.425493,
1624840313.000000,949945450.000000,0.139538,-0.055850,-0.005980,0.002489,0.027549,-0.234532,0.971715,0.156530,0.001039,-0.028398,0.011772,0.141452,-0.446774,
1624840313.000000,954948425.000000,0.140359,-0.056520,-0.005020,0.002735,0.028188,-0.235715,0.971410,0.170598,0.001041,-0.011525,0.013957,0.027447,-0.443795,
1624840313.000000,959951401.000000,0.141128,-0.056909,-0.005127,0.002696,0.028120,-0.236789,0.971150,0.176369,0.002596,-0.013675,-0.012631,-0.006592,-0.448861,
1624840313.000000,964954615.000000,0.141926,-0.057305,-0.005250,0.002614,0.028272,-0.237892,0.970877,0.182144,0.004192,-0.015784,-0.054250,0.086023,-0.454416,
1624840313.000000,969957590.000000,0.142406,-0.057593,-0.005211,0.002538,0.028528,-0.238972,0.970604,0.160924,0.001560,-0.006583,-0.002440,0.099466,-0.437291,
1624840313.000000,974961281.000000,0.143122,-0.057959,-0.005329,0.002594,0.028733,-0.240023,0.970338,0.161087,0.002185,-0.008716,-0.005813,0.061471,-0.432950,
1624840313.000000,979964495.000000,0.143834,-0.058322,-0.005435,0.002490,0.028834,-0.241086,0.970072,0.160879,0.002813,-0.009720,-0.054453,0.005099,-0.446836,
1624840313.000000,984967470.000000,0.144524,-0.058732,-0.005352,0.002372,0.028836,-0.242195,0.969796,0.159305,-0.004402,0.012651,0.009361,-0.011902,-0.470276,
1624840314.000000,34998417.000000,0.149320,-0.064001,-0.005264,0.002747,0.026560,-0.252787,0.967153,0.146146,-0.017472,0.004563,0.011909,0.034012,-0.425569,
1624840314.000000,40001631.000000,0.149926,-0.064440,-0.005282,0.002811,0.026821,-0.253812,0.966878,0.151817,-0.016595,0.003650,0.011799,0.124458,-0.416150,
1624840314.000000,45004606.000000,0.150558,-0.064890,-0.005305,0.002884,0.027078,-0.254804,0.966609,0.157453,-0.015706,0.002775,0.010850,0.108534,-0.409609,
1624840314.000000,50007582.000000,0.151193,-0.065321,-0.005345,0.002974,0.027313,-0.255824,0.966333,0.157807,-0.012722,-0.000194,0.046818,0.080387,-0.440471,
1624840314.000000,55010796.000000,0.150347,-0.066064,-0.004495,0.003194,0.027540,-0.256956,0.966025,0.151835,-0.018977,0.006801,-0.028033,0.060890,-0.459861,
1624840314.000000,60013533.000000,0.150971,-0.066526,-0.004510,0.003050,0.027715,-0.258054,0.965728,0.155944,-0.017198,0.004627,-0.050522,0.047165,-0.452282,
1624840314.000000,65016270.000000,0.151530,-0.066950,-0.004542,0.002996,0.027787,-0.259137,0.965436,0.149567,-0.016054,0.001156,0.007769,-0.010922,-0.445868,
1624840314.000000,70019484.000000,0.152139,-0.067392,-0.004591,0.002988,0.027837,-0.260208,0.965147,0.150261,-0.014487,-0.002130,-0.014534,0.111963,-0.441622,
1624840314.000000,75023413.000000,0.152752,-0.067830,-0.004657,0.002994,0.028251,-0.261270,0.964848,0.150897,-0.012918,-0.005376,-0.028786,0.139289,-0.441602,
1624840314.000000,80026388.000000,0.153335,-0.068285,-0.004646,0.002977,0.028504,-0.262342,0.964549,0.147921,-0.016825,0.003985,-0.014709,0.091157,-0.450120,
1624840314.000000,165046453.000000,0.159897,-0.075778,-0.004057,0.003435,0.027555,-0.280024,0.959591,0.139846,-0.016208,0.001210,-0.041695,0.090439,-0.466264,
1624840314.000000,170049191.000000,0.160444,-0.076219,-0.004092,0.003410,0.027803,-0.281110,0.959267,0.140345,-0.014374,-0.000179,-0.008308,0.056110,-0.445757,
1624840314.000000,175052404.000000,0.160981,-0.076684,-0.004149,0.003356,0.027840,-0.282174,0.958953,0.141247,-0.017266,-0.003046,-0.033645,-0.013652,-0.442614,
1624840314.000000,180056095.000000,0.161528,-0.077140,-0.004207,0.003218,0.027896,-0.283246,0.958636,0.142128,-0.017316,-0.004457,-0.042639,0.052020,-0.458545,
1624840314.000000,185059071.000000,0.162077,-0.077601,-0.004272,0.003165,0.028052,-0.284367,0.958300,0.143040,-0.017347,-0.006063,-0.008308,0.012744,-0.475697,
1624840314.000000,190062284.000000,0.162508,-0.078244,-0.004492,0.003069,0.027755,-0.285514,0.957968,0.138213,-0.033156,0.031240,0.049046,0.047387,-0.495891,
1624840314.000000,195065260.000000,0.162994,-0.078770,-0.004352,0.003295,0.027941,-0.286713,0.957603,0.138150,-0.036872,0.041932,0.097306,0.123703,-0.493871,
1624840314.000000,200067997.000000,0.163478,-0.079319,-0.004148,0.003608,0.028213,-0.287868,0.957248,0.138573,-0.040582,0.053376,0.103576,0.172915,-0.462923,
1624840314.000000,205071211.000000,0.163879,-0.079756,-0.004090,0.003903,0.028514,-0.288928,0.956918,0.121805,-0.034365,0.036308,0.067446,0.073220,-0.416036,
1624840314.000000,210074186.000000,0.164283,-0.080229,-0.003942,0.003988,0.028496,-0.289917,0.956619,0.115731,-0.034195,0.036505,0.032077,-0.023425,-0.424290,
1624840314.000000,260105133.000000,0.169570,-0.084555,-0.004769,0.003795,0.027408,-0.300086,0.953511,0.147254,-0.011082,-0.010951,-0.024280,0.029952,-0.450146,
1624840314.000000,265108347.000000,0.170149,-0.085023,-0.004876,0.003755,0.027539,-0.301155,0.953170,0.151302,-0.008984,-0.015297,-0.010422,0.096274,-0.444895,
1624840314.000000,270111322.000000,0.170646,-0.085470,-0.004867,0.003803,0.027819,-0.302200,0.952831,0.144004,-0.011229,-0.005405,0.000327,0.089915,-0.433125,
1624840314.000000,275114298.000000,0.171202,-0.085930,-0.004937,0.003805,0.027994,-0.303228,0.952499,0.144637,-0.010498,-0.005608,-0.024116,0.079315,-0.434155,
1624840314.000000,280118465.000000,0.171761,-0.086390,-0.005007,0.003727,0.028197,-0.304276,0.952159,0.145069,-0.009759,-0.005685,-0.057277,0.025204,-0.450151,
1624840314.000000,285120249.000000,0.172282,-0.086869,-0.004962,0.003600,0.028228,-0.305361,0.951811,0.141725,-0.014960,0.008910,0.003131,0.011423,-0.460870,
1624840314.000000,290124416.000000,0.172559,-0.087474,-0.005192,0.003619,0.027689,-0.306458,0.951475,0.134845,-0.023546,0.024803,0.076156,0.018582,-0.462981,
1624840314.000000,295127392.000000,0.173040,-0.087969,-0.005088,0.003804,0.027703,-0.307555,0.951119,0.134091,-0.025218,0.030913,0.078174,0.062612,-0.450259,
1624840314.000000,300130367.000000,0.173441,-0.088420,-0.004929,0.004007,0.027886,-0.308621,0.950768,0.123095,-0.027123,0.039394,0.054647,0.119190,-0.449040,
1624840314.000000,305133343.000000,0.173854,-0.088891,-0.004741,0.004190,0.028099,-0.309674,0.950418,0.118355,-0.028919,0.046869,0.068311,0.070610,-0.421615,
1624840314.000000,355164289.000000,0.178902,-0.093483,-0.005203,0.004248,0.026927,-0.319623,0.947153,0.150475,-0.009378,0.004063,0.004494,0.082383,-0.456707,
1624840314.000000,360167265.000000,0.179484,-0.093980,-0.005225,0.004275,0.027097,-0.320690,0.946787,0.155200,-0.007457,0.002722,-0.009166,0.076297,-0.445923,
1624840314.000000,365170240.000000,0.179981,-0.094424,-0.005252,0.004254,0.027281,-0.321739,0.946426,0.147318,-0.007231,0.001033,-0.026354,0.035622,-0.443785,
1624840314.000000,370173216.000000,0.180547,-0.094901,-0.005291,0.004177,0.027401,-0.322796,0.946063,0.148388,-0.005817,-0.000622,-0.040116,0.082316,-0.453367,
1624840314.000000,375176191.000000,0.181121,-0.095378,-0.005344,0.004151,0.027692,-0.323869,0.945688,0.149605,-0.004388,-0.002691,-0.017945,0.089915,-0.451334,
1624840314.000000,380179167.000000,0.181661,-0.095872,-0.005356,0.004144,0.027796,-0.324932,0.945320,0.147319,-0.008643,0.002383,0.000472,-0.002927,-0.453326,
1624840314.000000,385183334.000000,0.182166,-0.096676,-0.006035,0.004040,0.027426,-0.325984,0.944969,0.141814,-0.016583,0.003829,-0.007056,-0.011680,-0.460922,
1624840314.000000,390186310.000000,0.182671,-0.097180,-0.006051,0.004016,0.027484,-0.327076,0.944590,0.140954,-0.017481,0.006082,0.005595,0.050261,-0.463049,
1624840314.000000,395189524.000000,0.183131,-0.097701,-0.005858,0.004112,0.027638,-0.328160,0.944209,0.136901,-0.022447,0.029365,0.056742,0.093664,-0.449246,
1624840314.000000,400192261.000000,0.183600,-0.098220,-0.005727,0.004343,0.027764,-0.329210,0.943838,0.135238,-0.024640,0.038144,0.104810,0.042090,-0.440606,
1624840314.000000,440217257.000000,0.186624,-0.101626,-0.005600,0.004447,0.026106,-0.337256,0.941040,0.122292,-0.013417,0.003981,0.027197,0.007843,-0.418340,
1624840314.000000,445220232.000000,0.187063,-0.102072,-0.005616,0.004490,0.026172,-0.338248,0.940682,0.126670,-0.012258,0.002889,0.015252,0.049353,-0.427844,
1624840314.000000,450223207.000000,0.187522,-0.102527,-0.005637,0.004535,0.026302,-0.339279,0.940307,0.130996,-0.011069,0.001882,0.001570,0.063035,-0.448136,
1624840314.000000,455226183.000000,0.188184,-0.103196,-0.005386,0.004639,0.026712,-0.340355,0.939906,0.144582,-0.008670,0.000718,-0.009154,0.051336,-0.460893,
1624840314.000000,460229158.000000,0.188713,-0.103691,-0.005417,0.004657,0.026842,-0.341434,0.939511,0.146835,-0.007169,-0.000567,0.018488,0.063876,-0.451432,
1624840314.000000,465232134.000000,0.189254,-0.104188,-0.005438,0.004710,0.027013,-0.342484,0.939123,0.148990,-0.005673,-0.000660,-0.031063,0.075757,-0.451209,
1624840314.000000,470235348.000000,0.189806,-0.104687,-0.005454,0.004620,0.027206,-0.343539,0.938733,0.151088,-0.004162,-0.000367,-0.031957,0.040817,-0.441866,
1624840314.000000,475238323.000000,0.190314,-0.105163,-0.005522,0.004570,0.027300,-0.344579,0.938349,0.147021,-0.004613,-0.005999,-0.035330,0.035203,-0.460703,
1624840314.000000,480241060.000000,0.190845,-0.105644,-0.005572,0.004467,0.027440,-0.345679,0.937941,0.146374,-0.003746,-0.007358,-0.033904,0.038705,-0.465393,
1624840314.000000,485244274.000000,0.191258,-0.106431,-0.006035,0.004450,0.027163,-0.346722,0.937564,0.140929,-0.008069,-0.003106,-0.014352,-0.081697,-0.448137,
1624840314.000000,535275459.000000,0.195206,-0.111943,-0.005109,0.004773,0.026029,-0.357003,0.933728,0.131099,-0.022309,0.033840,0.019365,-0.087573,-0.409861,
1624840314.000000,540278196.000000,0.195643,-0.112478,-0.005000,0.004803,0.025862,-0.357958,0.933367,0.135231,-0.020820,0.032157,0.049888,-0.024825,-0.414984,
1624840314.000000,545282364.000000,0.196097,-0.113020,-0.004881,0.004886,0.025865,-0.358949,0.932986,0.139142,-0.019310,0.031522,0.038838,0.061927,-0.424818,
1624840314.000000,550285339.000000,0.196586,-0.113575,-0.004823,0.005006,0.026062,-0.359951,0.932594,0.145731,-0.016651,0.023712,0.004983,0.107810,-0.439543,
1624840314.000000,555288076.000000,0.196338,-0.113829,-0.005201,0.005205,0.026597,-0.361016,0.932166,0.138847,-0.013631,0.005779,-0.010174,0.064452,-0.449233,
1624840314.000000,560291290.000000,0.196815,-0.114352,-0.005216,0.005169,0.026686,-0.362060,0.931758,0.143023,-0.011630,0.002422,-0.026932,0.011928,-0.450166,
1624840314.000000,565294266.000000,0.197235,-0.114840,-0.005195,0.005105,0.026766,-0.363120,0.931344,0.136908,-0.012281,0.004955,0.001418,0.046963,-0.462964,
1624840314.000000,570297003.000000,0.197696,-0.115345,-0.005229,0.005140,0.026948,-0.364195,0.930919,0.137208,-0.011159,0.001854,-0.036162,0.099086,-0.453506,
1624840314.000000,575300217.000000,0.198159,-0.115847,-0.005281,0.005048,0.027201,-0.365235,0.930504,0.137427,-0.010045,-0.001446,-0.047765,0.036958,-0.452219,
1624840314.000000,580303192.000000,0.198626,-0.116347,-0.005330,0.004990,0.027216,-0.366288,0.930090,0.137641,-0.008926,-0.003510,0.023022,-0.012555,-0.446049,
1624840314.000000,665288687.000000,0.206398,-0.126871,-0.005659,0.005628,0.026870,-0.383742,0.923032,0.149162,-0.014051,-0.006510,0.007907,-0.067358,-0.442717,
1624840314.000000,670291662.000000,0.206874,-0.127446,-0.005721,0.005618,0.026749,-0.384787,0.922601,0.149162,-0.012523,-0.008211,0.020297,0.017037,-0.463020,
1624840314.000000,675294876.000000,0.207345,-0.128027,-0.005762,0.005632,0.026921,-0.385860,0.922147,0.149552,-0.013080,-0.004393,-0.037594,0.084799,-0.459980,
1624840314.000000,680297852.000000,0.207823,-0.128604,-0.005825,0.005537,0.027138,-0.386901,0.921705,0.149978,-0.012383,-0.004273,-0.067527,0.046246,-0.452329,
1624840314.000000,685300827.000000,0.208192,-0.129091,-0.006639,0.005393,0.026862,-0.387941,0.921277,0.147291,-0.013167,-0.021507,-0.019654,-0.028808,-0.460948,
1624840314.000000,690303564.000000,0.208654,-0.129660,-0.006776,0.005324,0.026737,-0.389014,0.920828,0.147629,-0.012485,-0.023627,0.022231,-0.065136,-0.470520,
1624840314.000000,695306540.000000,0.209022,-0.130291,-0.006501,0.005345,0.026633,-0.390109,0.920368,0.143688,-0.023346,0.015618,0.058186,0.025833,-0.475877,
1624840314.000000,700309515.000000,0.209435,-0.130895,-0.006438,0.005571,0.026740,-0.391211,0.919896,0.142880,-0.025956,0.024757,0.096677,0.109083,-0.477981,
1624840314.000000,705313683.000000,0.209838,-0.131507,-0.006328,0.005924,0.026992,-0.392294,0.919425,0.142372,-0.028560,0.034267,0.103093,0.215453,-0.450412,
1624840314.000000,710316658.000000,0.210215,-0.132061,-0.006280,0.006301,0.027361,-0.393281,0.918989,0.133994,-0.025773,0.028095,0.077506,0.098287,-0.407645,
1624840314.000000,755344629.000000,0.214155,-0.137378,-0.006218,0.006340,0.026438,-0.402154,0.915168,0.155552,-0.008321,-0.003591,-0.018957,0.057700,-0.460844,
1624840314.000000,760347605.000000,0.214652,-0.137976,-0.006273,0.006283,0.026590,-0.403227,0.914692,0.157337,-0.006101,-0.005817,-0.011363,0.020091,-0.465401,
1624840314.000000,765350819.000000,0.215163,-0.138574,-0.006339,0.006256,0.026585,-0.404279,0.914228,0.159198,-0.003877,-0.007991,-0.012556,-0.010093,-0.463999,
1624840314.000000,770353794.000000,0.215644,-0.139162,-0.006358,0.006179,0.026638,-0.405338,0.913758,0.155664,-0.005218,-0.002372,-0.014362,0.037684,-0.454673,
1624840314.000000,775356770.000000,0.216147,-0.139755,-0.006412,0.006191,0.026814,-0.406358,0.913300,0.155857,-0.004425,-0.002801,-0.030786,0.095068,-0.446982,
1624840314.000000,780359745.000000,0.216652,-0.140348,-0.006470,0.006136,0.027071,-0.407380,0.912837,0.156021,-0.003626,-0.003306,-0.055774,0.055110,-0.449257,
1624840314.000000,785362720.000000,0.217041,-0.141162,-0.007018,0.005956,0.026786,-0.408377,0.912401,0.154813,-0.006481,-0.012962,-0.020648,-0.063663,-0.452430,
1624840314.000000,790365696.000000,0.217536,-0.141765,-0.007128,0.005885,0.026614,-0.409437,0.911931,0.155250,-0.005686,-0.014270,0.046716,-0.037931,-0.483162,
1624840314.000000,795368910.000000,0.218037,-0.142371,-0.007230,0.005981,0.026562,-0.410563,0.911426,0.155882,-0.004865,-0.014848,0.050097,0.005508,-0.484576,
1624840314.000000,800371885.000000,0.218361,-0.143052,-0.006740,0.006134,0.026590,-0.411643,0.910936,0.149809,-0.018081,0.027472,0.100631,0.108325,-0.466164,
1624840314.000000,845399618.000000,0.221461,-0.148308,-0.006249,0.006490,0.025697,-0.420609,0.906855,0.145345,-0.013094,0.009590,0.012549,0.173940,-0.423784,
1624840314.000000,850403786.000000,0.221467,-0.149385,-0.006499,0.006800,0.026143,-0.421604,0.906378,0.151857,-0.014869,0.000576,0.007343,0.118593,-0.431991,
1624840314.000000,855406761.000000,0.221907,-0.150016,-0.006542,0.006871,0.026308,-0.422617,0.905900,0.155233,-0.012738,-0.001863,0.016850,0.030471,-0.459884,
1624840314.000000,860409737.000000,0.222365,-0.150655,-0.006595,0.006872,0.026356,-0.423674,0.905405,0.158683,-0.010576,-0.004141,-0.025429,0.034369,-0.469475,
1624840314.000000,865412474.000000,0.222769,-0.151241,-0.006612,0.006785,0.026518,-0.424731,0.904906,0.151799,-0.010284,-0.001553,-0.047257,0.040277,-0.467314,
1624840314.000000,870415688.000000,0.223215,-0.151854,-0.006662,0.006694,0.026597,-0.425771,0.904415,0.151753,-0.008730,-0.002531,-0.021410,-0.012896,-0.450309,
1624840314.000000,875418663.000000,0.223663,-0.152460,-0.006716,0.006632,0.026618,-0.426782,0.903939,0.151454,-0.007190,-0.003332,-0.010723,0.046943,-0.452273,
1624840314.000000,880421638.000000,0.224084,-0.153076,-0.006739,0.006626,0.026805,-0.427808,0.903448,0.149737,-0.010351,0.001178,-0.041527,0.048043,-0.450360,
1624840314.000000,885424852.000000,0.224080,-0.153701,-0.006733,0.006390,0.026608,-0.428802,0.902984,0.147113,-0.015987,-0.002098,-0.039660,-0.016252,-0.468237,
1624840314.000000,890427589.000000,0.224479,-0.154322,-0.006780,0.006296,0.026556,-0.429879,0.902474,0.146990,-0.016334,-0.001725,0.022196,-0.053010,-0.477034,
1624840314.000000,935455561.000000,0.227817,-0.160107,-0.005681,0.006664,0.025358,-0.438840,0.898182,0.130232,-0.014417,0.020391,0.018820,-0.120834,-0.439560,
1624840314.000000,940458536.000000,0.228167,-0.160667,-0.005608,0.006677,0.025179,-0.439840,0.897698,0.129949,-0.012830,0.018803,0.057775,0.016718,-0.441848,
1624840314.000000,945461750.000000,0.228573,-0.161313,-0.005518,0.006869,0.025355,-0.440828,0.897207,0.144262,-0.013325,0.022221,0.038355,0.174847,-0.439620,
1624840314.000000,950465441.000000,0.228490,-0.161466,-0.005342,0.007213,0.026037,-0.441876,0.896669,0.154222,-0.013359,0.014695,-0.001020,0.193196,-0.438570,
1624840314.000000,955468655.000000,0.228918,-0.162130,-0.005313,0.007305,0.026374,-0.442851,0.896177,0.159533,-0.012520,0.013737,-0.024507,0.064922,-0.433253,
1624840314.000000,960471630.000000,0.229301,-0.162662,-0.005349,0.007249,0.026446,-0.443832,0.895691,0.148340,-0.007168,0.005538,-0.010706,0.004840,-0.450180,
1624840314.000000,965474606.000000,0.229724,-0.163269,-0.005373,0.007201,0.026474,-0.444854,0.895183,0.148126,-0.004939,0.001736,-0.022135,-0.010377,-0.454671,
1624840314.000000,970477819.000000,0.230153,-0.163869,-0.005418,0.007079,0.026459,-0.445868,0.894680,0.147903,-0.002713,-0.002229,-0.022498,-0.029751,-0.458710,
1624840314.000000,975480795.000000,0.230565,-0.164487,-0.005428,0.006981,0.026437,-0.446901,0.894166,0.148164,-0.005440,0.001532,-0.025359,-0.011679,-0.458892,
1624840314.000000,980483532.000000,0.230988,-0.165096,-0.005461,0.006903,0.026551,-0.447924,0.893650,0.148514,-0.005189,0.001144,-0.043669,0.091874,-0.466165,
1624840315.000000,70539474.000000,0.235251,-0.176292,-0.005632,0.007676,0.026489,-0.465469,0.884634,0.142645,-0.013419,0.001757,-0.017948,0.048850,-0.452534,
1624840315.000000,75542688.000000,0.235598,-0.176913,-0.005662,0.007644,0.026610,-0.466456,0.884111,0.140630,-0.012539,0.001568,-0.029534,-0.009735,-0.446964,
1624840315.000000,80545664.000000,0.235941,-0.177525,-0.005691,0.007476,0.026560,-0.467444,0.883592,0.138608,-0.011668,0.001320,-0.044527,-0.048903,-0.444946,
1624840315.000000,85548639.000000,0.236591,-0.179156,-0.006975,0.007332,0.026154,-0.468357,0.883122,0.146730,-0.020272,-0.005708,-0.040281,-0.046049,-0.438507,
1624840315.000000,90652943.000000,0.236918,-0.179824,-0.007013,0.007278,0.026148,-0.469331,0.882605,0.147117,-0.020889,-0.001734,0.044748,0.062341,-0.449058,
1624840315.000000,95655918.000000,0.237242,-0.180496,-0.007024,0.007544,0.026276,-0.470339,0.882062,0.147530,-0.021496,0.002799,0.093274,0.073219,-0.455609,
1624840315.000000,100660086.000000,0.237540,-0.181170,-0.006960,0.007748,0.026339,-0.471342,0.881523,0.145441,-0.024715,0.017712,0.040900,0.097176,-0.451254,
1624840315.000000,105662107.000000,0.237838,-0.181847,-0.006892,0.007910,0.026595,-0.472338,0.880981,0.144716,-0.026370,0.026137,0.018144,0.110033,-0.454448,
1624840315.000000,110666037.000000,0.238128,-0.182529,-0.006777,0.008062,0.026685,-0.473321,0.880449,0.144241,-0.028026,0.033976,0.094839,0.014187,-0.426909,
1624840315.000000,115669250.000000,0.238719,-0.183263,-0.006867,0.008232,0.026746,-0.474218,0.879963,0.139745,-0.028886,0.030291,0.085906,-0.086740,-0.413770,
1624840315.000000,160697222.000000,0.241593,-0.189039,-0.006646,0.008065,0.025879,-0.482664,0.875386,0.160035,-0.011283,0.014042,-0.001672,0.117589,-0.438456,
1624840315.000000,165700197.000000,0.241960,-0.189661,-0.006716,0.008109,0.026076,-0.483614,0.874856,0.155998,-0.006733,0.004379,-0.014628,0.064677,-0.438307,
1624840315.000000,170703173.000000,0.242351,-0.190340,-0.006747,0.008099,0.026243,-0.484577,0.874317,0.157930,-0.004457,0.001428,-0.042121,0.047065,-0.440606,
1624840315.000000,175706148.000000,0.242755,-0.191019,-0.006800,0.008029,0.026413,-0.485541,0.873778,0.159767,-0.002171,-0.002035,-0.030772,0.064772,-0.450046,
1624840315.000000,180708885.000000,0.243114,-0.191681,-0.006825,0.008038,0.026562,-0.486527,0.873225,0.154700,-0.005357,0.000188,-0.005893,0.020907,-0.447038,
1624840315.000000,185711861.000000,0.243760,-0.193112,-0.008277,0.007890,0.026332,-0.487411,0.872740,0.154631,-0.010724,-0.006666,-0.011296,-0.039997,-0.441501,
1624840315.000000,190715075.000000,0.244113,-0.193792,-0.008348,0.007800,0.026312,-0.488389,0.872194,0.154143,-0.010663,-0.005780,-0.015697,0.023252,-0.459580,
1624840315.000000,195718050.000000,0.244420,-0.194508,-0.008229,0.007844,0.026472,-0.489396,0.871624,0.153630,-0.016945,0.014430,0.016220,0.089622,-0.455523,
1624840315.000000,200721025.000000,0.244746,-0.195214,-0.008178,0.008042,0.026631,-0.490381,0.871064,0.153657,-0.018832,0.021683,0.090766,0.105199,-0.454205,
1624840315.000000,205724955.000000,0.245065,-0.195930,-0.008083,0.008356,0.026737,-0.491375,0.870498,0.153784,-0.020705,0.029961,0.080633,0.086303,-0.445913,
1624840315.000000,250752211.000000,0.247706,-0.201939,-0.008769,0.008183,0.025200,-0.499556,0.865877,0.143620,-0.010628,-0.000176,-0.005044,0.049630,-0.434991,
1624840315.000000,255756140.000000,0.248270,-0.203352,-0.008824,0.008249,0.025488,-0.500548,0.865294,0.165632,-0.009640,-0.008226,0.009788,0.031745,-0.446986,
1624840315.000000,260759115.000000,0.248649,-0.204103,-0.008922,0.008316,0.025577,-0.501519,0.864728,0.169747,-0.008080,-0.010640,0.013312,0.061644,-0.460494,
1624840315.000000,265762091.000000,0.249046,-0.204873,-0.009028,0.008409,0.025786,-0.502525,0.864137,0.174052,-0.006483,-0.012629,-0.005001,0.139835,-0.457630,
1624840315.000000,270765066.000000,0.249427,-0.205600,-0.009147,0.008542,0.026134,-0.503480,0.863569,0.169662,-0.004669,-0.015081,-0.021977,0.123611,-0.433957,
1624840315.000000,275768042.000000,0.249824,-0.206344,-0.009275,0.008564,0.026360,-0.504412,0.863018,0.170223,-0.003013,-0.017057,-0.025271,0.062487,-0.437144,
1624840315.000000,280771255.000000,0.250228,-0.207088,-0.009411,0.008548,0.026535,-0.505358,0.862460,0.170835,-0.001348,-0.018921,-0.038943,0.062628,-0.438333,
1624840315.000000,285774231.000000,0.250757,-0.208099,-0.010296,0.008396,0.026444,-0.506242,0.861945,0.160232,-0.001143,-0.025897,-0.002051,0.046926,-0.446632,
1624840315.000000,290776968.000000,0.251059,-0.208803,-0.010370,0.008389,0.026455,-0.507209,0.861376,0.156382,-0.007146,-0.017094,-0.005730,-0.048392,-0.441527,
1624840315.000000,295780182.000000,0.251402,-0.209502,-0.010495,0.008228,0.026355,-0.508158,0.860821,0.155269,-0.007784,-0.015540,-0.027558,-0.038547,-0.451898,
1624840315.000000,340808153.000000,0.253736,-0.216176,-0.010067,0.008401,0.025066,-0.516477,0.855893,0.136635,-0.016343,0.013031,0.028990,-0.034939,-0.409531,
1624840315.000000,345810890.000000,0.253985,-0.216820,-0.010040,0.008434,0.025021,-0.517339,0.855373,0.136994,-0.015374,0.011077,0.022828,-0.003789,-0.406057,
1624840315.000000,350815058.000000,0.254310,-0.217510,-0.010413,0.008393,0.025143,-0.518268,0.854807,0.164264,-0.009553,-0.001475,0.007707,0.067272,-0.421207,
1624840315.000000,355818033.000000,0.254655,-0.218270,-0.010466,0.008517,0.025366,-0.519180,0.854246,0.170061,-0.007777,-0.003362,0.011919,0.104259,-0.436044,
1624840315.000000,360821009.000000,0.255021,-0.219052,-0.010534,0.008605,0.025505,-0.520123,0.853667,0.175826,-0.005959,-0.005340,0.007808,0.027576,-0.443587,
1624840315.000000,365824223.000000,0.255366,-0.219782,-0.010610,0.008600,0.025557,-0.521080,0.853082,0.171869,-0.004275,-0.007425,-0.008266,0.041894,-0.458373,
1624840315.000000,370827198.000000,0.255742,-0.220555,-0.010696,0.008646,0.025747,-0.522071,0.852469,0.174158,-0.002470,-0.009227,-0.012547,0.102836,-0.468109,
1624840315.000000,375829935.000000,0.256132,-0.221342,-0.010794,0.008755,0.026029,-0.523044,0.851863,0.176999,-0.000654,-0.011161,-0.005076,0.141870,-0.440431,
1624840315.000000,380832911.000000,0.256497,-0.222098,-0.010891,0.008880,0.026320,-0.523954,0.851294,0.172126,-0.001237,-0.011448,-0.014556,0.087203,-0.426359,
1624840315.000000,385836124.000000,0.256251,-0.223587,-0.011573,0.008724,0.026103,-0.524815,0.850771,0.167682,-0.009242,-0.020903,-0.033890,0.081183,-0.434968,
1624840315.000000,435866833.000000,0.258682,-0.230430,-0.011325,0.008760,0.025262,-0.533976,0.845077,0.127228,-0.012128,0.002986,0.020378,-0.259893,-0.421119,
1624840315.000000,440869808.000000,0.258898,-0.231021,-0.011355,0.008510,0.024844,-0.534872,0.844525,0.123392,-0.010857,-0.001774,0.014937,-0.103099,-0.421105,
1624840315.000000,445873022.000000,0.259175,-0.231742,-0.011345,0.008481,0.024759,-0.535754,0.843969,0.142504,-0.010449,0.003466,0.024557,0.005650,-0.409421,
1624840315.000000,450875998.000000,0.259438,-0.232420,-0.011366,0.008563,0.024809,-0.536613,0.843420,0.147975,-0.009489,0.002780,0.026747,0.081307,-0.410351,
1624840315.000000,455880165.000000,0.259822,-0.233483,-0.011505,0.008649,0.025177,-0.537526,0.842827,0.171695,-0.003942,0.000756,0.018080,0.080832,-0.430593,
1624840315.000000,460882902.000000,0.260187,-0.234235,-0.011620,0.008759,0.025339,-0.538458,0.842226,0.173341,0.000840,-0.007748,0.009537,0.116910,-0.453006,
1624840315.000000,465885878.000000,0.260561,-0.235023,-0.011714,0.008890,0.025591,-0.539421,0.841600,0.177116,0.003158,-0.010710,-0.009571,0.060986,-0.460500,
1624840315.000000,470889091.000000,0.260951,-0.235827,-0.011826,0.008848,0.025648,-0.540378,0.840985,0.181171,0.005496,-0.013979,-0.011859,0.004575,-0.446650,
1624840315.000000,475892067.000000,0.261321,-0.236605,-0.011921,0.008850,0.025760,-0.541312,0.840380,0.177521,0.005183,-0.012679,-0.019104,0.086581,-0.451810,
1624840315.000000,480895042.000000,0.261712,-0.237400,-0.012036,0.008939,0.026049,-0.542253,0.839764,0.178029,0.006459,-0.013560,-0.012951,0.136710,-0.435063,
1624840315.000000,565948009.000000,0.265061,-0.249150,-0.013256,0.008931,0.025409,-0.557478,0.829755,0.172381,0.004346,-0.005534,-0.013076,0.072034,-0.454117,
1624840315.000000,570950985.000000,0.265394,-0.249892,-0.013342,0.008950,0.025538,-0.558417,0.829119,0.169195,0.006464,-0.008779,0.001640,0.046042,-0.455017,
1624840315.000000,575953960.000000,0.265745,-0.250664,-0.013437,0.008965,0.025606,-0.559357,0.828483,0.170971,0.008336,-0.011262,-0.016074,-0.010564,-0.448705,
1624840315.000000,580956936.000000,0.266105,-0.251440,-0.013547,0.008881,0.025658,-0.560281,0.827858,0.172656,0.010211,-0.013997,-0.022938,0.069864,-0.448590,
1624840315.000000,585959911.000000,0.266064,-0.252120,-0.013974,0.008922,0.025782,-0.561186,0.827240,0.166986,0.007789,-0.018091,-0.005703,0.142146,-0.450741,
1624840315.000000,590964079.000000,0.266404,-0.252872,-0.014122,0.009063,0.026094,-0.562106,0.826603,0.167093,0.008512,-0.019611,-0.025836,0.142511,-0.439090,
1624840315.000000,595966101.000000,0.266745,-0.253622,-0.014277,0.009118,0.026386,-0.562999,0.825986,0.167099,0.009224,-0.021211,-0.035689,0.044639,-0.435755,
1624840315.000000,600970030.000000,0.267036,-0.254352,-0.014269,0.009040,0.026405,-0.563914,0.825362,0.159829,0.003757,-0.001018,0.004832,-0.028358,-0.451790,
1624840315.000000,605973005.000000,0.267337,-0.255087,-0.014299,0.009056,0.026336,-0.564856,0.824720,0.157026,0.001995,0.006161,0.061367,0.000665,-0.452955,
1624840315.000000,610975981.000000,0.267625,-0.255814,-0.014295,0.009184,0.026236,-0.565796,0.824076,0.154127,0.000224,0.013569,0.083867,-0.018116,-0.460250,
1624840315.000000,656004190.000000,0.268550,-0.261227,-0.014341,0.008531,0.024603,-0.573655,0.818683,0.156043,0.002460,-0.006396,0.012896,0.122624,-0.423103,
1624840315.000000,661007404.000000,0.268833,-0.261965,-0.014409,0.008746,0.024860,-0.574523,0.818064,0.160727,0.003578,-0.005918,0.019716,0.131093,-0.424204,
1624840315.000000,666010141.000000,0.269139,-0.262682,-0.014563,0.008880,0.025056,-0.575395,0.817443,0.161991,0.007650,-0.014829,0.001418,0.055745,-0.433713,
1624840315.000000,671012878.000000,0.269453,-0.263434,-0.014687,0.008889,0.025149,-0.576300,0.816803,0.165558,0.009728,-0.017553,-0.016642,0.039395,-0.452941,
1624840315.000000,676015854.000000,0.269780,-0.264201,-0.014830,0.008903,0.025294,-0.577236,0.816137,0.169241,0.011838,-0.020590,-0.009323,0.061013,-0.462565,
1624840315.000000,681019068.000000,0.270092,-0.264939,-0.014959,0.008944,0.025417,-0.578174,0.815468,0.165747,0.012025,-0.019920,-0.003783,0.037717,-0.456169,
1624840315.000000,686022043.000000,0.269839,-0.265638,-0.014919,0.008930,0.025396,-0.579093,0.814817,0.158476,0.009160,-0.017321,-0.032666,0.086905,-0.449760,
1624840315.000000,691024780.000000,0.270142,-0.266367,-0.015051,0.009017,0.025724,-0.580003,0.814158,0.158799,0.010454,-0.017734,-0.025495,0.160613,-0.449773,
1624840315.000000,696027994.000000,0.270394,-0.267064,-0.015131,0.009155,0.026026,-0.580906,0.813503,0.153403,0.006860,-0.012734,-0.010259,0.069815,-0.435996,
1624840315.000000,701031923.000000,0.270672,-0.267777,-0.015230,0.009133,0.026084,-0.581788,0.812871,0.152296,0.006542,-0.011234,-0.004047,-0.005273,-0.440076,
1624840315.000000,751063108.000000,0.271635,-0.274506,-0.015198,0.008533,0.024211,-0.590540,0.806600,0.142515,-0.000934,-0.006082,0.020134,-0.036448,-0.411398,
1624840315.000000,756066084.000000,0.271849,-0.275192,-0.015264,0.008566,0.024169,-0.591375,0.805989,0.145281,0.000155,-0.007123,0.033203,0.065443,-0.411554,
1624840315.000000,761069059.000000,0.272120,-0.275975,-0.015355,0.008771,0.024390,-0.592212,0.805366,0.157809,0.003438,-0.009291,0.010783,0.152110,-0.426333,
1624840315.000000,766072273.000000,0.272376,-0.276731,-0.015443,0.008961,0.024683,-0.593082,0.804714,0.163077,0.005240,-0.010405,0.001046,0.121149,-0.433977,
1624840315.000000,771075249.000000,0.272648,-0.277508,-0.015539,0.009047,0.024847,-0.593960,0.804060,0.168259,0.007066,-0.011604,-0.005192,0.021576,-0.447630,
1624840315.000000,776077986.000000,0.272912,-0.278229,-0.015648,0.009004,0.024875,-0.594877,0.803381,0.161922,0.009322,-0.014216,-0.008501,0.018796,-0.459521,
1624840315.000000,781081200.000000,0.273195,-0.278987,-0.015766,0.009024,0.024978,-0.595792,0.802700,0.162636,0.011332,-0.016143,-0.006294,0.044993,-0.450949,
1624840315.000000,786084175.000000,0.273092,-0.279701,-0.015990,0.009011,0.025047,-0.596709,0.802016,0.160123,0.011148,-0.022427,-0.024381,0.058215,-0.443441,
1624840315.000000,791087866.000000,0.273336,-0.280436,-0.016093,0.009045,0.025265,-0.597599,0.801346,0.158430,0.009269,-0.018582,-0.025675,0.110148,-0.447741,
1624840315.000000,796091080.000000,0.273604,-0.281176,-0.016232,0.009153,0.025564,-0.598493,0.800668,0.158571,0.010041,-0.019138,-0.034990,0.125253,-0.446716,
1624840315.000000,836114883.000000,0.274325,-0.286350,-0.015675,0.009516,0.024831,-0.605324,0.795535,0.118974,-0.003908,0.017591,0.006246,-0.186132,-0.395586,
1624840315.000000,841118097.000000,0.274468,-0.286925,-0.015629,0.009180,0.024379,-0.606118,0.794948,0.116798,-0.002337,0.013434,0.027518,-0.240750,-0.396684,
1624840315.000000,846122026.000000,0.274615,-0.287488,-0.015604,0.008906,0.023914,-0.606927,0.794347,0.114482,-0.000769,0.009475,0.032062,-0.155076,-0.415799,
1624840315.000000,851125002.000000,0.274393,-0.288300,-0.016081,0.008630,0.023653,-0.607810,0.793683,0.136977,-0.000932,-0.001854,0.024367,-0.034063,-0.412886,
1624840315.000000,856128216.000000,0.274575,-0.288982,-0.016125,0.008661,0.023631,-0.608620,0.793063,0.142607,0.000531,-0.001562,0.023407,0.032654,-0.408402,
1624840315.000000,861130953.000000,0.274767,-0.289680,-0.016163,0.008739,0.023709,-0.609445,0.792425,0.147739,0.002018,-0.000887,0.005319,0.054864,-0.425522,
1624840315.000000,866133928.000000,0.274972,-0.290402,-0.016189,0.008844,0.023863,-0.610304,0.791758,0.152863,0.003541,0.000277,0.018953,0.118092,-0.441534,
1624840315.000000,871137142.000000,0.275189,-0.291105,-0.016319,0.009053,0.024092,-0.611187,0.791068,0.153650,0.006411,-0.011637,0.007627,0.100824,-0.450055,
1624840315.000000,876140118.000000,0.275417,-0.291842,-0.016411,0.009132,0.024263,-0.612073,0.790376,0.157148,0.008414,-0.014588,-0.008723,0.079827,-0.445817,
1624840315.000000,881143093.000000,0.275009,-0.292435,-0.016638,0.009107,0.024264,-0.612992,0.789664,0.158995,0.005415,-0.020558,-0.020296,0.063217,-0.447912,
1624840315.000000,926170826.000000,0.275969,-0.298503,-0.016074,0.010031,0.024960,-0.620804,0.783504,0.124084,-0.013514,0.047645,0.076778,-0.008077,-0.410826,
1624840315.000000,931174040.000000,0.276100,-0.299038,-0.016148,0.009959,0.024640,-0.621597,0.782886,0.113892,-0.006491,0.021322,0.060529,-0.185374,-0.402038,
1624840315.000000,936177969.000000,0.276198,-0.299590,-0.016085,0.009684,0.024190,-0.622411,0.782256,0.108213,-0.005582,0.017470,-0.004159,-0.213591,-0.422429,
1624840315.000000,941181183.000000,0.276292,-0.300115,-0.016052,0.009307,0.023814,-0.623247,0.781607,0.102806,-0.004694,0.012588,0.011085,-0.201787,-0.421453,
1624840315.000000,946184158.000000,0.276410,-0.300748,-0.016027,0.009046,0.023378,-0.624069,0.780967,0.117065,-0.004441,0.010550,0.039602,-0.201694,-0.416000,
1624840315.000000,951186895.000000,0.276083,-0.301361,-0.016041,0.008666,0.022976,-0.624930,0.780294,0.121259,-0.006075,0.013483,0.033855,-0.098401,-0.402321,
1624840315.000000,956189871.000000,0.276189,-0.301969,-0.016003,0.008652,0.022895,-0.625719,0.779665,0.123191,-0.005424,0.013571,0.007385,0.039700,-0.418006,
1624840315.000000,961193085.000000,0.276344,-0.302651,-0.016020,0.008752,0.023018,-0.626547,0.778995,0.133952,-0.001336,0.007835,0.034653,0.068569,-0.418412,
1624840315.000000,966196060.000000,0.276489,-0.303327,-0.016040,0.008900,0.023096,-0.627361,0.778335,0.139465,0.000510,0.004305,0.003481,0.074367,-0.432895,
1624840315.000000,971199036.000000,0.276647,-0.304025,-0.016082,0.008967,0.023280,-0.628233,0.777625,0.144755,0.002401,0.000546,0.000407,0.067335,-0.456677,
1624840316.000000,61254978.000000,0.276458,-0.316818,-0.016318,0.008899,0.022417,-0.643499,0.765067,0.140847,-0.011302,-0.001714,0.025366,0.067608,-0.424637,
1624840316.000000,66257954.000000,0.276527,-0.317534,-0.016362,0.009068,0.022593,-0.644322,0.764367,0.145727,-0.010088,-0.002508,0.010332,0.090785,-0.433286,
1624840316.000000,71260929.000000,0.276617,-0.318244,-0.016450,0.009165,0.022726,-0.645154,0.763660,0.146976,-0.006298,-0.009061,-0.000280,0.065580,-0.441707,
1624840316.000000,76264143.000000,0.276713,-0.318978,-0.016537,0.009236,0.022863,-0.646011,0.762930,0.150263,-0.004019,-0.012057,-0.003513,0.051154,-0.457732,
1624840316.000000,81267118.000000,0.276231,-0.319599,-0.016160,0.009465,0.023086,-0.646920,0.762149,0.150522,-0.006328,-0.009184,-0.000328,0.090986,-0.451462,
1624840316.000000,86271048.000000,0.276325,-0.320347,-0.016241,0.009589,0.023289,-0.647762,0.761426,0.153264,-0.004056,-0.011762,-0.015127,0.078743,-0.439577,
1624840316.000000,91175556.000000,0.276375,-0.321007,-0.016254,0.009621,0.023454,-0.648600,0.760707,0.144883,-0.005826,-0.006797,-0.024884,0.058098,-0.444934,
1624840316.000000,96178532.000000,0.276461,-0.321723,-0.016324,0.009660,0.023648,-0.649450,0.759975,0.144549,-0.004704,-0.007721,-0.035383,0.092129,-0.452430,
1624840316.000000,101181507.000000,0.276551,-0.322438,-0.016403,0.009664,0.023838,-0.650305,0.759238,0.144337,-0.003578,-0.008826,-0.031299,-0.005724,-0.448195,
1624840316.000000,106184483.000000,0.276604,-0.323155,-0.016403,0.009522,0.023748,-0.651160,0.758509,0.143153,-0.008593,0.001642,0.021950,-0.074652,-0.457659,
1624840316.000000,156215191.000000,0.275485,-0.329407,-0.016021,0.008922,0.021940,-0.659414,0.751407,0.120115,-0.018822,0.003184,0.028297,-0.010516,-0.413150,
1624840316.000000,161218405.000000,0.275472,-0.330013,-0.016030,0.009002,0.021956,-0.660188,0.750725,0.122356,-0.017864,0.002376,0.024168,0.061521,-0.422442,
1624840316.000000,166221380.000000,0.275483,-0.330657,-0.016069,0.009152,0.022110,-0.661005,0.750000,0.128748,-0.014540,-0.001551,0.003851,0.119649,-0.441898,
1624840316.000000,171224356.000000,0.275497,-0.331314,-0.016112,0.009323,0.022328,-0.661835,0.749259,0.133043,-0.012588,-0.003509,0.011191,0.079837,-0.447106,
1624840316.000000,176227570.000000,0.275521,-0.331991,-0.016165,0.009385,0.022375,-0.662680,0.748510,0.137323,-0.010614,-0.005409,0.014602,-0.001221,-0.454585,
1624840316.000000,181231499.000000,0.275817,-0.333250,-0.016371,0.009490,0.022433,-0.663582,0.747707,0.147634,-0.006338,-0.008821,-0.021655,0.061791,-0.461069,
1624840316.000000,186234236.000000,0.275875,-0.333988,-0.016441,0.009582,0.022696,-0.664442,0.746934,0.148984,-0.004253,-0.009983,-0.026195,0.113639,-0.466324,
1624840316.000000,191237450.000000,0.275943,-0.334738,-0.016529,0.009716,0.022936,-0.665295,0.746165,0.150802,-0.002157,-0.011723,-0.001483,0.117274,-0.441990,
1624840316.000000,196240425.000000,0.275988,-0.335473,-0.016608,0.009846,0.023149,-0.666100,0.745438,0.148507,-0.004579,-0.010361,-0.027946,0.058471,-0.438465,
1624840316.000000,201243401.000000,0.276046,-0.336210,-0.016697,0.009798,0.023287,-0.666934,0.744689,0.148158,-0.004288,-0.010488,-0.040050,0.032282,-0.455759,
1624840316.000000,251274586.000000,0.276024,-0.342421,-0.016893,0.008954,0.021451,-0.675204,0.737265,0.113013,-0.008683,0.002593,0.023972,-0.135072,-0.435584,
1624840316.000000,256277561.000000,0.276031,-0.342984,-0.016908,0.008904,0.021348,-0.675998,0.736541,0.112030,-0.007837,0.000361,0.017660,0.046451,-0.429006,
1624840316.000000,261280537.000000,0.276078,-0.343712,-0.016918,0.009068,0.021497,-0.676779,0.735816,0.129994,-0.004527,0.000943,0.022865,0.108175,-0.414268,
1624840316.000000,266283751.000000,0.276114,-0.344379,-0.016949,0.009284,0.021677,-0.677540,0.735108,0.135738,-0.002850,-0.000696,0.017718,0.131986,-0.427833,
1624840316.000000,271286488.000000,0.276160,-0.345071,-0.016988,0.009482,0.021898,-0.678359,0.734343,0.141212,-0.001129,-0.002156,0.000550,0.083818,-0.461104,
1624840316.000000,276290417.000000,0.276215,-0.345710,-0.017048,0.009536,0.021988,-0.679209,0.733554,0.135941,0.001717,-0.006162,0.009013,0.024897,-0.459003,
1624840316.000000,281293392.000000,0.276420,-0.346442,-0.017451,0.009600,0.021988,-0.680078,0.732747,0.135987,0.005376,-0.011345,-0.024725,-0.033201,-0.463067,
1624840316.000000,286296368.000000,0.276501,-0.347111,-0.017534,0.009488,0.022045,-0.680934,0.731952,0.136484,0.007553,-0.012995,-0.024259,0.065668,-0.462284,
1624840316.000000,291299343.000000,0.276545,-0.347774,-0.017614,0.009648,0.022300,-0.681761,0.731172,0.135292,0.004579,-0.013198,-0.014124,0.140003,-0.448258,
1624840316.000000,296302557.000000,0.276614,-0.348443,-0.017705,0.009792,0.022551,-0.682570,0.730407,0.135373,0.005041,-0.014138,-0.007034,0.087570,-0.439795,
1624840316.000000,336327553.000000,0.276240,-0.353752,-0.017288,0.010697,0.022763,-0.689134,0.724197,0.113071,-0.009760,0.041564,0.019747,-0.213485,-0.402529,
1624840316.000000,341330528.000000,0.276281,-0.354214,-0.017352,0.010218,0.022222,-0.689894,0.723497,0.100377,-0.003729,0.019626,0.037555,-0.335496,-0.437526,
1624840316.000000,346333504.000000,0.276289,-0.354691,-0.017297,0.009705,0.021549,-0.690716,0.722740,0.093108,-0.002623,0.015502,0.040163,-0.303775,-0.442177,
1624840316.000000,351336718.000000,0.276301,-0.355132,-0.017248,0.009316,0.021100,-0.691515,0.721993,0.085837,-0.001560,0.012007,0.004748,-0.148974,-0.448145,
1624840316.000000,356339455.000000,0.274866,-0.356512,-0.018793,0.008933,0.020810,-0.692339,0.721217,0.130367,-0.007070,-0.011282,0.000334,0.020793,-0.435654,
1624840316.000000,361342430.000000,0.274859,-0.357176,-0.018882,0.009058,0.020911,-0.693097,0.720484,0.135705,-0.005749,-0.013423,0.036650,0.091941,-0.408863,
1624840316.000000,366345406.000000,0.274858,-0.357863,-0.018982,0.009299,0.021024,-0.693839,0.719763,0.140832,-0.004420,-0.015414,0.047483,0.115968,-0.424735,
1624840316.000000,371348619.000000,0.274889,-0.358511,-0.019114,0.009534,0.021231,-0.694631,0.718990,0.139213,0.000075,-0.019705,-0.023782,0.138279,-0.453691,
1624840316.000000,376352549.000000,0.274917,-0.359210,-0.019235,0.009632,0.021519,-0.695457,0.718181,0.142259,0.002459,-0.020954,-0.028707,0.063411,-0.469629,
1624840316.000000,381355762.000000,0.274955,-0.359926,-0.019370,0.009615,0.021566,-0.696301,0.717362,0.145537,0.004863,-0.022746,-0.000380,-0.022978,-0.466489,
1624840316.000000,426383495.000000,0.273414,-0.365010,-0.018759,0.010449,0.022155,-0.703758,0.710017,0.116096,-0.022465,0.042568,0.053713,0.144377,-0.463223,
1624840316.000000,431386471.000000,0.273377,-0.365441,-0.018833,0.010722,0.022256,-0.704552,0.709222,0.097623,-0.014950,0.018146,0.068554,0.029575,-0.417663,
1624840316.000000,436389446.000000,0.273304,-0.365924,-0.018778,0.010697,0.022022,-0.705261,0.708524,0.091197,-0.014156,0.014904,0.056001,-0.153490,-0.393793,
1624840316.000000,441392660.000000,0.273239,-0.366362,-0.018727,0.010368,0.021608,-0.705996,0.707810,0.083809,-0.013366,0.012159,0.008997,-0.247717,-0.432306,
1624840316.000000,446395397.000000,0.273177,-0.366758,-0.018685,0.009903,0.021188,-0.706785,0.707042,0.076062,-0.012603,0.009822,-0.003952,-0.220341,-0.438954,
1624840316.000000,451398373.000000,0.273115,-0.367349,-0.018663,0.009535,0.020818,-0.707561,0.706281,0.095335,-0.011967,0.008003,0.028082,-0.217506,-0.441844,
1624840316.000000,456401587.000000,0.271282,-0.368019,-0.019045,0.009053,0.020149,-0.708314,0.705552,0.099794,-0.023396,0.010186,0.052745,-0.089448,-0.430375,
1624840316.000000,461404562.000000,0.271165,-0.368516,-0.019009,0.009125,0.020125,-0.709068,0.704794,0.099802,-0.022682,0.009835,0.002833,0.106381,-0.433290,
1624840316.000000,466407537.000000,0.271095,-0.369164,-0.019004,0.009360,0.020436,-0.709833,0.704011,0.115593,-0.017190,0.006980,-0.003072,0.190070,-0.430387,
1624840316.000000,471411467.000000,0.271009,-0.369759,-0.019001,0.009660,0.020715,-0.710586,0.703239,0.121084,-0.014971,0.005098,0.021912,0.112937,-0.438617,
1624840316.000000,561466455.000000,0.268064,-0.379983,-0.020215,0.009233,0.019764,-0.724658,0.688763,0.107906,-0.014978,-0.004983,0.028198,0.091724,-0.434579,
1624840316.000000,566470385.000000,0.267963,-0.380530,-0.020266,0.009518,0.019999,-0.725407,0.687964,0.112987,-0.013722,-0.006742,0.002676,0.173022,-0.438797,
1624840316.000000,571473598.000000,0.267866,-0.381102,-0.020333,0.009756,0.020258,-0.726160,0.687158,0.118110,-0.012442,-0.008915,0.010879,0.097571,-0.439889,
1624840316.000000,576476574.000000,0.267789,-0.381644,-0.020447,0.009866,0.020349,-0.726925,0.686345,0.115444,-0.009063,-0.016016,-0.002503,0.043024,-0.456832,
1624840316.000000,581479549.000000,0.267714,-0.382218,-0.020559,0.009891,0.020472,-0.727715,0.685503,0.117124,-0.006924,-0.019437,-0.025268,0.049618,-0.458106,
1624840316.000000,586482286.000000,0.267647,-0.382800,-0.020690,0.009927,0.020615,-0.728490,0.684675,0.118782,-0.004781,-0.023030,-0.018731,0.053930,-0.453646,
1624840316.000000,591485500.000000,0.267851,-0.384127,-0.020738,0.010125,0.020798,-0.729313,0.683789,0.126732,0.000453,-0.014625,-0.015554,-0.003181,-0.452724,
1624840316.000000,596488476.000000,0.267814,-0.384760,-0.020846,0.010095,0.020874,-0.730088,0.682960,0.128318,0.002616,-0.016889,-0.026245,0.093224,-0.459035,
1624840316.000000,601491451.000000,0.267787,-0.385401,-0.020966,0.010262,0.021174,-0.730873,0.682108,0.129913,0.004794,-0.019078,-0.036921,0.112940,-0.463394,
1624840316.000000,606495619.000000,0.267565,-0.385850,-0.020583,0.010330,0.021339,-0.731654,0.681264,0.117055,-0.008787,0.013892,0.015033,0.051292,-0.454842,
1624840316.000000,651523352.000000,0.265939,-0.390448,-0.020837,0.009663,0.019659,-0.738279,0.674140,0.086341,-0.010785,0.017229,0.010801,-0.131875,-0.420772,
1624840316.000000,656526327.000000,0.265794,-0.391113,-0.021736,0.009524,0.019592,-0.738965,0.673391,0.096171,-0.005725,-0.007217,0.024872,-0.073186,-0.417466,
1624840316.000000,661529541.000000,0.265723,-0.391591,-0.021795,0.009439,0.019469,-0.739672,0.672620,0.097855,-0.004691,-0.008949,0.013212,-0.020811,-0.422716,
1624840316.000000,666532516.000000,0.265667,-0.392164,-0.021881,0.009471,0.019508,-0.740395,0.671823,0.109378,-0.001083,-0.012292,0.003473,0.064206,-0.436623,
1624840316.000000,671535254.000000,0.265611,-0.392716,-0.021970,0.009655,0.019690,-0.741131,0.671002,0.114159,0.000855,-0.014444,0.004619,0.154132,-0.440912,
1624840316.000000,676538467.000000,0.265561,-0.393294,-0.022073,0.009935,0.019945,-0.741863,0.670181,0.119108,0.002818,-0.016691,0.016274,0.115563,-0.434503,
1624840316.000000,681541443.000000,0.265516,-0.393899,-0.022199,0.010064,0.020070,-0.742590,0.669370,0.124174,0.004802,-0.019578,-0.019655,0.059564,-0.438691,
1624840316.000000,686544418.000000,0.265491,-0.394395,-0.022298,0.010095,0.020247,-0.743328,0.668544,0.113549,0.006690,-0.018048,-0.030812,0.056801,-0.446231,
1624840316.000000,691547632.000000,0.264676,-0.396122,-0.022890,0.010313,0.020426,-0.744085,0.667693,0.122885,0.006424,-0.026487,-0.015593,0.071426,-0.446186,
1624840316.000000,696551561.000000,0.264644,-0.396731,-0.023054,0.010385,0.020573,-0.744825,0.666862,0.123010,0.008388,-0.029238,-0.016674,0.043031,-0.444025,
1624840316.000000,741578579.000000,0.263177,-0.402188,-0.023231,0.010569,0.019996,-0.751351,0.659515,0.087033,-0.009541,0.014144,0.011922,-0.129633,-0.428118,
1624840316.000000,746582508.000000,0.263094,-0.402701,-0.023245,0.010307,0.019763,-0.752049,0.658731,0.094969,-0.004950,0.005092,0.011936,-0.145714,-0.414090,
1624840316.000000,751585722.000000,0.263011,-0.403169,-0.023248,0.010045,0.019491,-0.752729,0.657965,0.094518,-0.003260,0.001342,0.033269,-0.143672,-0.407692,
1624840316.000000,756588697.000000,0.262340,-0.404699,-0.023577,0.009764,0.019249,-0.753351,0.657265,0.099126,-0.000676,-0.004372,0.023895,-0.078142,-0.404445,
1624840316.000000,761591196.000000,0.262252,-0.405330,-0.023565,0.009704,0.019178,-0.754017,0.656504,0.114273,0.000793,0.000518,0.011890,0.006844,-0.407562,
1624840316.000000,766594410.000000,0.262179,-0.405908,-0.023589,0.009752,0.019210,-0.754699,0.655718,0.118370,0.002450,-0.000007,0.005685,0.031337,-0.425692,
1624840316.000000,771597385.000000,0.262111,-0.406506,-0.023618,0.009800,0.019272,-0.755415,0.654890,0.122377,0.004136,-0.000578,0.004483,0.044805,-0.449150,
1624840316.000000,776600361.000000,0.262047,-0.407091,-0.023687,0.009891,0.019364,-0.756159,0.654027,0.122180,0.005310,-0.006480,0.002479,0.060866,-0.456673,
1624840316.000000,781603575.000000,0.261986,-0.407704,-0.023751,0.010010,0.019497,-0.756895,0.653169,0.124501,0.006811,-0.008910,0.000253,0.097730,-0.442799,
1624840316.000000,786606312.000000,0.261931,-0.408329,-0.023828,0.010165,0.019672,-0.757608,0.652334,0.126715,0.008313,-0.011205,-0.013474,0.068583,-0.439493,
1624840316.000000,831634521.000000,0.259589,-0.414627,-0.024137,0.011227,0.020189,-0.764069,0.644721,0.107011,-0.012333,0.035586,0.072711,0.016334,-0.431993,
1624840316.000000,836638689.000000,0.259437,-0.415140,-0.023957,0.011223,0.020023,-0.764764,0.643901,0.102082,-0.014414,0.043802,0.029310,-0.104509,-0.425585,
1624840316.000000,841641665.000000,0.259331,-0.415625,-0.023927,0.010904,0.019734,-0.765447,0.643104,0.096513,-0.008651,0.024471,0.023457,-0.229644,-0.413897,
1624840316.000000,846644402.000000,0.259209,-0.416087,-0.023835,0.010465,0.019293,-0.766123,0.642318,0.091603,-0.007644,0.020725,0.021876,-0.224775,-0.426538,
1624840316.000000,851647615.000000,0.259095,-0.416526,-0.023761,0.010094,0.018970,-0.766815,0.641508,0.086947,-0.006651,0.016977,0.012985,-0.174327,-0.415125,
1624840316.000000,856650591.000000,0.258465,-0.417149,-0.024682,0.009799,0.018705,-0.767445,0.640767,0.105064,-0.003842,-0.006870,0.034446,-0.071052,-0.408326,
1624840316.000000,861653566.000000,0.258353,-0.417670,-0.024749,0.009796,0.018628,-0.768112,0.639969,0.108968,-0.002398,-0.008910,0.013404,0.014316,-0.420225,
1624840316.000000,866656542.000000,0.258242,-0.418212,-0.024828,0.009869,0.018706,-0.768784,0.639159,0.113065,-0.000929,-0.011085,0.007650,0.092170,-0.418089,
1624840316.000000,871659517.000000,0.258141,-0.418775,-0.024939,0.010054,0.018837,-0.769455,0.638344,0.116739,0.001438,-0.016338,0.015436,0.050655,-0.430759,
1624840316.000000,876662493.000000,0.258041,-0.419357,-0.025052,0.010072,0.018864,-0.770158,0.637495,0.120454,0.003303,-0.019400,-0.009123,0.018769,-0.445809,
1624840316.000000,966718435.000000,0.254440,-0.430644,-0.025688,0.010068,0.018354,-0.782476,0.622329,0.110286,-0.004214,0.000560,0.012736,0.001545,-0.407246,
1624840316.000000,971721649.000000,0.254296,-0.431190,-0.025721,0.010143,0.018331,-0.783126,0.621509,0.115073,-0.002663,-0.000451,0.024358,0.069655,-0.432753,
1624840316.000000,976724625.000000,0.254151,-0.431766,-0.025756,0.010323,0.018470,-0.783805,0.620647,0.120213,-0.001075,-0.001026,0.011968,0.081191,-0.430868,
1624840316.000000,981727600.000000,0.254017,-0.432348,-0.025851,0.010417,0.018538,-0.784470,0.619802,0.122455,0.001430,-0.009765,-0.005704,0.029661,-0.440111,
1624840316.000000,986731768.000000,0.253301,-0.432972,-0.025756,0.010697,0.018766,-0.785150,0.618929,0.121885,0.000002,-0.011003,-0.017558,0.078038,-0.459459,
1624840316.000000,991734505.000000,0.253160,-0.433568,-0.025844,0.010857,0.018981,-0.785851,0.618029,0.124388,0.001970,-0.013813,-0.018626,0.116854,-0.446679,
1624840316.000000,996737480.000000,0.253010,-0.434093,-0.025886,0.011027,0.019187,-0.786525,0.617162,0.117572,-0.000114,-0.010092,-0.006917,0.100630,-0.434825,
1624840317.000000,1740694.000000,0.252870,-0.434660,-0.025967,0.011171,0.019349,-0.787191,0.616304,0.117038,0.000500,-0.011140,-0.012118,0.073170,-0.432764,
1624840317.000000,6743670.000000,0.252733,-0.435221,-0.026046,0.011261,0.019541,-0.787861,0.615441,0.116279,0.001108,-0.011647,-0.051547,0.106711,-0.445473,
1624840317.000000,11746407.000000,0.252585,-0.435747,-0.026023,0.011290,0.019772,-0.788539,0.614563,0.111364,-0.001363,0.001601,-0.045457,-0.028720,-0.432907,
1624840317.000000,56774378.000000,0.250006,-0.440577,-0.026346,0.010611,0.018161,-0.794396,0.607036,0.057074,-0.008006,0.000069,0.020260,-0.141460,-0.419782,
1624840317.000000,61777592.000000,0.249798,-0.441101,-0.026256,0.010453,0.018066,-0.795021,0.606222,0.080823,-0.009324,0.008859,0.001388,-0.063653,-0.389117,
1624840317.000000,66780567.000000,0.249645,-0.441491,-0.026226,0.010334,0.017921,-0.795589,0.605483,0.083731,-0.008636,0.009084,0.049585,-0.044864,-0.370613,
1624840317.000000,71783304.000000,0.249492,-0.441889,-0.026186,0.010349,0.017795,-0.796176,0.604715,0.085973,-0.007937,0.010159,0.031812,-0.022922,-0.404835,
1624840317.000000,76787472.000000,0.249348,-0.442364,-0.026177,0.010378,0.017822,-0.796816,0.603870,0.096807,-0.003430,0.006668,-0.010146,0.110578,-0.437976,
1624840317.000000,81790447.000000,0.249201,-0.442841,-0.026166,0.010617,0.018094,-0.797489,0.602968,0.102577,-0.001143,0.005443,-0.031305,0.102839,-0.461351,
1624840317.000000,86793423.000000,0.248899,-0.444847,-0.026616,0.010892,0.018297,-0.798213,0.601999,0.135083,0.001794,-0.016181,0.023839,0.012385,-0.460433,
1624840317.000000,91796637.000000,0.248753,-0.445378,-0.026732,0.010939,0.018284,-0.798899,0.601087,0.126679,0.003470,-0.021099,-0.013602,0.033631,-0.458055,
1624840317.000000,96697092.000000,0.248597,-0.445990,-0.026851,0.010962,0.018493,-0.799589,0.600163,0.128470,0.005655,-0.023579,-0.059350,0.084751,-0.461411,
1624840317.000000,101699829.000000,0.248448,-0.446614,-0.027015,0.011155,0.018749,-0.800272,0.599241,0.130427,0.007854,-0.027989,0.018632,0.185080,-0.454961,
1624840317.000000,146727800.000000,0.246197,-0.451304,-0.027447,0.012394,0.018872,-0.806198,0.591215,0.076196,-0.016923,0.021767,0.034711,-0.247012,-0.397463,
1624840317.000000,151730776.000000,0.246012,-0.451617,-0.027317,0.011828,0.018446,-0.806797,0.590422,0.067991,-0.016848,0.025568,-0.028815,-0.275965,-0.409020,
1624840317.000000,156733751.000000,0.244452,-0.452078,-0.027663,0.011133,0.017976,-0.807388,0.589642,0.071006,-0.014185,-0.010859,0.008780,-0.330076,-0.411283,
1624840317.000000,161737680.000000,0.244282,-0.452386,-0.027747,0.010534,0.017409,-0.807998,0.588834,0.068360,-0.012495,-0.016991,0.068200,-0.262364,-0.403698,
1624840317.000000,166740656.000000,0.244123,-0.452682,-0.027853,0.010286,0.017111,-0.808608,0.588009,0.065528,-0.010822,-0.022162,0.004255,-0.023427,-0.422822,
1624840317.000000,171743870.000000,0.243875,-0.453241,-0.027809,0.010399,0.017248,-0.809225,0.587153,0.093094,-0.010589,-0.007644,0.009914,0.137034,-0.406071,
1624840317.000000,176746845.000000,0.243674,-0.453691,-0.027875,0.010712,0.017419,-0.809815,0.586330,0.100715,-0.009288,-0.008211,0.017123,0.125365,-0.420488,
1624840317.000000,181749821.000000,0.243467,-0.454179,-0.027942,0.010891,0.017559,-0.810450,0.585444,0.108329,-0.007938,-0.008532,0.005935,0.071896,-0.433776,
1624840317.000000,186752796.000000,0.243341,-0.455692,-0.027671,0.011462,0.017791,-0.811113,0.584507,0.112185,-0.005783,-0.011678,0.002970,0.126505,-0.452658,
1624840317.000000,191755772.000000,0.243138,-0.456216,-0.027757,0.011691,0.017978,-0.811777,0.583573,0.114372,-0.004065,-0.013792,0.000857,0.059999,-0.452871,
1624840317.000000,236783981.000000,0.239653,-0.462038,-0.028997,0.012412,0.018534,-0.817671,0.575253,0.106135,-0.026955,0.027678,0.088144,0.142927,-0.461300,
1624840317.000000,241786718.000000,0.239340,-0.462490,-0.028852,0.012729,0.018534,-0.818316,0.574328,0.102043,-0.029903,0.038192,0.073296,0.031283,-0.428362,
1624840317.000000,246789932.000000,0.239126,-0.462871,-0.028930,0.012652,0.018325,-0.818908,0.573493,0.088156,-0.020513,0.009547,0.043438,-0.166409,-0.394087,
1624840317.000000,251792908.000000,0.238891,-0.463234,-0.028911,0.012185,0.017907,-0.819479,0.572700,0.080072,-0.018603,0.004509,0.041182,-0.316828,-0.396212,
1624840317.000000,256796837.000000,0.238139,-0.463414,-0.029150,0.011773,0.017559,-0.820049,0.571903,0.057026,-0.020803,-0.020899,-0.037099,-0.274945,-0.411214,
1624840317.000000,261799812.000000,0.237953,-0.463623,-0.029298,0.011170,0.017305,-0.820641,0.571073,0.048133,-0.018997,-0.028618,-0.010425,-0.274696,-0.404903,
1624840317.000000,266802788.000000,0.237576,-0.464187,-0.029372,0.010623,0.016833,-0.821224,0.570259,0.083693,-0.023729,-0.023681,0.061932,-0.254740,-0.404741,
1624840317.000000,271805763.000000,0.237314,-0.464543,-0.029515,0.010424,0.016549,-0.821825,0.569404,0.087995,-0.023799,-0.027133,0.040437,0.050154,-0.435645,
1624840317.000000,276808739.000000,0.237042,-0.464924,-0.029675,0.010816,0.016773,-0.822447,0.568492,0.092830,-0.023831,-0.030339,0.011480,0.245685,-0.428459,
1624840317.000000,281811714.000000,0.236779,-0.465383,-0.029842,0.011287,0.017091,-0.823038,0.567617,0.104180,-0.018422,-0.032136,0.013607,0.199385,-0.422771,
1624840317.000000,331842899.000000,0.234452,-0.472116,-0.029755,0.012761,0.018371,-0.829366,0.558258,0.097792,-0.022208,0.023533,0.068154,0.121491,-0.468676,
1624840317.000000,336845875.000000,0.234159,-0.472525,-0.029635,0.013003,0.018360,-0.830001,0.557308,0.094621,-0.025271,0.033327,0.073300,0.061241,-0.436778,
1624840317.000000,341848850.000000,0.233947,-0.472837,-0.029623,0.013198,0.018262,-0.830595,0.556421,0.077186,-0.020492,0.020242,0.096815,0.021369,-0.420612,
1624840317.000000,346853018.000000,0.233715,-0.473138,-0.029532,0.013240,0.018042,-0.831177,0.555558,0.067955,-0.020490,0.020678,0.071474,-0.103471,-0.400602,
1624840317.000000,351855993.000000,0.233500,-0.473396,-0.029439,0.012905,0.017702,-0.831733,0.554744,0.058527,-0.020542,0.021091,0.027519,-0.259493,-0.399271,
1624840317.000000,356858969.000000,0.233064,-0.474237,-0.029321,0.012305,0.017298,-0.832288,0.553937,0.068701,-0.016497,0.008628,0.008419,-0.329448,-0.417561,
1624840317.000000,361861944.000000,0.232863,-0.474512,-0.029299,0.011612,0.016836,-0.832875,0.553084,0.065524,-0.015033,0.004084,0.010594,-0.318822,-0.408080,
1624840317.000000,366864920.000000,0.232674,-0.474776,-0.029292,0.011048,0.016478,-0.833433,0.552265,0.062482,-0.013585,0.000013,-0.016924,-0.181345,-0.392997,
1624840317.000000,371867657.000000,0.232494,-0.475036,-0.029285,0.010820,0.016368,-0.833981,0.551445,0.059795,-0.012140,-0.002988,0.033628,-0.029267,-0.400469,
1624840317.000000,376870871.000000,0.232192,-0.475511,-0.029250,0.010958,0.016306,-0.834546,0.550588,0.087275,-0.014848,0.000137,0.049429,0.107018,-0.417557,
1624840317.000000,426901817.000000,0.231163,-0.481761,-0.030939,0.012435,0.017926,-0.840652,0.541135,0.098207,-0.003359,0.018460,0.052133,0.075418,-0.466632,
1624840317.000000,431904793.000000,0.230939,-0.482199,-0.030842,0.012735,0.017960,-0.841286,0.540142,0.096276,-0.005963,0.027826,0.070308,0.153707,-0.469815,
1624840317.000000,436908007.000000,0.230776,-0.482501,-0.030723,0.013148,0.018015,-0.841911,0.539156,0.078757,-0.007301,0.033916,0.094687,0.119323,-0.453877,
1624840317.000000,441911936.000000,0.230579,-0.482832,-0.030552,0.013385,0.017891,-0.842504,0.538227,0.071683,-0.009555,0.041719,0.100202,-0.005120,-0.419759,
1624840317.000000,446914911.000000,0.230389,-0.483122,-0.030335,0.013373,0.017648,-0.843066,0.537354,0.064183,-0.011850,0.049955,0.072426,-0.091037,-0.419571,
1624840317.000000,451917887.000000,0.230280,-0.483370,-0.030313,0.013117,0.017355,-0.843632,0.536481,0.053034,-0.003938,0.024849,0.031922,-0.224049,-0.397569,
1624840317.000000,456920862.000000,0.230572,-0.483753,-0.030761,0.012641,0.017113,-0.844176,0.535644,0.040731,0.005230,-0.004322,0.021126,-0.340053,-0.398229,
1624840317.000000,461923838.000000,0.230521,-0.483929,-0.030804,0.011920,0.016603,-0.844734,0.534797,0.032748,0.006916,-0.009908,0.027703,-0.345233,-0.405072,
1624840317.000000,466927052.000000,0.230340,-0.484369,-0.030808,0.011349,0.016237,-0.845274,0.533965,0.063141,0.007031,-0.006229,-0.025375,-0.145522,-0.397361,
1624840317.000000,471929789.000000,0.230234,-0.484678,-0.030834,0.011172,0.016220,-0.845801,0.533134,0.067802,0.008244,-0.006607,0.013281,-0.035927,-0.386849,
1624840317.000000,566988945.000000,0.228765,-0.494754,-0.030887,0.011783,0.015888,-0.856654,0.515512,0.047838,0.019755,-0.003646,-0.019989,-0.144659,-0.394343,
1624840317.000000,571991920.000000,0.228744,-0.495011,-0.030955,0.011608,0.015855,-0.857166,0.514665,0.046798,0.021305,-0.011208,0.023990,-0.069318,-0.393466,
1624840317.000000,576994896.000000,0.228647,-0.495388,-0.030993,0.011526,0.015661,-0.857679,0.513817,0.065905,0.020273,-0.008348,0.054851,0.002666,-0.406062,
1624840317.000000,581998110.000000,0.228574,-0.495740,-0.031055,0.011673,0.015670,-0.858218,0.512913,0.072610,0.020838,-0.010299,0.022309,0.053102,-0.431761,
1624840317.000000,587001801.000000,0.228487,-0.496122,-0.031126,0.011814,0.015738,-0.858781,0.511965,0.079382,0.021441,-0.012285,0.003277,0.126817,-0.446670,
1624840317.000000,592004776.000000,0.227189,-0.497500,-0.030734,0.012372,0.015960,-0.859405,0.510897,0.092390,0.021871,-0.000608,-0.014758,0.139635,-0.458431,
1624840317.000000,597007990.000000,0.227075,-0.497953,-0.030753,0.012562,0.016149,-0.859978,0.509920,0.094081,0.024380,-0.003088,-0.011711,0.087027,-0.433056,
1624840317.000000,602010965.000000,0.226970,-0.498412,-0.030795,0.012706,0.016257,-0.860521,0.508997,0.095329,0.026882,-0.006073,0.011833,0.061770,-0.439027,
1624840317.000000,607013941.000000,0.226868,-0.498887,-0.030879,0.012814,0.016353,-0.861093,0.508023,0.096912,0.029406,-0.010235,-0.037929,0.067984,-0.451165,
1624840317.000000,612016916.000000,0.226756,-0.499315,-0.030924,0.012903,0.016603,-0.861655,0.507058,0.092387,0.026772,-0.007699,-0.057740,0.103054,-0.446676,
1624840317.000000,652041674.000000,0.224391,-0.501745,-0.031440,0.013792,0.016380,-0.866230,0.499187,0.053845,-0.002143,0.039732,0.068480,-0.196878,-0.415801,
1624840317.000000,657044888.000000,0.222337,-0.503122,-0.031156,0.013531,0.015995,-0.866752,0.498300,0.049806,-0.004573,0.013800,0.033210,-0.308820,-0.413906,
1624840317.000000,662047863.000000,0.222204,-0.503314,-0.031106,0.012844,0.015563,-0.867275,0.497420,0.042404,-0.003087,0.009032,0.010839,-0.305962,-0.411665,
1624840317.000000,667051792.000000,0.222096,-0.503477,-0.031074,0.012291,0.015310,-0.867796,0.496532,0.034922,-0.001636,0.004815,-0.053899,-0.150177,-0.413859,
1624840317.000000,672055006.000000,0.221892,-0.503777,-0.030955,0.011996,0.015255,-0.868300,0.495660,0.056074,-0.003157,0.015151,0.046271,-0.127901,-0.387328,
1624840317.000000,677057743.000000,0.221730,-0.504023,-0.030889,0.011855,0.014938,-0.868789,0.494815,0.060610,-0.002857,0.014127,0.065068,-0.024743,-0.412478,
1624840317.000000,682060719.000000,0.221556,-0.504290,-0.030834,0.011997,0.014976,-0.869320,0.493878,0.065365,-0.002527,0.013270,0.009388,0.102818,-0.429017,
1624840317.000000,687063932.000000,0.221384,-0.504612,-0.030845,0.012221,0.015084,-0.869841,0.492950,0.073629,0.002053,0.003818,0.013074,0.097006,-0.429687,
1624840317.000000,692066908.000000,0.219073,-0.506760,-0.030765,0.012669,0.015212,-0.870396,0.491954,0.104289,-0.001788,0.012058,-0.015487,0.040751,-0.458549,
1624840317.000000,697069883.000000,0.218795,-0.507216,-0.030730,0.012728,0.015353,-0.870960,0.490949,0.108240,0.000348,0.010831,-0.023425,0.100574,-0.448141,
1624840317.000000,747100830.000000,0.213162,-0.513188,-0.032147,0.014136,0.015787,-0.876488,0.480958,0.110220,-0.031166,0.049094,0.081164,0.000631,-0.427648,
1624840317.000000,752103806.000000,0.212866,-0.513503,-0.032158,0.014047,0.015585,-0.877003,0.480027,0.090958,-0.022564,0.023211,0.028166,-0.133950,-0.422388,
1624840317.000000,757106543.000000,0.211570,-0.513569,-0.032299,0.013931,0.015380,-0.877461,0.479198,0.071878,-0.025506,0.006790,0.007472,-0.269298,-0.406466,
1624840317.000000,762110710.000000,0.211284,-0.513784,-0.032284,0.013255,0.014962,-0.877957,0.478322,0.063079,-0.024412,0.003772,0.044997,-0.330247,-0.410526,
1624840317.000000,767113686.000000,0.210874,-0.514170,-0.032309,0.012669,0.014552,-0.878471,0.477406,0.081935,-0.025000,-0.000810,0.012308,-0.203175,-0.428813,
1624840317.000000,772116899.000000,0.210548,-0.514444,-0.032322,0.012387,0.014411,-0.878981,0.476479,0.081574,-0.024428,-0.002830,0.022259,-0.062645,-0.411828,
1624840317.000000,777119875.000000,0.210228,-0.514713,-0.032344,0.012357,0.014309,-0.879468,0.475582,0.080957,-0.023869,-0.004798,0.030422,0.001781,-0.414757,
1624840317.000000,782122850.000000,0.209871,-0.515068,-0.032339,0.012428,0.014315,-0.879971,0.474649,0.093392,-0.021362,-0.000527,0.018248,0.058837,-0.424605,
1624840317.000000,787125826.000000,0.208538,-0.516203,-0.032547,0.012752,0.014385,-0.880509,0.473640,0.124211,-0.024057,-0.006311,0.008802,0.080239,-0.441488,
1624840317.000000,792128801.000000,0.208089,-0.516667,-0.032603,0.012904,0.014470,-0.881040,0.472645,0.130218,-0.022558,-0.007750,0.006678,0.067249,-0.454422,
1624840317.000000,837157011.000000,0.204181,-0.520380,-0.033698,0.013479,0.015081,-0.885871,0.463490,0.106057,-0.034979,0.014064,0.107866,0.150734,-0.481011,
1624840317.000000,842159986.000000,0.203727,-0.520708,-0.033647,0.014014,0.015035,-0.886415,0.462435,0.104615,-0.037479,0.020289,0.124117,0.169776,-0.455492,
1624840317.000000,847162962.000000,0.203371,-0.520940,-0.033578,0.014357,0.014940,-0.886920,0.461458,0.088604,-0.036023,0.022775,0.083456,0.039891,-0.420234,
1624840317.000000,852166653.000000,0.202970,-0.521197,-0.033475,0.014305,0.014798,-0.887401,0.460539,0.082966,-0.037244,0.027599,0.007897,-0.132676,-0.413769,
1624840317.000000,857169628.000000,0.202721,-0.521999,-0.033255,0.013990,0.014667,-0.887874,0.459639,0.068093,-0.038576,0.025847,0.003184,-0.266338,-0.421344,
1624840317.000000,862172842.000000,0.202377,-0.522251,-0.033424,0.013307,0.014269,-0.888367,0.458720,0.070173,-0.033210,-0.001297,0.035598,-0.356281,-0.411798,
1624840317.000000,867175817.000000,0.202042,-0.522436,-0.033458,0.012605,0.013820,-0.888862,0.457794,0.066549,-0.032501,-0.007553,0.038717,-0.248930,-0.446670,
1624840317.000000,872178793.000000,0.201718,-0.522610,-0.033518,0.012322,0.013613,-0.889388,0.456784,0.063413,-0.031792,-0.013419,0.015334,-0.029882,-0.441895,
1624840317.000000,877181768.000000,0.201307,-0.522934,-0.033523,0.012405,0.013646,-0.889874,0.455834,0.086694,-0.029306,-0.006429,0.018286,0.078401,-0.423276,
1624840317.000000,882184744.000000,0.200928,-0.523214,-0.033572,0.012623,0.013721,-0.890353,0.454889,0.093306,-0.027845,-0.007651,0.011157,0.105630,-0.416092,
1624840317.000000,927212954.000000,0.198025,-0.528542,-0.034327,0.013562,0.014693,-0.894977,0.445664,0.098573,-0.018619,0.002734,0.014085,-0.061533,-0.479855,
1624840317.000000,932215691.000000,0.197643,-0.528882,-0.034301,0.013435,0.014545,-0.895519,0.444582,0.097031,-0.019716,0.007698,0.050683,-0.042122,-0.476901,
1624840317.000000,937218904.000000,0.197243,-0.529192,-0.034158,0.013510,0.014432,-0.896045,0.443523,0.094261,-0.025034,0.026252,0.085475,0.060093,-0.475526,
1624840317.000000,942222834.000000,0.196849,-0.529490,-0.034013,0.013861,0.014344,-0.896570,0.442453,0.091539,-0.027822,0.035891,0.108145,0.171198,-0.461970,
1624840317.000000,947226048.000000,0.196457,-0.529766,-0.033823,0.014304,0.014319,-0.897055,0.441455,0.088863,-0.030610,0.045815,0.076136,0.081044,-0.419208,
1624840317.000000,952229023.000000,0.196061,-0.530024,-0.033584,0.014303,0.014207,-0.897508,0.440536,0.086448,-0.033425,0.055484,0.017491,-0.093843,-0.407363,
1624840317.000000,957231998.000000,0.195493,-0.531067,-0.034107,0.014174,0.014051,-0.897949,0.439646,0.073615,-0.022271,-0.000052,0.023605,-0.258552,-0.414995,
1624840317.000000,962234735.000000,0.195192,-0.531280,-0.034133,0.013514,0.013662,-0.898428,0.438701,0.067815,-0.020699,-0.006206,0.024075,-0.309997,-0.440465,
1624840317.000000,967237949.000000,0.194914,-0.531473,-0.034192,0.012894,0.013322,-0.898929,0.437703,0.062141,-0.019145,-0.012395,0.033257,-0.242850,-0.444950,
1624840317.000000,972240925.000000,0.194433,-0.531885,-0.034151,0.012537,0.013071,-0.899417,0.436717,0.089361,-0.020971,-0.004116,0.020902,-0.073634,-0.440480,
1624840318.000000,62296867.000000,0.187894,-0.540503,-0.034937,0.013646,0.013046,-0.908114,0.418297,0.080447,-0.022485,0.005346,0.011005,-0.202409,-0.449192,
1624840318.000000,67300081.000000,0.187556,-0.540730,-0.034928,0.013238,0.012837,-0.908592,0.417278,0.078978,-0.021486,0.003104,0.020747,-0.161947,-0.439761,
1624840318.000000,72303057.000000,0.187227,-0.540952,-0.034928,0.012932,0.012654,-0.909051,0.416293,0.077382,-0.020504,0.001000,0.022903,-0.110188,-0.442616,
1624840318.000000,77306747.000000,0.186907,-0.541170,-0.034941,0.012832,0.012573,-0.909517,0.415279,0.075789,-0.019526,-0.001182,0.017558,0.039966,-0.437630,
1624840318.000000,82309961.000000,0.186488,-0.541515,-0.034954,0.013106,0.012665,-0.909962,0.414291,0.093541,-0.017871,-0.001318,0.024946,0.171963,-0.437323,
1624840318.000000,87312937.000000,0.186596,-0.543060,-0.034944,0.013736,0.012973,-0.910477,0.413129,0.109298,-0.012328,-0.005958,0.004984,0.123356,-0.429088,
1624840318.000000,92315674.000000,0.186191,-0.543435,-0.035006,0.013910,0.013074,-0.910919,0.412144,0.113490,-0.011014,-0.008202,0.006787,0.061155,-0.441664,
1624840318.000000,97362995.000000,0.185882,-0.543726,-0.035121,0.014018,0.013130,-0.911387,0.411102,0.102313,-0.008296,-0.015059,-0.013034,0.035049,-0.467409,
1624840318.000000,102365971.000000,0.185518,-0.544080,-0.035220,0.014020,0.013228,-0.911862,0.410044,0.101672,-0.006562,-0.017760,-0.028359,0.008436,-0.451519,
1624840318.000000,107369184.000000,0.185163,-0.544433,-0.035334,0.013989,0.013296,-0.912320,0.409022,0.100723,-0.004843,-0.020755,-0.017483,-0.001067,-0.459709,
1624840318.000000,152397156.000000,0.180616,-0.547785,-0.035599,0.014540,0.012869,-0.916407,0.399776,0.082003,-0.028356,0.030815,0.028453,-0.082184,-0.411981,
1624840318.000000,157400131.000000,0.180336,-0.548125,-0.035518,0.014428,0.012744,-0.916845,0.398778,0.068760,-0.027317,0.008385,0.028052,-0.208555,-0.416161,
1624840318.000000,162403107.000000,0.180009,-0.548277,-0.035505,0.013917,0.012439,-0.917282,0.397802,0.065446,-0.026470,0.004030,0.034934,-0.232180,-0.438683,
1624840318.000000,167407274.000000,0.179694,-0.548423,-0.035507,0.013491,0.012213,-0.917731,0.396786,0.062330,-0.025629,0.000170,0.013405,-0.131402,-0.448281,
1624840318.000000,172410011.000000,0.179312,-0.548647,-0.035470,0.013285,0.012116,-0.918170,0.395779,0.076483,-0.024494,0.004540,0.011259,-0.069428,-0.422805,
1624840318.000000,177413225.000000,0.178956,-0.548847,-0.035462,0.013173,0.012038,-0.918582,0.394828,0.080533,-0.023521,0.004067,0.027247,-0.018056,-0.418241,
1624840318.000000,182416201.000000,0.178588,-0.549067,-0.035455,0.013283,0.012024,-0.919006,0.393836,0.084492,-0.022518,0.003792,0.025254,0.111204,-0.441877,
1624840318.000000,187419176.000000,0.177903,-0.550812,-0.035688,0.013843,0.012223,-0.919493,0.392674,0.100742,-0.020052,0.000137,-0.003514,0.173188,-0.447344,
1624840318.000000,192422390.000000,0.177494,-0.551123,-0.035784,0.014119,0.012376,-0.919925,0.391645,0.103576,-0.017115,-0.008337,0.004775,0.057755,-0.445110,
1624840318.000000,197425365.000000,0.177071,-0.551443,-0.035853,0.014145,0.012388,-0.920363,0.390612,0.106686,-0.015495,-0.011717,-0.006538,0.017544,-0.453636,
1624840318.000000,247456074.000000,0.172207,-0.554765,-0.036415,0.014991,0.012387,-0.924731,0.380125,0.076919,-0.035829,0.040633,0.053124,-0.065151,-0.421654,
1624840318.000000,252460241.000000,0.171863,-0.554913,-0.036397,0.014758,0.012198,-0.925136,0.379152,0.068582,-0.031220,0.021249,0.048472,-0.133568,-0.421718,
1624840318.000000,257463217.000000,0.170853,-0.555480,-0.036719,0.014735,0.012058,-0.925553,0.378139,0.065400,-0.033855,-0.002755,0.024531,-0.185779,-0.414380,
1624840318.000000,262465954.000000,0.170513,-0.555579,-0.036748,0.014239,0.011846,-0.925950,0.377191,0.059819,-0.033434,-0.006048,0.015474,-0.221293,-0.414243,
1624840318.000000,267469168.000000,0.170060,-0.555800,-0.036782,0.013808,0.011624,-0.926354,0.376221,0.076326,-0.032077,-0.007161,0.025450,-0.143938,-0.427110,
1624840318.000000,272472143.000000,0.169674,-0.555952,-0.036833,0.013615,0.011504,-0.926761,0.375229,0.077801,-0.031331,-0.009661,0.023149,-0.034544,-0.427147,
1624840318.000000,277475119.000000,0.169285,-0.556112,-0.036899,0.013595,0.011446,-0.927157,0.374251,0.079471,-0.030577,-0.012229,0.027463,-0.016266,-0.414336,
1624840318.000000,282478333.000000,0.168851,-0.556338,-0.036970,0.013596,0.011398,-0.927550,0.373279,0.090217,-0.027905,-0.013194,0.020042,0.033868,-0.433354,
1624840318.000000,287481070.000000,0.168742,-0.557733,-0.036733,0.014005,0.011570,-0.927979,0.372189,0.105836,-0.020536,-0.006420,-0.007597,0.121224,-0.452748,
1624840318.000000,292484045.000000,0.168281,-0.558035,-0.036781,0.014304,0.011729,-0.928395,0.371134,0.111254,-0.018896,-0.007665,0.005000,0.142464,-0.452658,
1624840318.000000,332509279.000000,0.164225,-0.560477,-0.037868,0.014923,0.012174,-0.931661,0.362817,0.087708,-0.032482,0.006487,0.058620,0.036757,-0.438928,
1624840318.000000,337512016.000000,0.163786,-0.560649,-0.037832,0.015066,0.012091,-0.932056,0.361798,0.086187,-0.034841,0.013881,0.061608,0.082630,-0.443982,
1624840318.000000,342514992.000000,0.163343,-0.560809,-0.037757,0.015354,0.012069,-0.932459,0.360749,0.084786,-0.037193,0.021489,0.049977,0.099409,-0.440056,
1624840318.000000,347518921.000000,0.162964,-0.560925,-0.037713,0.015533,0.011997,-0.932845,0.359742,0.073844,-0.036267,0.018424,0.090110,0.011131,-0.424894,
1624840318.000000,352521896.000000,0.162842,-0.561833,-0.037417,0.015672,0.011816,-0.933229,0.358746,0.060059,-0.034692,0.022490,0.052542,-0.114927,-0.411142,
1624840318.000000,357525110.000000,0.162510,-0.561895,-0.037311,0.015299,0.011640,-0.933603,0.357793,0.053643,-0.035843,0.024888,0.011268,-0.198725,-0.413205,
1624840318.000000,362528086.000000,0.162160,-0.562032,-0.037401,0.014820,0.011435,-0.933986,0.356820,0.058769,-0.031294,0.004316,0.014866,-0.197744,-0.423939,
1624840318.000000,367531061.000000,0.161844,-0.562107,-0.037396,0.014387,0.011241,-0.934369,0.355840,0.055804,-0.030622,-0.000212,0.028552,-0.185737,-0.413344,
1624840318.000000,372534037.000000,0.161544,-0.562171,-0.037414,0.014052,0.011034,-0.934741,0.354880,0.052625,-0.029968,-0.004702,0.039375,-0.088862,-0.418477,
1624840318.000000,377537012.000000,0.161173,-0.562316,-0.037395,0.014018,0.010950,-0.935119,0.353886,0.066612,-0.027810,0.000155,0.025492,0.024118,-0.425080,
1624840318.000000,467592955.000000,0.151074,-0.572097,-0.037143,0.014868,0.011044,-0.941945,0.335257,0.075031,-0.019365,0.021654,0.019536,-0.194198,-0.425255,
1624840318.000000,472597122.000000,0.150612,-0.572360,-0.037066,0.014519,0.010852,-0.942298,0.334283,0.091664,-0.018149,0.018311,0.028668,-0.110626,-0.408998,
1624840318.000000,477599144.000000,0.150192,-0.572586,-0.036995,0.014352,0.010752,-0.942643,0.333320,0.094577,-0.017556,0.015716,0.026138,-0.048928,-0.410117,
1624840318.000000,482603073.000000,0.149763,-0.572822,-0.036937,0.014369,0.010698,-0.942988,0.332346,0.097451,-0.016950,0.013199,0.026384,0.078672,-0.415456,
1624840318.000000,487606049.000000,0.147378,-0.576032,-0.036178,0.014900,0.011028,-0.943338,0.331316,0.131118,-0.002963,0.016486,0.009168,0.094592,-0.422861,
1624840318.000000,492609024.000000,0.146850,-0.576443,-0.036120,0.015027,0.011088,-0.943692,0.330298,0.135624,-0.001013,0.014708,-0.000556,0.039580,-0.439902,
1624840318.000000,497612000.000000,0.146308,-0.576876,-0.036074,0.015097,0.011145,-0.944058,0.329245,0.140255,0.000970,0.012923,-0.013190,0.032439,-0.447438,
1624840318.000000,502615213.000000,0.145785,-0.577279,-0.036020,0.015187,0.011236,-0.944429,0.328172,0.136746,0.000033,0.012899,-0.006998,0.080921,-0.466462,
1624840318.000000,507618189.000000,0.145246,-0.577709,-0.035983,0.015418,0.011332,-0.944806,0.327070,0.137565,0.000865,0.011547,0.008102,0.103675,-0.447607,
1624840318.000000,512621164.000000,0.144708,-0.578141,-0.035952,0.015640,0.011441,-0.945159,0.326036,0.138163,0.001673,0.010576,-0.028009,0.106441,-0.439710,
1624840318.000000,562653303.000000,0.136483,-0.587555,-0.035688,0.016284,0.011267,-0.948643,0.315729,0.123004,0.004163,0.043103,0.010062,-0.231729,-0.404708,
1624840318.000000,567656040.000000,0.135993,-0.588006,-0.035689,0.015599,0.011046,-0.948975,0.314772,0.123723,0.008566,0.024675,0.019283,-0.270274,-0.413168,
1624840318.000000,572659016.000000,0.135528,-0.588408,-0.035606,0.015071,0.010823,-0.949315,0.313778,0.120055,0.009322,0.019653,0.014488,-0.202311,-0.426046,
1624840318.000000,577661991.000000,0.135077,-0.588803,-0.035552,0.014687,0.010679,-0.949652,0.312779,0.116709,0.010068,0.014355,0.035228,-0.092830,-0.412252,
1624840318.000000,582664967.000000,0.134513,-0.589287,-0.035481,0.014651,0.010581,-0.949973,0.311810,0.135901,0.010909,0.016242,0.016748,0.026434,-0.409937,
1624840318.000000,587667942.000000,0.132121,-0.589768,-0.034839,0.014765,0.010773,-0.950277,0.310869,0.155836,0.007875,0.023560,0.011718,0.106782,-0.427004,
1624840318.000000,592671156.000000,0.131504,-0.590272,-0.034748,0.015035,0.010832,-0.950609,0.309838,0.160581,0.008779,0.023722,0.014268,0.096408,-0.433436,
1624840318.000000,597707272.000000,0.130931,-0.590781,-0.034723,0.015184,0.010880,-0.950943,0.308802,0.159264,0.012813,0.016385,0.007628,0.035711,-0.437631,
1624840318.000000,602710485.000000,0.130319,-0.591310,-0.034681,0.015242,0.010914,-0.951284,0.307746,0.162113,0.014756,0.013613,-0.012400,0.038674,-0.451482,
1624840318.000000,607714415.000000,0.129699,-0.591855,-0.034655,0.015354,0.011029,-0.951633,0.306655,0.164991,0.016723,0.010729,-0.021177,0.077080,-0.462183,
1624840318.000000,647738457.000000,0.124821,-0.594931,-0.035071,0.016347,0.011396,-0.954357,0.298004,0.132611,0.001089,0.042635,0.083378,0.196197,-0.452569,
1624840318.000000,652741432.000000,0.123039,-0.595320,-0.035076,0.016813,0.011363,-0.954666,0.296985,0.136938,-0.007993,0.062544,0.079661,0.127128,-0.413102,
1624840318.000000,657745600.000000,0.122449,-0.595673,-0.034754,0.017004,0.011248,-0.954965,0.296018,0.133767,-0.010977,0.073742,0.052360,-0.010704,-0.401256,
1624840318.000000,662748575.000000,0.122121,-0.595982,-0.034843,0.016788,0.011116,-0.955264,0.295067,0.109397,-0.000494,0.037312,0.025338,-0.188651,-0.389740,
1624840318.000000,667751312.000000,0.121680,-0.596285,-0.034690,0.016166,0.010901,-0.955562,0.294145,0.100706,0.000399,0.033509,-0.003102,-0.312945,-0.398035,
1624840318.000000,672754526.000000,0.121281,-0.596563,-0.034559,0.015372,0.010678,-0.955878,0.293166,0.091764,0.001273,0.029008,0.025179,-0.324554,-0.425903,
1624840318.000000,677757502.000000,0.120763,-0.596914,-0.034439,0.014767,0.010408,-0.956204,0.292144,0.108714,0.000636,0.027465,0.030125,-0.162780,-0.427037,
1624840318.000000,682760477.000000,0.120308,-0.597226,-0.034327,0.014573,0.010328,-0.956511,0.291149,0.110012,0.000911,0.025256,0.011498,-0.036739,-0.404590,
1624840318.000000,687763691.000000,0.118366,-0.597662,-0.034859,0.014518,0.010440,-0.956795,0.290212,0.130837,0.000867,0.016981,0.020021,0.080061,-0.407613,
1624840318.000000,692766428.000000,0.117753,-0.598124,-0.034878,0.014794,0.010489,-0.957093,0.289214,0.144156,0.005462,0.008997,0.013777,0.109493,-0.421587,
1624840318.000000,737794399.000000,0.111540,-0.601565,-0.035972,0.016217,0.011417,-0.959935,0.279520,0.138086,0.001422,0.008988,-0.004508,-0.075254,-0.448188,
1624840318.000000,742798328.000000,0.110964,-0.601933,-0.035936,0.016080,0.011354,-0.960255,0.278429,0.135608,-0.001138,0.016624,0.053784,0.002499,-0.467271,
1624840318.000000,747801542.000000,0.110390,-0.602284,-0.035860,0.016301,0.011220,-0.960581,0.277296,0.133400,-0.003684,0.024554,0.102114,0.124100,-0.459007,
1624840318.000000,752804518.000000,0.109029,-0.602376,-0.035368,0.016714,0.011099,-0.960865,0.276289,0.119487,-0.008766,0.028819,0.092320,0.169565,-0.425755,
1624840318.000000,757807255.000000,0.108512,-0.602645,-0.035228,0.017063,0.011025,-0.961145,0.275294,0.113822,-0.009870,0.032176,0.058092,0.038804,-0.394932,
1624840318.000000,762810469.000000,0.108022,-0.602892,-0.035083,0.016942,0.010888,-0.961416,0.274361,0.107761,-0.011006,0.035061,0.039934,-0.135868,-0.388401,
1624840318.000000,767813444.000000,0.107541,-0.603126,-0.034932,0.016478,0.010709,-0.961696,0.273411,0.102272,-0.012160,0.037611,0.002841,-0.257329,-0.405553,
1624840318.000000,772816420.000000,0.107088,-0.603403,-0.034967,0.015782,0.010539,-0.961988,0.272432,0.100444,-0.006183,0.017869,0.008838,-0.283181,-0.410940,
1624840318.000000,777819633.000000,0.106650,-0.603640,-0.034919,0.015160,0.010313,-0.962279,0.271447,0.096275,-0.004984,0.012863,0.035854,-0.242487,-0.415111,
1624840318.000000,782823563.000000,0.106236,-0.603868,-0.034878,0.014733,0.010117,-0.962571,0.270440,0.091964,-0.003805,0.008513,0.035752,-0.090488,-0.423679,
1624840318.000000,827851295.000000,0.099443,-0.603076,-0.035795,0.016139,0.010781,-0.965130,0.261050,0.128371,-0.011199,-0.012934,-0.017956,0.122295,-0.443770,
1624840318.000000,832854509.000000,0.098886,-0.603300,-0.035861,0.016302,0.010890,-0.965413,0.259986,0.123294,-0.014134,-0.010928,-0.032405,0.027730,-0.435282,
1624840318.000000,837857485.000000,0.098317,-0.603544,-0.035931,0.016293,0.011016,-0.965696,0.258929,0.122126,-0.014749,-0.009847,-0.033954,0.027257,-0.448999,
1624840318.000000,842860222.000000,0.097750,-0.603784,-0.036006,0.016323,0.011053,-0.965989,0.257832,0.121130,-0.015353,-0.009715,0.036464,-0.027918,-0.449243,
1624840318.000000,847863197.000000,0.097173,-0.603959,-0.035887,0.016245,0.010872,-0.966282,0.256744,0.116465,-0.024272,0.017483,0.094233,-0.015374,-0.459612,
1624840318.000000,852866411.000000,0.095659,-0.602948,-0.035742,0.016425,0.010683,-0.966559,0.255697,0.108345,-0.039872,0.043026,0.120529,0.125200,-0.461985,
1624840318.000000,857869387.000000,0.095087,-0.603037,-0.035517,0.016867,0.010542,-0.966844,0.254592,0.104955,-0.043829,0.054918,0.070866,0.163722,-0.445862,
1624840318.000000,862872362.000000,0.094699,-0.603162,-0.035646,0.017152,0.010543,-0.967113,0.253548,0.088315,-0.030634,0.018994,0.021261,0.035528,-0.406576,
1624840318.000000,867876530.000000,0.094250,-0.603243,-0.035571,0.016920,0.010433,-0.967364,0.252608,0.081027,-0.029003,0.015413,0.035323,-0.262059,-0.380767,
1624840318.000000,872879267.000000,0.093849,-0.603306,-0.035497,0.016153,0.010191,-0.967624,0.251674,0.072969,-0.027410,0.012564,-0.006955,-0.273470,-0.403181,
1624840318.000000,962935209.000000,0.079479,-0.608707,-0.034297,0.017185,0.010411,-0.972377,0.232550,0.103040,-0.030050,0.047193,0.027423,0.033387,-0.417169,
1624840318.000000,967938423.000000,0.078959,-0.608802,-0.034072,0.017036,0.010348,-0.972612,0.231577,0.097366,-0.030729,0.050196,0.018777,-0.191986,-0.386114,
1624840318.000000,972941399.000000,0.078441,-0.608918,-0.033971,0.016376,0.010150,-0.972850,0.230634,0.096791,-0.027827,0.033196,0.025329,-0.292922,-0.406205,
1624840318.000000,977944374.000000,0.077951,-0.609013,-0.033832,0.015728,0.009945,-0.973102,0.229622,0.092782,-0.027083,0.028445,0.031668,-0.249591,-0.418274,
1624840318.000000,982947588.000000,0.077482,-0.609099,-0.033714,0.015231,0.009772,-0.973350,0.228611,0.088706,-0.026363,0.023889,0.020064,-0.140910,-0.422268,
1624840318.000000,987950325.000000,0.076974,-0.607815,-0.033999,0.015086,0.009876,-0.973587,0.227601,0.103528,-0.028355,0.009279,0.014465,-0.087093,-0.408695,
1624840318.000000,992953300.000000,0.076434,-0.607928,-0.033962,0.014964,0.009830,-0.973818,0.226624,0.109061,-0.027457,0.009074,0.010324,0.027258,-0.406185,
1624840318.000000,997956514.000000,0.075876,-0.608050,-0.033931,0.015179,0.009866,-0.974053,0.225595,0.114008,-0.026559,0.008703,0.021891,0.105801,-0.435152,
1624840319.000000,2960443.000000,0.075301,-0.608182,-0.033909,0.015457,0.009879,-0.974296,0.224525,0.118525,-0.025642,0.008272,0.026356,0.136693,-0.432058,
