1624910725.326306,0.000000,0.575268,-0.499210,0.196810,
1624910725.330468,0.000000,0.575222,-0.499166,0.196784,
1624910725.334628,0.000000,0.575267,-0.499220,0.196818,
1624910725.338798,0.000000,0.575224,-0.499172,0.196778,
1624910725.342959,0.000000,0.575259,-0.499216,0.196808,
1624910736.097215,0.000000,0.575239,-0.499195,0.196785,
1624910736.101327,0.000000,0.575271,-0.499207,0.196795,
1624910736.105495,0.000000,0.575253,-0.499192,0.196785,
1624910736.109662,0.000000,0.575273,-0.499220,0.196799,
1624910736.113953,0.000000,0.575245,-0.499195,0.196767,
1624910736.117985,0.000000,0.575259,-0.499220,0.196796,
1624910736.122159,0.000000,0.575243,-0.499195,0.196774,
1624910736.126328,0.000000,0.575256,-0.499212,0.196811,
1624910736.130489,0.000000,0.575217,-0.499166,0.196780,
1624910736.134650,0.000000,0.575247,-0.499184,0.196794,
1624910736.138836,0.000000,0.575247,-0.499176,0.196768,
1624910736.201320,0.000000,0.578467,-0.499809,0.196468,
1624910736.205483,0.000000,0.578982,-0.499859,0.196431,
1624910736.209657,0.000000,0.579516,-0.499960,0.196433,
1624910736.213814,0.000000,0.580029,-0.500009,0.196395,
1624910736.217989,0.000000,0.580592,-0.500131,0.196451,
1624910736.222152,0.000000,0.581109,-0.500204,0.196464,
1624910736.226319,0.000000,0.581604,-0.500283,0.196487,
1624910736.230490,0.000000,0.582076,-0.500360,0.196515,
1624910736.234661,0.000000,0.582547,-0.500465,0.196565,
1624910736.238854,0.000000,0.583012,-0.500583,0.196625,
1624910736.301290,0.000000,0.591168,-0.502520,0.196474,
1624910736.305449,0.000000,0.591712,-0.502595,0.196410,
1624910736.309621,0.000000,0.592288,-0.502689,0.196355,
1624910736.313787,0.000000,0.592901,-0.502788,0.196309,
1624910736.317948,0.000000,0.593491,-0.502907,0.196291,
1624910736.322121,0.000000,0.594094,-0.503067,0.196314,
1624910736.326318,0.000000,0.594662,-0.503238,0.196358,
1624910736.330490,0.000000,0.595225,-0.503450,0.196449,
1624910736.334616,0.000000,0.595701,-0.503586,0.196497,
1624910736.338786,0.000000,0.596204,-0.503794,0.196612,
1624910736.401285,0.000000,0.604318,-0.505881,0.196284,
1624910736.405451,0.000000,0.604928,-0.506008,0.196233,
1624910736.409614,0.000000,0.605505,-0.506171,0.196206,
1624910736.413810,0.000000,0.606123,-0.506342,0.196130,
1624910736.417951,0.000000,0.606641,-0.506465,0.196053,
1624910736.422115,0.000000,0.607286,-0.506707,0.196115,
1624910736.426283,0.000000,0.607777,-0.506869,0.196141,
1624910736.430460,0.000000,0.608352,-0.507058,0.196163,
1624910736.434622,0.000000,0.608876,-0.507278,0.196332,
1624910736.438823,0.000000,0.609333,-0.507388,0.196345,
1624910736.501266,0.000000,0.617383,-0.509902,0.196202,
1624910736.505438,0.000000,0.618022,-0.510093,0.196128,
1624910736.509614,0.000000,0.618608,-0.510269,0.196096,
1624910736.513849,0.000000,0.619193,-0.510436,0.196025,
1624910736.517947,0.000000,0.619729,-0.510578,0.195929,
1624910736.522107,0.000000,0.620317,-0.510794,0.195910,
1624910736.526278,0.000000,0.620905,-0.511042,0.195993,
1624910736.530448,0.000000,0.621415,-0.511268,0.196106,
1624910736.534603,0.000000,0.621867,-0.511455,0.196144,
1624910736.538836,0.000000,0.622355,-0.511668,0.196233,
1624910736.601328,0.000000,0.630449,-0.514758,0.196274,
1624910736.605483,0.000000,0.631049,-0.514922,0.196191,
1624910736.609639,0.000000,0.631697,-0.515168,0.196124,
1624910736.613813,0.000000,0.632244,-0.515371,0.196055,
1624910736.617987,0.000000,0.632819,-0.515571,0.196045,
1624910736.622156,0.000000,0.633313,-0.515699,0.196049,
1624910736.626309,0.000000,0.633828,-0.515909,0.196079,
1624910736.630481,0.000000,0.634328,-0.516124,0.196125,
1624910736.634664,0.000000,0.634791,-0.516317,0.196165,
1624910736.639037,0.000000,0.635295,-0.516564,0.196208,
1624910736.701316,0.000000,0.643284,-0.520063,0.196254,
1624910736.705487,0.000000,0.643878,-0.520297,0.196196,
1624910736.709641,0.000000,0.644406,-0.520527,0.196157,
1624910736.713810,0.000000,0.644922,-0.520822,0.196187,
1624910736.717985,0.000000,0.645579,-0.521047,0.196140,
1624910736.722133,0.000000,0.646136,-0.521277,0.196125,
1624910736.726309,0.000000,0.646676,-0.521527,0.196144,
1624910736.730473,0.000000,0.647211,-0.521780,0.196206,
1624910736.734641,0.000000,0.647677,-0.522000,0.196241,
1624910736.738812,0.000000,0.648120,-0.522206,0.196270,
1624910736.801308,0.000000,0.655865,-0.525902,0.196123,
1624910736.805474,0.000000,0.656552,-0.526195,0.196058,
1624910736.809643,0.000000,0.657090,-0.526478,0.196022,
1624910736.813807,0.000000,0.657651,-0.526747,0.195990,
1624910736.817979,0.000000,0.658156,-0.527025,0.196009,
1624910736.822147,0.000000,0.658674,-0.527299,0.196032,
1624910736.826320,0.000000,0.659153,-0.527576,0.196094,
1624910736.830476,0.000000,0.659641,-0.527842,0.196168,
1624910736.834644,0.000000,0.660126,-0.528098,0.196214,
1624910736.838836,0.000000,0.660563,-0.528387,0.196262,
1624910736.901311,0.000000,0.668383,-0.532411,0.196082,
1624910736.905477,0.000000,0.668976,-0.532710,0.196063,
1624910736.909638,0.000000,0.669502,-0.533000,0.196035,
1624910736.913883,0.000000,0.670018,-0.533270,0.195993,
1624910736.917976,0.000000,0.670544,-0.533569,0.195965,
1624910736.922145,0.000000,0.671104,-0.533885,0.195979,
1624910736.926332,0.000000,0.671584,-0.534193,0.196045,
1624910736.930483,0.000000,0.672054,-0.534474,0.196087,
1624910736.934661,0.000000,0.672482,-0.534740,0.196139,
1624910736.938890,0.000000,0.672851,-0.534961,0.196179,
1624910737.001301,0.000000,0.680212,-0.539322,0.196071,
1624910737.005499,0.000000,0.680733,-0.539609,0.196020,
1624910737.009639,0.000000,0.681257,-0.539903,0.195962,
1624910737.013822,0.000000,0.681797,-0.540222,0.195929,
1624910737.017971,0.000000,0.682287,-0.540505,0.195902,
1624910737.022142,0.000000,0.682792,-0.540814,0.195912,
1624910737.026298,0.000000,0.683275,-0.541139,0.195979,
1624910737.030468,0.000000,0.683700,-0.541441,0.196031,
1624910737.034629,0.000000,0.684129,-0.541767,0.196113,
1624910737.038810,0.000000,0.684522,-0.542059,0.196144,
1624910737.101311,0.000000,0.691626,-0.546736,0.195950,
1624910737.105476,0.000000,0.692139,-0.546989,0.195877,
1624910737.109648,0.000000,0.692627,-0.547295,0.195822,
1624910737.113826,0.000000,0.693145,-0.547661,0.195792,
1624910737.117975,0.000000,0.693646,-0.547993,0.195801,
1624910737.122144,0.000000,0.694161,-0.548309,0.195795,
1624910737.126312,0.000000,0.694628,-0.548633,0.195827,
1624910737.130466,0.000000,0.695098,-0.548966,0.195848,
1624910737.134640,0.000000,0.695533,-0.549310,0.195918,
1624910737.138814,0.000000,0.695917,-0.549634,0.195989,
1624910737.201309,0.000000,0.702586,-0.554486,0.195941,
1624910737.205505,0.000000,0.703126,-0.554807,0.195841,
1624910737.209643,0.000000,0.703687,-0.555158,0.195767,
1624910737.213810,0.000000,0.704176,-0.555514,0.195718,
1624910737.217975,0.000000,0.704676,-0.555854,0.195666,
1624910737.222136,0.000000,0.705147,-0.556248,0.195721,
1624910737.226301,0.000000,0.705607,-0.556584,0.195758,
1624910737.230474,0.000000,0.706042,-0.556965,0.195787,
1624910737.234639,0.000000,0.706454,-0.557293,0.195837,
1624910737.238812,0.000000,0.706853,-0.557657,0.195907,
1624910737.301259,0.000000,0.713379,-0.562774,0.195860,
1624910737.305440,0.000000,0.713839,-0.563134,0.195815,
1624910737.309594,0.000000,0.714328,-0.563470,0.195756,
1624910737.313859,0.000000,0.714845,-0.563812,0.195709,
1624910737.317948,0.000000,0.715285,-0.564205,0.195677,
1624910737.322106,0.000000,0.715756,-0.564549,0.195630,
1624910737.326278,0.000000,0.716208,-0.564938,0.195656,
1624910737.330427,0.000000,0.716657,-0.565325,0.195677,
1624910737.334605,0.000000,0.717129,-0.565690,0.195706,
1624910737.338773,0.000000,0.717556,-0.566077,0.195794,
1624910737.401313,0.000000,0.723703,-0.571423,0.195687,
1624910737.405479,0.000000,0.724165,-0.571760,0.195635,
1624910737.409632,0.000000,0.724648,-0.572117,0.195586,
1624910737.413810,0.000000,0.725147,-0.572467,0.195502,
1624910737.417981,0.000000,0.725642,-0.572810,0.195441,
1624910737.422167,0.000000,0.726090,-0.573204,0.195424,
1624910737.426303,0.000000,0.726512,-0.573593,0.195434,
1624910737.430470,0.000000,0.726918,-0.574109,0.195555,
1624910737.434633,0.000000,0.727317,-0.574482,0.195580,
1624910737.438843,0.000000,0.727724,-0.574911,0.195654,
1624910737.501296,0.000000,0.733739,-0.580611,0.195675,
1624910737.505461,0.000000,0.734169,-0.580959,0.195597,
1624910737.509631,0.000000,0.734546,-0.581316,0.195568,
1624910737.513805,0.000000,0.734985,-0.581663,0.195486,
1624910737.517962,0.000000,0.735425,-0.582035,0.195409,
1624910737.522134,0.000000,0.735947,-0.582465,0.195346,
1624910737.526290,0.000000,0.736433,-0.582878,0.195308,
1624910737.530462,0.000000,0.736799,-0.583338,0.195332,
1624910737.534627,0.000000,0.737195,-0.583745,0.195379,
1624910737.538833,0.000000,0.737588,-0.584153,0.195420,
1624910737.601303,0.000000,0.743184,-0.590291,0.195697,
1624910737.605459,0.000000,0.743693,-0.590682,0.195583,
1624910737.609625,0.000000,0.744164,-0.591087,0.195513,
1624910737.613798,0.000000,0.744594,-0.591476,0.195445,
1624910737.617966,0.000000,0.745024,-0.591851,0.195353,
1624910737.622133,0.000000,0.745393,-0.592286,0.195360,
1624910737.626298,0.000000,0.745853,-0.592701,0.195318,
1624910737.630467,0.000000,0.746287,-0.593121,0.195353,
1624910737.634675,0.000000,0.746673,-0.593555,0.195390,
1624910737.638793,0.000000,0.747031,-0.593952,0.195432,
1624910737.701298,0.000000,0.752395,-0.600232,0.195526,
1624910737.705467,0.000000,0.752806,-0.600691,0.195512,
1624910737.709619,0.000000,0.753261,-0.601094,0.195438,
1624910737.713870,0.000000,0.753664,-0.601528,0.195370,
1624910737.717968,0.000000,0.754021,-0.602026,0.195406,
1624910737.722133,0.000000,0.754477,-0.602434,0.195338,
1624910737.726296,0.000000,0.754880,-0.602895,0.195244,
1624910737.730458,0.000000,0.755228,-0.603355,0.195252,
1624910737.734607,0.000000,0.755637,-0.603837,0.195279,
1624910737.738774,0.000000,0.755982,-0.604278,0.195312,
1624910737.801299,0.000000,0.760925,-0.610692,0.195498,
1624910737.805456,0.000000,0.761291,-0.611122,0.195455,
1624910737.809635,0.000000,0.761694,-0.611544,0.195393,
1624910737.813798,0.000000,0.762132,-0.612012,0.195396,
1624910737.817961,0.000000,0.762574,-0.612425,0.195294,
1624910737.822139,0.000000,0.762976,-0.612826,0.195186,
1624910737.826303,0.000000,0.763361,-0.613235,0.195050,
1624910737.830461,0.000000,0.763774,-0.613655,0.195008,
1624910737.834654,0.000000,0.764159,-0.614151,0.195028,
1624910737.838793,0.000000,0.764573,-0.614616,0.194979,
1624910737.901304,0.000000,0.769174,-0.621343,0.195508,
1624910737.905463,0.000000,0.769585,-0.621798,0.195376,
1624910737.909623,0.000000,0.769946,-0.622219,0.195259,
1624910737.913798,0.000000,0.770323,-0.622696,0.195176,
1624910737.917960,0.000000,0.770702,-0.623189,0.195185,
1624910737.922131,0.000000,0.771107,-0.623628,0.195069,
1624910737.926294,0.000000,0.771546,-0.624053,0.194937,
1624910737.930464,0.000000,0.771909,-0.624540,0.194974,
1624910737.934629,0.000000,0.772187,-0.625052,0.195045,
1624910737.938795,0.000000,0.772539,-0.625530,0.195074,
1624910738.001296,0.000000,0.777049,-0.632402,0.195200,
1624910738.005470,0.000000,0.777357,-0.632818,0.195155,
1624910738.009634,0.000000,0.777775,-0.633310,0.195110,
1624910738.013801,0.000000,0.778137,-0.633805,0.195019,
1624910738.017963,0.000000,0.778512,-0.634336,0.194958,
1624910738.022130,0.000000,0.778908,-0.634864,0.194899,
1624910738.026295,0.000000,0.779245,-0.635342,0.194846,
1624910738.030458,0.000000,0.779576,-0.635819,0.194867,
1624910738.034655,0.000000,0.779915,-0.636276,0.194831,
1624910738.038799,0.000000,0.780207,-0.636771,0.194916,
1624910738.101379,0.000000,0.784455,-0.644062,0.195345,
1624910738.105535,0.000000,0.784794,-0.644537,0.195256,
1624910738.109704,0.000000,0.785144,-0.645021,0.195202,
1624910738.113961,0.000000,0.785457,-0.645530,0.195162,
1624910738.118037,0.000000,0.785832,-0.646073,0.195078,
1624910738.122203,0.000000,0.786222,-0.646581,0.194989,
1624910738.126371,0.000000,0.786521,-0.647101,0.194953,
1624910738.130541,0.000000,0.786846,-0.647616,0.194907,
1624910738.134714,0.000000,0.787090,-0.648066,0.194456,
1624910738.138885,0.000000,0.787365,-0.648575,0.194468,
1624910738.201368,0.000000,0.791198,-0.655954,0.194918,
1624910738.205529,0.000000,0.791514,-0.656458,0.194892,
1624910738.209696,0.000000,0.791824,-0.656975,0.194871,
1624910738.213872,0.000000,0.792122,-0.657476,0.194798,
1624910738.218034,0.000000,0.792469,-0.657968,0.194725,
1624910738.222205,0.000000,0.792798,-0.658516,0.194810,
1624910738.226362,0.000000,0.793110,-0.659065,0.194770,
1624910738.230521,0.000000,0.793460,-0.659665,0.194485,
1624910738.234703,0.000000,0.793809,-0.660181,0.194464,
1624910738.238863,0.000000,0.794102,-0.660621,0.194464,
1624910738.301376,0.000000,0.797626,-0.668246,0.194713,
1624910738.305540,0.000000,0.797907,-0.668767,0.194675,
1624910738.309696,0.000000,0.798147,-0.669140,0.194821,
1624910738.313878,0.000000,0.798458,-0.669678,0.194777,
1624910738.318039,0.000000,0.798717,-0.670224,0.194739,
1624910738.322196,0.000000,0.799017,-0.670759,0.194694,
1624910738.326366,0.000000,0.799315,-0.671279,0.194638,
1624910738.330576,0.000000,0.799648,-0.671790,0.194549,
1624910738.334696,0.000000,0.799915,-0.672398,0.194569,
1624910738.338912,0.000000,0.800144,-0.672958,0.194540,
1624910738.401369,0.000000,0.803414,-0.680689,0.194818,
1624910738.405532,0.000000,0.803685,-0.681241,0.194760,
1624910738.409771,0.000000,0.803974,-0.681828,0.194729,
1624910738.413863,0.000000,0.804267,-0.682384,0.194674,
1624910738.418039,0.000000,0.804578,-0.682865,0.194596,
1624910738.422196,0.000000,0.804825,-0.683536,0.194501,
1624910738.426366,0.000000,0.805055,-0.684078,0.194459,
1624910738.430549,0.000000,0.805325,-0.684640,0.194405,
1624910738.434694,0.000000,0.805564,-0.685207,0.194392,
1624910738.438864,0.000000,0.805845,-0.685607,0.194386,
1624910738.501369,0.000000,0.808684,-0.693423,0.194725,
1624910738.505531,0.000000,0.808928,-0.693961,0.194600,
1624910738.509701,0.000000,0.809162,-0.694515,0.194533,
1624910738.513953,0.000000,0.809399,-0.695079,0.194479,
1624910738.518036,0.000000,0.809637,-0.695648,0.194452,
1624910738.522203,0.000000,0.809905,-0.696251,0.194383,
1624910738.526365,0.000000,0.810137,-0.696812,0.194381,
1624910738.530554,0.000000,0.810392,-0.697392,0.194333,
1624910738.534704,0.000000,0.810661,-0.697878,0.194294,
1624910738.538906,0.000000,0.810805,-0.698558,0.194347,
1624910738.601358,0.000000,0.813217,-0.706239,0.194758,
1624910738.605523,0.000000,0.813445,-0.706813,0.194719,
1624910738.609694,0.000000,0.813669,-0.707383,0.194643,
1624910738.613858,0.000000,0.813916,-0.707957,0.194588,
1624910738.618039,0.000000,0.814164,-0.708510,0.194530,
1624910738.622212,0.000000,0.814397,-0.709066,0.194489,
1624910738.626379,0.000000,0.814588,-0.709641,0.194418,
1624910738.630525,0.000000,0.814810,-0.710199,0.194345,
1624910738.634695,0.000000,0.815011,-0.710779,0.194298,
1624910738.638865,0.000000,0.815157,-0.711343,0.194328,
1624910738.701371,0.000000,0.817300,-0.719155,0.194489,
1624910738.705529,0.000000,0.817488,-0.719732,0.194487,
1624910738.709702,0.000000,0.817688,-0.720351,0.194435,
1624910738.713867,0.000000,0.817839,-0.720941,0.194552,
1624910738.718037,0.000000,0.818030,-0.721479,0.194480,
1624910738.722196,0.000000,0.818247,-0.722055,0.194414,
1624910738.726364,0.000000,0.818479,-0.722683,0.194025,
1624910738.730561,0.000000,0.818654,-0.723262,0.194267,
1624910738.734697,0.000000,0.818883,-0.723833,0.194067,
1624910738.738911,0.000000,0.819065,-0.724410,0.194053,
1624910738.801360,0.000000,0.820760,-0.732047,0.194407,
1624910738.805533,0.000000,0.820908,-0.732673,0.194405,
1624910738.809702,0.000000,0.821029,-0.733304,0.194361,
1624910738.813875,0.000000,0.821208,-0.733852,0.194314,
1624910738.818036,0.000000,0.821386,-0.734402,0.194273,
1624910738.822200,0.000000,0.821594,-0.734995,0.194211,
1624910738.826346,0.000000,0.821802,-0.735600,0.194228,
1624910738.830508,0.000000,0.822027,-0.736198,0.194127,
1624910738.834687,0.000000,0.822201,-0.736761,0.194048,
1624910738.838868,0.000000,0.822301,-0.737473,0.193887,
1624910738.901345,0.000000,0.823711,-0.745422,0.194087,
1624910738.905514,0.000000,0.823849,-0.745995,0.194032,
1624910738.909692,0.000000,0.823971,-0.746656,0.193989,
1624910738.913944,0.000000,0.824099,-0.747295,0.193968,
1624910738.918019,0.000000,0.824207,-0.747894,0.193960,
1624910738.922193,0.000000,0.824318,-0.748467,0.193917,
1624910738.926363,0.000000,0.824472,-0.749018,0.193855,
1624910738.930659,0.000000,0.824655,-0.749597,0.193742,
1624910738.934802,0.000000,0.824845,-0.750148,0.193706,
1624910738.938845,0.000000,0.824989,-0.750770,0.193659,
1624910739.001389,0.000000,0.825951,-0.758899,0.194096,
1624910739.005523,0.000000,0.826073,-0.759432,0.194042,
1624910739.009706,0.000000,0.826221,-0.760004,0.193992,
1624910739.013877,0.000000,0.826370,-0.760570,0.193895,
1624910739.018027,0.000000,0.826520,-0.761184,0.193834,
1624910739.022189,0.000000,0.826535,-0.761605,0.194074,
1624910739.026359,0.000000,0.826701,-0.762385,0.193741,
1624910739.030530,0.000000,0.826815,-0.763053,0.193675,
1624910739.034690,0.000000,0.826884,-0.763531,0.193695,
1624910739.038851,0.000000,0.827023,-0.764114,0.193722,
1624910739.101359,0.000000,0.827924,-0.772205,0.193754,
1624910739.105510,0.000000,0.827987,-0.772780,0.193726,
1624910739.109679,0.000000,0.828051,-0.773434,0.193687,
1624910739.113845,0.000000,0.828127,-0.774046,0.193645,
1624910739.118006,0.000000,0.828188,-0.774622,0.193645,
1624910739.122192,0.000000,0.828274,-0.775221,0.193629,
1624910739.126342,0.000000,0.828376,-0.775811,0.193546,
1624910739.130525,0.000000,0.828483,-0.776423,0.193472,
1624910739.134688,0.000000,0.828572,-0.777062,0.193423,
1624910739.138887,0.000000,0.828671,-0.777685,0.193362,
1624910739.201354,0.000000,0.829099,-0.785813,0.193648,
1624910739.205525,0.000000,0.829116,-0.786429,0.193617,
1624910739.209693,0.000000,0.829184,-0.787027,0.193536,
1624910739.213907,0.000000,0.829215,-0.787639,0.193516,
1624910739.218017,0.000000,0.829285,-0.788267,0.193498,
1624910739.222188,0.000000,0.829338,-0.788849,0.193477,
1624910739.226349,0.000000,0.829358,-0.789299,0.193647,
1624910739.230520,0.000000,0.829398,-0.789915,0.193577,
1624910739.234686,0.000000,0.829446,-0.790620,0.193460,
1624910739.238896,0.000000,0.829571,-0.791158,0.193367,
1624910739.301353,0.000000,0.829636,-0.799450,0.193463,
1624910739.305518,0.000000,0.829624,-0.800047,0.193451,
1624910739.309689,0.000000,0.829651,-0.800618,0.193432,
1624910739.313950,0.000000,0.829676,-0.801117,0.193514,
1624910739.318031,0.000000,0.829760,-0.801675,0.193456,
1624910739.322182,0.000000,0.829835,-0.802220,0.193405,
1624910739.326345,0.000000,0.829876,-0.802818,0.193391,
1624910739.330512,0.000000,0.829948,-0.803406,0.193274,
1624910739.334692,0.000000,0.829979,-0.804151,0.193129,
1624910739.338855,0.000000,0.830014,-0.804739,0.193101,
1624910739.401345,0.000000,0.829782,-0.812828,0.193579,
1624910739.405516,0.000000,0.829676,-0.813564,0.193355,
1624910739.409686,0.000000,0.829665,-0.814125,0.193342,
1624910739.413851,0.000000,0.829657,-0.814707,0.193308,
1624910739.418034,0.000000,0.829638,-0.815343,0.193283,
1624910739.422197,0.000000,0.829658,-0.815958,0.193211,
1624910739.426353,0.000000,0.829651,-0.816568,0.193181,
1624910739.430505,0.000000,0.829659,-0.817170,0.193117,
1624910739.434681,0.000000,0.829687,-0.817824,0.192999,
1624910739.438861,0.000000,0.829693,-0.818394,0.192970,
1624910739.501315,0.000000,0.829129,-0.826525,0.193185,
1624910739.505498,0.000000,0.829095,-0.827090,0.193190,
1624910739.509674,0.000000,0.829053,-0.827640,0.193096,
1624910739.513830,0.000000,0.829032,-0.828224,0.193043,
1624910739.517991,0.000000,0.829011,-0.828834,0.193034,
1624910739.522147,0.000000,0.828995,-0.829465,0.192983,
1624910739.526315,0.000000,0.829017,-0.830078,0.192907,
1624910739.530549,0.000000,0.828984,-0.830689,0.192879,
1624910739.534662,0.000000,0.828958,-0.831298,0.192763,
1624910739.538891,0.000000,0.828943,-0.831914,0.192711,
1624910739.601345,0.000000,0.828032,-0.840179,0.192969,
1624910739.605519,0.000000,0.827987,-0.840717,0.192805,
1624910739.609689,0.000000,0.827934,-0.841271,0.192781,
1624910739.613847,0.000000,0.827832,-0.841841,0.192935,
1624910739.618019,0.000000,0.827754,-0.842460,0.192917,
1624910739.622186,0.000000,0.827737,-0.843028,0.192734,
1624910739.626386,0.000000,0.827681,-0.843630,0.192702,
1624910739.630515,0.000000,0.827643,-0.844239,0.192747,
1624910739.634692,0.000000,0.827611,-0.844902,0.192680,
1624910739.638899,0.000000,0.827566,-0.845525,0.192630,
1624910739.672181,0.000000,0.826880,-0.850093,0.192552,
1624910739.676345,0.000000,0.826835,-0.850590,0.192559,
1624910739.680511,0.000000,0.826706,-0.851092,0.192648,
1624910739.684684,0.000000,0.826590,-0.851586,0.192702,
1624910739.688851,0.000000,0.826516,-0.852075,0.192691,
1624910739.693018,0.000000,0.826428,-0.852571,0.192705,
1624910739.697183,0.000000,0.826300,-0.853152,0.192723,
1624910739.701349,0.000000,0.826169,-0.853703,0.192783,
1624910739.705515,0.000000,0.826043,-0.854284,0.192814,
1624910739.709681,0.000000,0.825941,-0.854835,0.192843,
1624910739.801298,0.000000,0.823729,-0.867504,0.192785,
1624910739.805468,0.000000,0.823616,-0.868018,0.192881,
1624910739.809672,0.000000,0.823510,-0.868602,0.192862,
1624910739.813839,0.000000,0.823408,-0.869200,0.192786,
1624910739.818002,0.000000,0.823326,-0.869869,0.192818,
1624910739.822174,0.000000,0.823281,-0.870408,0.192796,
1624910739.826338,0.000000,0.823136,-0.871009,0.192845,
1624910739.830507,0.000000,0.823063,-0.871589,0.192803,
1624910739.834678,0.000000,0.822959,-0.872193,0.192743,
1624910739.838883,0.000000,0.822884,-0.872812,0.192659,
1624910739.901380,0.000000,0.820729,-0.880789,0.192654,
1624910739.905554,0.000000,0.820575,-0.881320,0.192660,
1624910739.909719,0.000000,0.820464,-0.881851,0.192651,
1624910739.913883,0.000000,0.820325,-0.882430,0.192645,
1624910739.918057,0.000000,0.820188,-0.883028,0.192574,
1624910739.922206,0.000000,0.819981,-0.883591,0.192894,
1624910739.926379,0.000000,0.819842,-0.884239,0.192831,
1624910739.930553,0.000000,0.819713,-0.884840,0.192801,
1624910739.934718,0.000000,0.819609,-0.885490,0.192741,
1624910739.938885,0.000000,0.819398,-0.886143,0.192705,
1624910740.001387,0.000000,0.816891,-0.894302,0.192907,
1624910740.005557,0.000000,0.816824,-0.894788,0.192884,
1624910740.009714,0.000000,0.816684,-0.895340,0.192836,
1624910740.013887,0.000000,0.816538,-0.895916,0.192796,
1624910740.018060,0.000000,0.816390,-0.896459,0.192756,
1624910740.022221,0.000000,0.816240,-0.897110,0.192725,
1624910740.026376,0.000000,0.816076,-0.897704,0.192688,
1624910740.030566,0.000000,0.815920,-0.898341,0.192575,
1624910740.034712,0.000000,0.815719,-0.898997,0.192472,
1624910740.038885,0.000000,0.815628,-0.899700,0.192075,
1624910740.101351,0.000000,0.812843,-0.907431,0.192377,
1624910740.105517,0.000000,0.812636,-0.907922,0.192569,
1624910740.109685,0.000000,0.812447,-0.908503,0.192586,
1624910740.113931,0.000000,0.812267,-0.909114,0.192556,
1624910740.118028,0.000000,0.812018,-0.909738,0.192538,
1624910740.122193,0.000000,0.811929,-0.910274,0.192505,
1624910740.126332,0.000000,0.811728,-0.910900,0.192399,
1624910740.130521,0.000000,0.811607,-0.911438,0.192304,
1624910740.134691,0.000000,0.811363,-0.912058,0.192264,
1624910740.138883,0.000000,0.811174,-0.912659,0.192217,
1624910740.201387,0.000000,0.808155,-0.920310,0.192530,
1624910740.205561,0.000000,0.807943,-0.920821,0.192520,
1624910740.209714,0.000000,0.807751,-0.921356,0.192472,
1624910740.213892,0.000000,0.807500,-0.921971,0.192396,
1624910740.218047,0.000000,0.807279,-0.922513,0.192353,
1624910740.222218,0.000000,0.807043,-0.923123,0.192325,
1624910740.226369,0.000000,0.806843,-0.923691,0.192283,
1624910740.230593,0.000000,0.806639,-0.924255,0.192225,
1624910740.234719,0.000000,0.806556,-0.924812,0.192143,
1624910740.238884,0.000000,0.806317,-0.925473,0.191850,
1624910740.301363,0.000000,0.803021,-0.932750,0.192376,
1624910740.305547,0.000000,0.802775,-0.933270,0.192353,
1624910740.309715,0.000000,0.802362,-0.934075,0.192164,
1624910740.313896,0.000000,0.802128,-0.934613,0.192108,
1624910740.318047,0.000000,0.802016,-0.934940,0.192268,
1624910740.322208,0.000000,0.801479,-0.935796,0.192196,
1624910740.326370,0.000000,0.801434,-0.936290,0.192142,
1624910740.330539,0.000000,0.801069,-0.936857,0.192115,
1624910740.334705,0.000000,0.801102,-0.937150,0.192167,
1624910740.338904,0.000000,0.800834,-0.937747,0.192134,
1624910740.401399,0.000000,0.797085,-0.945384,0.192122,
1624910740.405547,0.000000,0.796822,-0.945860,0.192134,
1624910740.409714,0.000000,0.796561,-0.946366,0.192096,
1624910740.413897,0.000000,0.796316,-0.946833,0.192104,
1624910740.418041,0.000000,0.796062,-0.947310,0.192076,
1624910740.422204,0.000000,0.795798,-0.947856,0.192020,
1624910740.426374,0.000000,0.795555,-0.948391,0.191981,
1624910740.430545,0.000000,0.795288,-0.948990,0.191902,
1624910740.434711,0.000000,0.795019,-0.949551,0.191863,
1624910740.438910,0.000000,0.794657,-0.950125,0.191851,
1624910740.501380,0.000000,0.790701,-0.957418,0.191973,
1624910740.505553,0.000000,0.790426,-0.957882,0.191990,
1624910740.509699,0.000000,0.790120,-0.958384,0.191994,
1624910740.513961,0.000000,0.789684,-0.958925,0.192028,
1624910740.518035,0.000000,0.789439,-0.959405,0.191960,
1624910740.522200,0.000000,0.789236,-0.959938,0.191902,
1624910740.526366,0.000000,0.788937,-0.960458,0.191897,
1624910740.530538,0.000000,0.788642,-0.960971,0.191877,
1624910740.534708,0.000000,0.788447,-0.961486,0.191839,
1624910740.538866,0.000000,0.788165,-0.962015,0.191784,
1624910740.601352,0.000000,0.784098,-0.968994,0.191752,
1624910740.605532,0.000000,0.783801,-0.969427,0.191770,
1624910740.609706,0.000000,0.783523,-0.969862,0.191767,
1624910740.613872,0.000000,0.782930,-0.970550,0.191771,
1624910740.618029,0.000000,0.782953,-0.970739,0.191759,
1624910740.622203,0.000000,0.782618,-0.971243,0.191776,
1624910740.626388,0.000000,0.782319,-0.971772,0.191730,
1624910740.630535,0.000000,0.781984,-0.972305,0.191658,
1624910740.634698,0.000000,0.781702,-0.972864,0.191585,
1624910740.638867,0.000000,0.781383,-0.973438,0.191545,
1624910740.701366,0.000000,0.776809,-0.980454,0.191452,
1624910740.705536,0.000000,0.776508,-0.980855,0.191457,
1624910740.709697,0.000000,0.776229,-0.981280,0.191438,
1624910740.713860,0.000000,0.775938,-0.981694,0.191433,
1624910740.718038,0.000000,0.775543,-0.982154,0.191435,
1624910740.722200,0.000000,0.775221,-0.982633,0.191448,
1624910740.726367,0.000000,0.774876,-0.983148,0.191425,
1624910740.730547,0.000000,0.774532,-0.983679,0.191378,
1624910740.734701,0.000000,0.774324,-0.984146,0.191332,
1624910740.738872,0.000000,0.773984,-0.984672,0.191293,
1624910740.801362,0.000000,0.768946,-0.991616,0.191457,
1624910740.805542,0.000000,0.768465,-0.992082,0.191435,
1624910740.809698,0.000000,0.768118,-0.992491,0.191437,
1624910740.813849,0.000000,0.767812,-0.992885,0.191440,
1624910740.818022,0.000000,0.767489,-0.993334,0.191285,
1624910740.822205,0.000000,0.767181,-0.993740,0.191424,
1624910740.826355,0.000000,0.766927,-0.994180,0.191375,
1624910740.830606,0.000000,0.766548,-0.994689,0.191360,
1624910740.834678,0.000000,0.766220,-0.995177,0.191331,
1624910740.838876,0.000000,0.765888,-0.995686,0.191261,
1624910740.901397,0.000000,0.760635,-1.002342,0.191265,
1624910740.905537,0.000000,0.760273,-1.002774,0.191085,
1624910740.909711,0.000000,0.759940,-1.003176,0.191056,
1624910740.913966,0.000000,0.759528,-1.003551,0.191312,
1624910740.918046,0.000000,0.759186,-1.004024,0.191206,
1624910740.922197,0.000000,0.758834,-1.004477,0.191183,
1624910740.926379,0.000000,0.758510,-1.004891,0.191175,
1624910740.930532,0.000000,0.758170,-1.005360,0.191121,
1624910740.934701,0.000000,0.757698,-1.005953,0.191009,
1624910740.938869,0.000000,0.757270,-1.006459,0.190985,
1624910741.001417,0.000000,0.751943,-1.012742,0.191096,
1624910741.005535,0.000000,0.751717,-1.013083,0.191074,
1624910741.009703,0.000000,0.751263,-1.013470,0.191123,
1624910741.013866,0.000000,0.750855,-1.013838,0.191152,
1624910741.018032,0.000000,0.750449,-1.014214,0.191186,
1624910741.022200,0.000000,0.750047,-1.014661,0.191128,
1624910741.026370,0.000000,0.749699,-1.015075,0.191157,
1624910741.030530,0.000000,0.749342,-1.015488,0.191176,
1624910741.034696,0.000000,0.748892,-1.015932,0.191202,
1624910741.038865,0.000000,0.748556,-1.016440,0.191074,
1624910741.101355,0.000000,0.742691,-1.022666,0.191034,
1624910741.105528,0.000000,0.742331,-1.023003,0.191067,
1624910741.109696,0.000000,0.741906,-1.023340,0.191115,
1624910741.113859,0.000000,0.741562,-1.023704,0.191132,
1624910741.118025,0.000000,0.741193,-1.024097,0.191123,
1624910741.122197,0.000000,0.740860,-1.024452,0.191169,
1624910741.126359,0.000000,0.740131,-1.024866,0.191294,
1624910741.130539,0.000000,0.739661,-1.025338,0.191241,
1624910741.134691,0.000000,0.739308,-1.025760,0.191168,
1624910741.138882,0.000000,0.738945,-1.026222,0.191091,
1624910741.201340,0.000000,0.732710,-1.032342,0.191097,
1624910741.205506,0.000000,0.732367,-1.032632,0.191136,
1624910741.209668,0.000000,0.731982,-1.032954,0.191168,
1624910741.213829,0.000000,0.731693,-1.033288,0.191152,
1624910741.218003,0.000000,0.731199,-1.033654,0.191188,
1624910741.222169,0.000000,0.730741,-1.034051,0.191183,
1624910741.226329,0.000000,0.730337,-1.034425,0.191171,
1624910741.230491,0.000000,0.729895,-1.034845,0.191159,
1624910741.234667,0.000000,0.729559,-1.035212,0.191119,
1624910741.238875,0.000000,0.729070,-1.035643,0.191103,
1624910741.301371,0.000000,0.722816,-1.041680,0.190699,
1624910741.305530,0.000000,0.722497,-1.041984,0.190652,
1624910741.309759,0.000000,0.722079,-1.042293,0.190693,
1624910741.313950,0.000000,0.721675,-1.042601,0.190708,
1624910741.318037,0.000000,0.721213,-1.042946,0.190739,
1624910741.322189,0.000000,0.720800,-1.043294,0.190750,
1624910741.326360,0.000000,0.720448,-1.043631,0.190802,
1624910741.330526,0.000000,0.719961,-1.044015,0.190808,
1624910741.334691,0.000000,0.719530,-1.044452,0.190714,
1624910741.338898,0.000000,0.718909,-1.044782,0.190853,
1624910741.401338,0.000000,0.712252,-1.050393,0.190760,
1624910741.405494,0.000000,0.711763,-1.050711,0.190758,
1624910741.409658,0.000000,0.711279,-1.051009,0.190830,
1624910741.413828,0.000000,0.710962,-1.051290,0.190829,
1624910741.417989,0.000000,0.710491,-1.051601,0.190827,
1624910741.422154,0.000000,0.710046,-1.051930,0.190859,
1624910741.426331,0.000000,0.709552,-1.052285,0.190853,
1624910741.430527,0.000000,0.709102,-1.052654,0.190830,
1624910741.434664,0.000000,0.708658,-1.053034,0.190771,
1624910741.438874,0.000000,0.708238,-1.053430,0.190685,
1624910741.501362,0.000000,0.701120,-1.058826,0.190544,
1624910741.505529,0.000000,0.700673,-1.059098,0.190598,
1624910741.509690,0.000000,0.700221,-1.059385,0.190618,
1624910741.513890,0.000000,0.699846,-1.059634,0.190672,
1624910741.518033,0.000000,0.699313,-1.059970,0.190644,
1624910741.522198,0.000000,0.698908,-1.060247,0.190726,
1624910741.526354,0.000000,0.698480,-1.060578,0.190693,
1624910741.530538,0.000000,0.697996,-1.060965,0.190649,
1624910741.534699,0.000000,0.697452,-1.061301,0.190668,
1624910741.538862,0.000000,0.696921,-1.061678,0.190646,
1624910741.601346,0.000000,0.689498,-1.066528,0.190831,
1624910741.605519,0.000000,0.689103,-1.066777,0.190869,
1624910741.609705,0.000000,0.688698,-1.067044,0.190828,
1624910741.613849,0.000000,0.688211,-1.067363,0.190897,
1624910741.618020,0.000000,0.687738,-1.067655,0.190898,
1624910741.622196,0.000000,0.687322,-1.067945,0.190742,
1624910741.626350,0.000000,0.686658,-1.068250,0.190898,
1624910741.630578,0.000000,0.686118,-1.068563,0.190933,
1624910741.634699,0.000000,0.685669,-1.068909,0.190866,
1624910741.638893,0.000000,0.685194,-1.069275,0.190806,
1624910741.701352,0.000000,0.677872,-1.073848,0.190754,
1624910741.705521,0.000000,0.677437,-1.074153,0.190725,
1624910741.709689,0.000000,0.676968,-1.074390,0.190736,
1624910741.713933,0.000000,0.676490,-1.074630,0.190743,
1624910741.718007,0.000000,0.675949,-1.074906,0.190778,
1624910741.722171,0.000000,0.675439,-1.075161,0.190808,
1624910741.726345,0.000000,0.675038,-1.075496,0.190743,
1624910741.730511,0.000000,0.674576,-1.075797,0.190654,
1624910741.734681,0.000000,0.673913,-1.076094,0.190797,
1624910741.738887,0.000000,0.673389,-1.076396,0.190827,
1624910741.801356,0.000000,0.666095,-1.080752,0.190551,
1624910741.805524,0.000000,0.665627,-1.080968,0.190569,
1624910741.809676,0.000000,0.665186,-1.081183,0.190590,
1624910741.813850,0.000000,0.664726,-1.081402,0.190617,
1624910741.818007,0.000000,0.664280,-1.081580,0.190695,
1624910741.822169,0.000000,0.663757,-1.081834,0.190746,
1624910741.826359,0.000000,0.663234,-1.082091,0.190747,
1624910741.830521,0.000000,0.662685,-1.082450,0.190680,
1624910741.834680,0.000000,0.662205,-1.082791,0.190557,
1624910741.838881,0.000000,0.661644,-1.083075,0.190552,
1624910741.901351,0.000000,0.653984,-1.086980,0.190414,
1624910741.905522,0.000000,0.653543,-1.087152,0.190487,
1624910741.909693,0.000000,0.653092,-1.087337,0.190506,
1624910741.913856,0.000000,0.652557,-1.087534,0.190572,
1624910741.918011,0.000000,0.652025,-1.087710,0.190631,
1624910741.922189,0.000000,0.651497,-1.087825,0.190780,
1624910741.926354,0.000000,0.650940,-1.088097,0.190765,
1624910741.930526,0.000000,0.650542,-1.088298,0.190745,
1624910741.934688,0.000000,0.649954,-1.088581,0.190785,
1624910741.938869,0.000000,0.649482,-1.088862,0.190653,
1624910742.001364,0.000000,0.641659,-1.092524,0.190567,
1624910742.005561,0.000000,0.641191,-1.092673,0.190604,
1624910742.009687,0.000000,0.640638,-1.092855,0.190710,
1624910742.013854,0.000000,0.640191,-1.092988,0.190707,
1624910742.018021,0.000000,0.639673,-1.093185,0.190711,
1624910742.022214,0.000000,0.639137,-1.093391,0.190735,
1624910742.026375,0.000000,0.638597,-1.093591,0.190759,
1624910742.030527,0.000000,0.638149,-1.093799,0.190741,
1624910742.034672,0.000000,0.637523,-1.094003,0.190882,
1624910742.038909,0.000000,0.636944,-1.094297,0.190805,
1624910742.101358,0.000000,0.629130,-1.097666,0.190490,
1624910742.105531,0.000000,0.628653,-1.097816,0.190518,
1624910742.109689,0.000000,0.628242,-1.097963,0.190520,
1624910742.113949,0.000000,0.627744,-1.098099,0.190573,
1624910742.118011,0.000000,0.627180,-1.098242,0.190626,
1624910742.122181,0.000000,0.626706,-1.098421,0.190648,
1624910742.126360,0.000000,0.626143,-1.098595,0.190698,
1624910742.130526,0.000000,0.625611,-1.098777,0.190731,
1624910742.134700,0.000000,0.625097,-1.098951,0.190710,
1624910742.138862,0.000000,0.624563,-1.099160,0.190710,
1624910742.201369,0.000000,0.616316,-1.102246,0.190372,
1624910742.205503,0.000000,0.615824,-1.102383,0.190402,
1624910742.209652,0.000000,0.615348,-1.102515,0.190460,
1624910742.213809,0.000000,0.614826,-1.102645,0.190492,
1624910742.217972,0.000000,0.614268,-1.102799,0.190445,
1624910742.222151,0.000000,0.613800,-1.102919,0.190491,
1624910742.226324,0.000000,0.613258,-1.103045,0.190516,
1624910742.230477,0.000000,0.612815,-1.103220,0.190475,
1624910742.234653,0.000000,0.612218,-1.103379,0.190506,
1624910742.238819,0.000000,0.611678,-1.103550,0.190519,
1624910742.301322,0.000000,0.603360,-1.106276,0.190345,
1624910742.305490,0.000000,0.602819,-1.106390,0.190392,
1624910742.309660,0.000000,0.602380,-1.106481,0.190424,
1624910742.313838,0.000000,0.601932,-1.106609,0.190416,
1624910742.318011,0.000000,0.601467,-1.106726,0.190422,
1624910742.322172,0.000000,0.600954,-1.106840,0.190470,
1624910742.326339,0.000000,0.600450,-1.106919,0.190494,
1624910742.330510,0.000000,0.599925,-1.107039,0.190514,
1624910742.334671,0.000000,0.599377,-1.107174,0.190522,
1624910742.338836,0.000000,0.598796,-1.107354,0.190480,
1624910742.401340,0.000000,0.590334,-1.109741,0.190139,
1624910742.405504,0.000000,0.589790,-1.109838,0.190193,
1624910742.409678,0.000000,0.589288,-1.109925,0.190237,
1624910742.413849,0.000000,0.588780,-1.110020,0.190284,
1624910742.418018,0.000000,0.588260,-1.110119,0.190317,
1624910742.422179,0.000000,0.587730,-1.110186,0.190395,
1624910742.426349,0.000000,0.587215,-1.110279,0.190414,
1624910742.430516,0.000000,0.586675,-1.110359,0.190448,
1624910742.434688,0.000000,0.586137,-1.110493,0.190420,
1624910742.438903,0.000000,0.585606,-1.110619,0.190401,
1624910742.501345,0.000000,0.577061,-1.112671,0.190157,
1624910742.505517,0.000000,0.576594,-1.112747,0.190202,
1624910742.509680,0.000000,0.576081,-1.112816,0.190238,
1624910742.513890,0.000000,0.575611,-1.112869,0.190260,
1624910742.518015,0.000000,0.575123,-1.112956,0.190250,
1624910742.522198,0.000000,0.574686,-1.113053,0.190230,
1624910742.526341,0.000000,0.574227,-1.113158,0.190207,
1624910742.530514,0.000000,0.573701,-1.113235,0.190213,
1624910742.534682,0.000000,0.573173,-1.113299,0.190236,
1624910742.538874,0.000000,0.572623,-1.113399,0.190244,
1624910742.601344,0.000000,0.563879,-1.115031,0.189979,
1624910742.605509,0.000000,0.563394,-1.115073,0.190030,
1624910742.609677,0.000000,0.562878,-1.115097,0.190109,
1624910742.613851,0.000000,0.562348,-1.115147,0.190168,
1624910742.618005,0.000000,0.561821,-1.115227,0.190150,
1624910742.622167,0.000000,0.561307,-1.115244,0.190224,
1624910742.626332,0.000000,0.560875,-1.115273,0.190231,
1624910742.630500,0.000000,0.560342,-1.115348,0.190199,
1624910742.634738,0.000000,0.559761,-1.115393,0.190239,
1624910742.638909,0.000000,0.559162,-1.115448,0.190254,
1624910742.701343,0.000000,0.550557,-1.116752,0.189913,
1624910742.705511,0.000000,0.550029,-1.116776,0.189992,
1624910742.709675,0.000000,0.549516,-1.116779,0.190075,
1624910742.713843,0.000000,0.549049,-1.116788,0.190137,
1624910742.718138,0.000000,0.548529,-1.116781,0.190182,
1624910742.722205,0.000000,0.548041,-1.116757,0.190231,
1624910742.726349,0.000000,0.547509,-1.116806,0.190211,
1624910742.730511,0.000000,0.547012,-1.116867,0.190199,
1624910742.734678,0.000000,0.546416,-1.116894,0.190219,
1624910742.738840,0.000000,0.545869,-1.116919,0.190233,
1624910742.801335,0.000000,0.536952,-1.117775,0.190079,
1624910742.805508,0.000000,0.536473,-1.117733,0.190210,
1624910742.809677,0.000000,0.535948,-1.117715,0.190282,
1624910742.813836,0.000000,0.535516,-1.117700,0.190336,
1624910742.818007,0.000000,0.534981,-1.117715,0.190374,
1624910742.822168,0.000000,0.534495,-1.117717,0.190377,
1624910742.826343,0.000000,0.533715,-1.117629,0.190525,
1624910742.830516,0.000000,0.533196,-1.117612,0.190563,
1624910742.834677,0.000000,0.532920,-1.117694,0.190488,
1624910742.838863,0.000000,0.532350,-1.117700,0.190515,
1624910742.901376,0.000000,0.523260,-1.118150,0.190295,
1624910742.905544,0.000000,0.522799,-1.118179,0.190361,
1624910742.909703,0.000000,0.522301,-1.118163,0.190427,
1624910742.913968,0.000000,0.521757,-1.118135,0.190500,
1624910742.918043,0.000000,0.521231,-1.118128,0.190535,
1624910742.922205,0.000000,0.520718,-1.118081,0.190594,
1624910742.926373,0.000000,0.520205,-1.118039,0.190634,
1624910742.930553,0.000000,0.519678,-1.118050,0.190663,
1624910742.934713,0.000000,0.519099,-1.118028,0.190708,
1624910742.938881,0.000000,0.518690,-1.118034,0.190682,
1624910743.001378,0.000000,0.509587,-1.118171,0.190299,
1624910743.005563,0.000000,0.509053,-1.118147,0.190346,
1624910743.009711,0.000000,0.508572,-1.118116,0.190392,
1624910743.013960,0.000000,0.508022,-1.118066,0.190481,
1624910743.018047,0.000000,0.507505,-1.117993,0.190540,
1624910743.022213,0.000000,0.507010,-1.117971,0.190523,
1624910743.026379,0.000000,0.506516,-1.117914,0.190547,
1624910743.030541,0.000000,0.506005,-1.117896,0.190521,
1624910743.034711,0.000000,0.505480,-1.117883,0.190502,
1624910743.038870,0.000000,0.504889,-1.117836,0.190527,
1624910743.101382,0.000000,0.495861,-1.117525,0.190338,
1624910743.105546,0.000000,0.495412,-1.117493,0.190367,
1624910743.109720,0.000000,0.494951,-1.117457,0.190368,
1624910743.113889,0.000000,0.494432,-1.117372,0.190435,
1624910743.118055,0.000000,0.493922,-1.117301,0.190465,
1624910743.122222,0.000000,0.493329,-1.117207,0.190522,
1624910743.126399,0.000000,0.492795,-1.117164,0.190494,
1624910743.130546,0.000000,0.492261,-1.117065,0.190598,
1624910743.134711,0.000000,0.491781,-1.117007,0.190597,
1624910743.138923,0.000000,0.491179,-1.116933,0.190630,
1624910743.201374,0.000000,0.482191,-1.116293,0.190330,
1624910743.205550,0.000000,0.481594,-1.116184,0.190427,
1624910743.209718,0.000000,0.481080,-1.116083,0.190479,
1624910743.213883,0.000000,0.480579,-1.115998,0.190523,
1624910743.218036,0.000000,0.480058,-1.115885,0.190571,
1624910743.222209,0.000000,0.479545,-1.115779,0.190605,
1624910743.226382,0.000000,0.479078,-1.115759,0.190589,
1624910743.230508,0.000000,0.478476,-1.115624,0.190653,
1624910743.234673,0.000000,0.477978,-1.115548,0.190636,
1624910743.238844,0.000000,0.477370,-1.115452,0.190668,
1624910743.301342,0.000000,0.468410,-1.114409,0.190259,
1624910743.305511,0.000000,0.467881,-1.114288,0.190340,
1624910743.309674,0.000000,0.467390,-1.114130,0.190485,
1624910743.313905,0.000000,0.466912,-1.114004,0.190686,
1624910743.318001,0.000000,0.466456,-1.113880,0.190640,
1624910743.322187,0.000000,0.465919,-1.113770,0.190672,
1624910743.326344,0.000000,0.465410,-1.113657,0.190686,
1624910743.330505,0.000000,0.464824,-1.113534,0.190691,
1624910743.334669,0.000000,0.464351,-1.113457,0.190735,
1624910743.338824,0.000000,0.463739,-1.113298,0.190808,
1624910743.401337,0.000000,0.454835,-1.111869,0.190401,
1624910743.405509,0.000000,0.454331,-1.111719,0.190554,
1624910743.409673,0.000000,0.453941,-1.111647,0.190539,
1624910743.413840,0.000000,0.453307,-1.111428,0.190615,
1624910743.418001,0.000000,0.452848,-1.111300,0.190619,
1624910743.422180,0.000000,0.452401,-1.111181,0.190629,
1624910743.426346,0.000000,0.451915,-1.111029,0.190664,
1624910743.430506,0.000000,0.451413,-1.110892,0.190771,
1624910743.434674,0.000000,0.450919,-1.110763,0.190731,
1624910743.438877,0.000000,0.450447,-1.110671,0.190727,
1624910743.501375,0.000000,0.441610,-1.108839,0.190439,
1624910743.505542,0.000000,0.441075,-1.108669,0.190522,
1624910743.509707,0.000000,0.440563,-1.108473,0.190619,
1624910743.513872,0.000000,0.440085,-1.108332,0.190665,
1624910743.518042,0.000000,0.439670,-1.108209,0.190668,
1624910743.522210,0.000000,0.439190,-1.108045,0.190707,
1624910743.526377,0.000000,0.438644,-1.107901,0.190714,
1624910743.530537,0.000000,0.438160,-1.107748,0.190715,
1624910743.534700,0.000000,0.437650,-1.107590,0.190721,
1624910743.538912,0.000000,0.437145,-1.107434,0.190728,
1624910743.601375,0.000000,0.428536,-1.105234,0.190468,
1624910743.605544,0.000000,0.428015,-1.105050,0.190534,
1624910743.609736,0.000000,0.427520,-1.104857,0.190607,
1624910743.613876,0.000000,0.427048,-1.104713,0.190639,
1624910743.618046,0.000000,0.426585,-1.104526,0.190690,
1624910743.622212,0.000000,0.426191,-1.104442,0.190634,
1624910743.626377,0.000000,0.425754,-1.104280,0.190654,
1624910743.630533,0.000000,0.425158,-1.104053,0.190734,
1624910743.634695,0.000000,0.424695,-1.103867,0.190773,
1624910743.638870,0.000000,0.424184,-1.103671,0.190805,
