1624910268.750415,0.000000,0.579555,-0.499173,0.196680,
1624910268.754562,0.000000,0.579554,-0.499167,0.196683,
1624910268.758719,0.000000,0.579555,-0.499165,0.196680,
1624910268.762886,0.000000,0.579552,-0.499151,0.196667,
1624910268.767053,0.000000,0.579556,-0.499160,0.196681,
1624910268.771223,0.000000,0.579563,-0.499168,0.196674,
1624910268.775386,0.000000,0.579553,-0.499169,0.196679,
1624910268.779627,0.000000,0.579548,-0.499166,0.196684,
1624910268.783721,0.000000,0.579558,-0.499177,0.196684,
1624910268.787886,0.000000,0.579554,-0.499164,0.196679,
1624910268.792057,0.000000,0.579543,-0.499164,0.196681,
1624910268.796221,0.000000,0.579558,-0.499165,0.196677,
1624910268.800386,0.000000,0.579563,-0.499167,0.196674,
1624910268.804561,0.000000,0.579571,-0.499184,0.196680,
1624910268.808725,0.000000,0.579562,-0.499186,0.196683,
1624910268.812897,0.000000,0.579562,-0.499179,0.196674,
1624910268.817061,0.000000,0.579549,-0.499180,0.196689,
1624910279.517080,0.000000,0.579555,-0.499163,0.196678,
1624910279.521242,0.000000,0.579552,-0.499161,0.196683,
1624910279.525445,0.000000,0.579562,-0.499170,0.196678,
1624910279.529624,0.000000,0.579569,-0.499181,0.196679,
1624910279.533774,0.000000,0.579566,-0.499188,0.196672,
1624910279.537946,0.000000,0.579562,-0.499180,0.196677,
1624910279.542110,0.000000,0.579553,-0.499166,0.196683,
1624910279.546272,0.000000,0.579564,-0.499175,0.196690,
1624910279.550450,0.000000,0.579567,-0.499169,0.196696,
1624910279.554609,0.000000,0.579566,-0.499176,0.196693,
1624910279.617111,0.000000,0.580362,-0.499437,0.196822,
1624910279.621282,0.000000,0.580676,-0.499527,0.196806,
1624910279.625446,0.000000,0.581078,-0.499622,0.196820,
1624910279.629612,0.000000,0.581543,-0.499719,0.196866,
1624910279.633765,0.000000,0.581990,-0.499804,0.196873,
1624910279.637932,0.000000,0.582463,-0.499908,0.196898,
1624910279.642103,0.000000,0.582876,-0.499949,0.196828,
1624910279.646276,0.000000,0.583421,-0.500042,0.196844,
1624910279.650433,0.000000,0.583999,-0.500121,0.196877,
1624910279.654605,0.000000,0.584580,-0.500192,0.196892,
1624910279.717106,0.000000,0.593035,-0.501323,0.196482,
1624910279.721266,0.000000,0.593594,-0.501439,0.196545,
1624910279.725439,0.000000,0.594132,-0.501565,0.196599,
1624910279.729607,0.000000,0.594624,-0.501646,0.196600,
1624910279.733769,0.000000,0.595085,-0.501812,0.196653,
1624910279.737943,0.000000,0.595514,-0.501919,0.196695,
1624910279.742106,0.000000,0.596065,-0.502060,0.196787,
1624910279.746272,0.000000,0.596526,-0.502159,0.196788,
1624910279.750439,0.000000,0.597049,-0.502290,0.196807,
1624910279.754605,0.000000,0.597527,-0.502396,0.196787,
1624910279.817101,0.000000,0.606408,-0.504051,0.196322,
1624910279.821268,0.000000,0.606938,-0.504227,0.196389,
1624910279.825436,0.000000,0.607467,-0.504370,0.196455,
1624910279.829611,0.000000,0.607972,-0.504521,0.196571,
1624910279.833777,0.000000,0.608477,-0.504664,0.196605,
1624910279.837999,0.000000,0.608985,-0.504801,0.196655,
1624910279.842110,0.000000,0.609458,-0.504963,0.196677,
1624910279.846419,0.000000,0.609937,-0.505113,0.196644,
1624910279.850461,0.000000,0.610453,-0.505253,0.196694,
1624910279.854647,0.000000,0.610972,-0.505399,0.196715,
1624910279.917107,0.000000,0.619560,-0.507310,0.196131,
1624910279.921278,0.000000,0.620065,-0.507453,0.196124,
1624910279.925441,0.000000,0.620646,-0.507695,0.196276,
1624910279.929608,0.000000,0.621128,-0.507857,0.196325,
1624910279.933774,0.000000,0.621611,-0.508024,0.196363,
1624910279.937999,0.000000,0.622037,-0.508194,0.196353,
1624910279.942114,0.000000,0.622559,-0.508354,0.196429,
1624910279.946279,0.000000,0.622989,-0.508527,0.196465,
1624910279.950437,0.000000,0.623511,-0.508710,0.196511,
1624910279.954616,0.000000,0.624017,-0.508855,0.196558,
1624910280.017115,0.000000,0.632532,-0.511131,0.196006,
1624910280.021274,0.000000,0.633091,-0.511337,0.196075,
1624910280.025448,0.000000,0.633592,-0.511505,0.196142,
1624910280.029610,0.000000,0.634079,-0.511768,0.196219,
1624910280.033771,0.000000,0.634550,-0.511950,0.196248,
1624910280.037943,0.000000,0.635023,-0.512110,0.196260,
1624910280.042112,0.000000,0.635533,-0.512300,0.196324,
1624910280.046269,0.000000,0.636004,-0.512476,0.196347,
1624910280.050438,0.000000,0.636479,-0.512674,0.196340,
1624910280.054595,0.000000,0.636996,-0.512903,0.196352,
1624910280.117104,0.000000,0.645428,-0.515631,0.195939,
1624910280.121277,0.000000,0.645948,-0.515841,0.195976,
1624910280.125646,0.000000,0.646462,-0.516076,0.196072,
1624910280.129611,0.000000,0.646943,-0.516288,0.196156,
1624910280.133768,0.000000,0.647433,-0.516527,0.196208,
1624910280.137932,0.000000,0.647865,-0.516619,0.196217,
1624910280.142264,0.000000,0.648319,-0.516904,0.196282,
1624910280.146463,0.000000,0.648776,-0.517116,0.196334,
1624910280.150433,0.000000,0.649240,-0.517298,0.196335,
1624910280.154599,0.000000,0.649677,-0.517532,0.196374,
1624910280.217149,0.000000,0.658062,-0.520636,0.195876,
1624910280.221305,0.000000,0.658656,-0.520951,0.195940,
1624910280.225471,0.000000,0.659117,-0.521119,0.195968,
1624910280.229634,0.000000,0.659611,-0.521364,0.196032,
1624910280.233802,0.000000,0.660052,-0.521539,0.196082,
1624910280.237968,0.000000,0.660508,-0.521834,0.196148,
1624910280.242136,0.000000,0.660931,-0.522075,0.196146,
1624910280.246383,0.000000,0.661439,-0.522300,0.196137,
1624910280.250466,0.000000,0.661886,-0.522432,0.196144,
1624910280.254638,0.000000,0.662348,-0.522707,0.196197,
1624910280.317145,0.000000,0.670464,-0.526235,0.195856,
1624910280.321318,0.000000,0.671076,-0.526466,0.195820,
1624910280.325470,0.000000,0.671640,-0.526863,0.195886,
1624910280.329638,0.000000,0.672118,-0.526995,0.195910,
1624910280.333807,0.000000,0.672632,-0.527268,0.195977,
1624910280.337972,0.000000,0.673113,-0.527541,0.196067,
1624910280.342143,0.000000,0.673531,-0.527784,0.196088,
1624910280.346305,0.000000,0.673982,-0.528103,0.196143,
1624910280.350472,0.000000,0.674432,-0.528359,0.196183,
1624910280.354639,0.000000,0.674881,-0.528610,0.196153,
1624910280.358826,0.000000,0.675383,-0.528868,0.196219,
1624910280.362970,0.000000,0.675862,-0.529113,0.196207,
1624910280.367137,0.000000,0.676336,-0.529373,0.196229,
1624910280.371303,0.000000,0.676849,-0.529632,0.196221,
1624910280.375469,0.000000,0.677341,-0.529877,0.196164,
1624910280.517135,0.000000,0.694646,-0.539061,0.195670,
1624910280.521311,0.000000,0.695189,-0.539393,0.195658,
1624910280.525467,0.000000,0.695677,-0.539728,0.195705,
1624910280.529647,0.000000,0.696126,-0.540021,0.195754,
1624910280.533790,0.000000,0.696582,-0.540301,0.195806,
1624910280.537968,0.000000,0.696992,-0.540579,0.195869,
1624910280.542131,0.000000,0.697384,-0.540872,0.195934,
1624910280.546295,0.000000,0.697775,-0.541147,0.195923,
1624910280.550469,0.000000,0.698199,-0.541424,0.195942,
1624910280.554631,0.000000,0.698648,-0.541631,0.195913,
1624910280.617129,0.000000,0.706195,-0.546207,0.195550,
1624910280.621310,0.000000,0.706674,-0.546514,0.195541,
1624910280.625469,0.000000,0.707132,-0.546869,0.195595,
1624910280.629629,0.000000,0.707620,-0.547184,0.195629,
1624910280.633787,0.000000,0.708091,-0.547513,0.195683,
1624910280.637955,0.000000,0.708518,-0.547768,0.195719,
1624910280.642140,0.000000,0.708926,-0.548057,0.195762,
1624910280.646368,0.000000,0.709320,-0.548325,0.195779,
1624910280.650460,0.000000,0.709753,-0.548624,0.195811,
1624910280.654626,0.000000,0.710166,-0.548941,0.195849,
1624910280.717136,0.000000,0.717441,-0.553887,0.195546,
1624910280.721290,0.000000,0.717887,-0.554197,0.195542,
1624910280.725458,0.000000,0.718396,-0.554522,0.195524,
1624910280.729633,0.000000,0.718866,-0.554899,0.195576,
1624910280.733794,0.000000,0.719347,-0.555251,0.195576,
1624910280.737951,0.000000,0.719728,-0.555609,0.195628,
1624910280.742126,0.000000,0.720131,-0.555930,0.195668,
1624910280.746295,0.000000,0.720556,-0.556262,0.195740,
1624910280.750462,0.000000,0.720916,-0.556593,0.195766,
1624910280.754629,0.000000,0.721277,-0.556930,0.195810,
1624910280.817107,0.000000,0.728484,-0.562109,0.195486,
1624910280.821267,0.000000,0.728949,-0.562474,0.195474,
1624910280.825434,0.000000,0.729425,-0.562886,0.195491,
1624910280.829622,0.000000,0.729856,-0.563270,0.195528,
1624910280.833754,0.000000,0.730273,-0.563635,0.195597,
1624910280.837934,0.000000,0.730683,-0.563991,0.195642,
1624910280.842103,0.000000,0.731066,-0.564338,0.195714,
1624910280.846260,0.000000,0.731459,-0.564701,0.195765,
1624910280.850425,0.000000,0.731842,-0.565067,0.195799,
1624910280.854596,0.000000,0.732214,-0.565438,0.195847,
1624910280.917129,0.000000,0.739177,-0.570780,0.195294,
1624910280.921290,0.000000,0.739635,-0.571178,0.195311,
1624910280.925465,0.000000,0.740025,-0.571598,0.195338,
1624910280.929627,0.000000,0.740535,-0.572004,0.195301,
1624910280.933797,0.000000,0.740953,-0.572387,0.195357,
1624910280.937965,0.000000,0.741327,-0.572774,0.195433,
1624910280.942132,0.000000,0.741681,-0.573188,0.195581,
1624910280.946304,0.000000,0.742014,-0.573572,0.195688,
1624910280.950469,0.000000,0.742392,-0.573925,0.195717,
1624910280.954625,0.000000,0.742778,-0.574306,0.195763,
1624910281.017136,0.000000,0.749557,-0.580086,0.195273,
1624910281.021298,0.000000,0.749996,-0.580520,0.195290,
1624910281.025460,0.000000,0.750440,-0.580985,0.195279,
1624910281.029628,0.000000,0.750817,-0.581396,0.195354,
1624910281.033799,0.000000,0.751200,-0.581800,0.195407,
1624910281.037957,0.000000,0.751590,-0.582208,0.195473,
1624910281.042139,0.000000,0.751961,-0.582601,0.195511,
1624910281.046375,0.000000,0.752314,-0.582973,0.195529,
1624910281.050462,0.000000,0.752671,-0.583353,0.195540,
1624910281.054626,0.000000,0.753027,-0.583765,0.195552,
1624910281.117130,0.000000,0.759505,-0.589775,0.195145,
1624910281.121292,0.000000,0.759946,-0.590221,0.195153,
1624910281.125464,0.000000,0.760320,-0.590653,0.195187,
1624910281.129627,0.000000,0.760680,-0.591130,0.195240,
1624910281.133799,0.000000,0.761131,-0.591535,0.195275,
1624910281.137960,0.000000,0.761442,-0.591991,0.195389,
1624910281.142134,0.000000,0.761801,-0.592411,0.195392,
1624910281.146317,0.000000,0.762095,-0.592806,0.195450,
1624910281.150461,0.000000,0.762384,-0.593199,0.195505,
1624910281.154632,0.000000,0.762757,-0.593606,0.195497,
1624910281.217089,0.000000,0.768914,-0.599766,0.194969,
1624910281.221256,0.000000,0.769349,-0.600245,0.194950,
1624910281.225424,0.000000,0.769684,-0.600688,0.194971,
1624910281.229609,0.000000,0.770014,-0.601104,0.195011,
1624910281.233751,0.000000,0.770386,-0.601554,0.195089,
1624910281.237920,0.000000,0.770757,-0.602002,0.195138,
1624910281.242093,0.000000,0.771060,-0.602356,0.195192,
1624910281.246255,0.000000,0.771345,-0.602781,0.195290,
1624910281.250420,0.000000,0.771670,-0.603228,0.195364,
1624910281.254585,0.000000,0.772035,-0.603691,0.195388,
1624910281.317133,0.000000,0.777773,-0.610199,0.194859,
1624910281.321303,0.000000,0.778199,-0.610644,0.194811,
1624910281.325491,0.000000,0.778538,-0.611149,0.194863,
1624910281.329618,0.000000,0.778878,-0.611626,0.194945,
1624910281.333782,0.000000,0.779185,-0.612089,0.195028,
1624910281.337950,0.000000,0.779478,-0.612523,0.195151,
1624910281.342123,0.000000,0.779801,-0.612955,0.195151,
1624910281.346290,0.000000,0.780083,-0.613374,0.195203,
1624910281.350463,0.000000,0.780451,-0.613800,0.195152,
1624910281.354624,0.000000,0.780724,-0.614193,0.195199,
1624910281.417122,0.000000,0.786197,-0.620974,0.194883,
1624910281.421303,0.000000,0.786523,-0.621402,0.194920,
1624910281.425457,0.000000,0.786886,-0.621917,0.194935,
1624910281.429627,0.000000,0.787216,-0.622387,0.194918,
1624910281.433786,0.000000,0.787597,-0.622845,0.194950,
1624910281.437957,0.000000,0.787878,-0.623311,0.195030,
1624910281.442114,0.000000,0.788115,-0.623751,0.195057,
1624910281.446378,0.000000,0.788406,-0.624146,0.195169,
1624910281.450449,0.000000,0.788682,-0.624590,0.195200,
1624910281.454627,0.000000,0.788921,-0.625050,0.195266,
1624910281.517096,0.000000,0.794107,-0.631859,0.194652,
1624910281.521269,0.000000,0.794440,-0.632371,0.194565,
1624910281.525424,0.000000,0.794793,-0.632875,0.194541,
1624910281.529595,0.000000,0.795112,-0.633351,0.194564,
1624910281.533756,0.000000,0.795394,-0.633816,0.194713,
1624910281.537925,0.000000,0.795692,-0.634302,0.194777,
1624910281.542089,0.000000,0.795965,-0.634777,0.194856,
1624910281.546257,0.000000,0.796237,-0.635273,0.194805,
1624910281.550417,0.000000,0.796515,-0.635742,0.194906,
1624910281.554583,0.000000,0.796756,-0.636181,0.194964,
1624910281.617111,0.000000,0.801422,-0.643263,0.194842,
1624910281.621287,0.000000,0.801845,-0.643940,0.194962,
1624910281.625461,0.000000,0.802133,-0.644454,0.194943,
1624910281.629620,0.000000,0.802396,-0.644876,0.195011,
1624910281.633806,0.000000,0.802756,-0.645330,0.195009,
1624910281.637951,0.000000,0.803117,-0.645895,0.194947,
1624910281.642117,0.000000,0.803389,-0.646396,0.194972,
1624910281.646289,0.000000,0.803622,-0.646914,0.195050,
1624910281.650457,0.000000,0.803848,-0.647383,0.195133,
1624910281.654619,0.000000,0.804113,-0.647825,0.195149,
1624910281.717084,0.000000,0.808321,-0.654944,0.194541,
1624910281.721254,0.000000,0.808665,-0.655377,0.194430,
1624910281.725423,0.000000,0.808994,-0.655871,0.194420,
1624910281.729588,0.000000,0.809264,-0.656446,0.194494,
1624910281.733756,0.000000,0.809530,-0.656979,0.194449,
1624910281.737921,0.000000,0.809796,-0.657534,0.194482,
1624910281.742093,0.000000,0.810082,-0.658071,0.194356,
1624910281.746264,0.000000,0.810306,-0.658596,0.194439,
1624910281.750447,0.000000,0.810529,-0.659066,0.194472,
1624910281.754653,0.000000,0.810738,-0.659490,0.194538,
1624910281.817140,0.000000,0.814686,-0.666824,0.194597,
1624910281.821311,0.000000,0.814969,-0.667335,0.194535,
1624910281.825476,0.000000,0.815275,-0.667849,0.194504,
1624910281.829628,0.000000,0.815567,-0.668375,0.194468,
1624910281.833807,0.000000,0.815864,-0.668894,0.194434,
1624910281.837974,0.000000,0.816094,-0.669431,0.194450,
1624910281.842142,0.000000,0.816331,-0.669969,0.194508,
1624910281.846384,0.000000,0.816543,-0.670452,0.194578,
1624910281.850466,0.000000,0.816750,-0.670949,0.194630,
1624910281.854619,0.000000,0.816893,-0.671469,0.194733,
1624910281.917139,0.000000,0.820509,-0.679023,0.194508,
1624910281.921298,0.000000,0.820822,-0.679543,0.194424,
1624910281.925461,0.000000,0.821114,-0.680103,0.194379,
1624910281.929631,0.000000,0.821400,-0.680641,0.194329,
1624910281.933807,0.000000,0.821657,-0.681095,0.194422,
1624910281.937968,0.000000,0.821891,-0.681684,0.194418,
1624910281.942133,0.000000,0.822101,-0.682323,0.194333,
1624910281.946288,0.000000,0.822267,-0.682809,0.194418,
1624910281.950466,0.000000,0.822470,-0.683323,0.194497,
1624910281.954623,0.000000,0.822665,-0.683741,0.194571,
1624910282.017150,0.000000,0.825880,-0.691507,0.194376,
1624910282.021319,0.000000,0.826181,-0.692076,0.194267,
1624910282.025476,0.000000,0.826445,-0.692614,0.194188,
1624910282.029636,0.000000,0.826707,-0.693199,0.194130,
1624910282.033810,0.000000,0.826965,-0.693697,0.194092,
1624910282.037979,0.000000,0.827163,-0.694212,0.194146,
1624910282.042139,0.000000,0.827359,-0.694803,0.194184,
1624910282.046309,0.000000,0.827528,-0.695304,0.194249,
1624910282.050485,0.000000,0.827687,-0.695800,0.194309,
1624910282.054630,0.000000,0.827881,-0.696297,0.194339,
1624910282.117149,0.000000,0.830565,-0.704074,0.194456,
1624910282.121319,0.000000,0.830820,-0.704645,0.194382,
1624910282.125472,0.000000,0.831069,-0.705218,0.194332,
1624910282.129647,0.000000,0.831313,-0.705822,0.194225,
1624910282.133812,0.000000,0.831506,-0.706402,0.194165,
1624910282.137987,0.000000,0.831680,-0.706968,0.194153,
1624910282.142143,0.000000,0.831848,-0.707476,0.194161,
1624910282.146312,0.000000,0.832008,-0.708021,0.194296,
1624910282.150486,0.000000,0.832155,-0.708663,0.194284,
1624910282.154643,0.000000,0.832313,-0.709144,0.194291,
1624910282.217137,0.000000,0.834747,-0.717013,0.194338,
1624910282.221309,0.000000,0.834991,-0.717566,0.194271,
1624910282.225465,0.000000,0.835225,-0.718100,0.194193,
1624910282.229632,0.000000,0.835429,-0.718676,0.194142,
1624910282.233803,0.000000,0.835652,-0.719239,0.194079,
1624910282.237970,0.000000,0.835833,-0.719835,0.194034,
1624910282.242138,0.000000,0.835947,-0.720409,0.194063,
1624910282.246403,0.000000,0.836117,-0.720961,0.194056,
1624910282.250477,0.000000,0.836303,-0.721467,0.194015,
1624910282.254665,0.000000,0.836450,-0.722000,0.194052,
1624910282.317145,0.000000,0.838530,-0.730118,0.194191,
1624910282.321307,0.000000,0.838736,-0.730700,0.194094,
1624910282.325481,0.000000,0.838951,-0.731288,0.193968,
1624910282.329640,0.000000,0.839165,-0.731844,0.193903,
1624910282.333816,0.000000,0.839320,-0.732384,0.193878,
1624910282.337983,0.000000,0.839460,-0.733006,0.193798,
1624910282.342152,0.000000,0.839525,-0.733689,0.193776,
1624910282.346317,0.000000,0.839699,-0.734132,0.193925,
1624910282.350472,0.000000,0.839837,-0.734673,0.193952,
1624910282.354637,0.000000,0.839946,-0.735234,0.194024,
1624910282.417147,0.000000,0.841680,-0.743553,0.193923,
1624910282.421339,0.000000,0.841833,-0.744127,0.193876,
1624910282.425470,0.000000,0.842006,-0.744700,0.193795,
1624910282.429636,0.000000,0.842175,-0.745301,0.193745,
1624910282.433802,0.000000,0.842304,-0.745906,0.193735,
1624910282.437973,0.000000,0.842442,-0.746534,0.193581,
1624910282.442137,0.000000,0.842567,-0.747100,0.193654,
1624910282.446310,0.000000,0.842685,-0.747677,0.193668,
1624910282.450473,0.000000,0.842738,-0.748212,0.193766,
1624910282.454642,0.000000,0.842849,-0.748744,0.193826,
1624910282.517145,0.000000,0.844271,-0.756952,0.193848,
1624910282.521299,0.000000,0.844347,-0.757727,0.193681,
1624910282.525463,0.000000,0.844523,-0.758160,0.193843,
1624910282.529645,0.000000,0.844644,-0.758828,0.193762,
1624910282.533815,0.000000,0.844700,-0.759540,0.193571,
1624910282.537982,0.000000,0.844842,-0.760124,0.193510,
1624910282.542146,0.000000,0.844947,-0.760664,0.193496,
1624910282.546309,0.000000,0.844971,-0.761148,0.193651,
1624910282.550489,0.000000,0.845073,-0.761841,0.193556,
1624910282.554644,0.000000,0.845117,-0.762380,0.193643,
1624910282.617142,0.000000,0.846158,-0.770689,0.193719,
1624910282.621305,0.000000,0.846241,-0.771344,0.193676,
1624910282.625468,0.000000,0.846353,-0.771939,0.193582,
1624910282.629635,0.000000,0.846418,-0.772567,0.193567,
1624910282.633804,0.000000,0.846607,-0.773259,0.193389,
1624910282.637969,0.000000,0.846626,-0.773738,0.193402,
1624910282.642138,0.000000,0.846686,-0.774343,0.193448,
1624910282.646386,0.000000,0.846726,-0.774908,0.193476,
1624910282.650472,0.000000,0.846836,-0.775597,0.193422,
1624910282.654642,0.000000,0.846872,-0.776151,0.193483,
1624910282.717139,0.000000,0.847665,-0.784422,0.193612,
1624910282.721308,0.000000,0.847757,-0.785051,0.193559,
1624910282.725469,0.000000,0.847782,-0.785827,0.193298,
1624910282.729640,0.000000,0.847827,-0.786448,0.193249,
1624910282.733802,0.000000,0.847918,-0.787048,0.193184,
1624910282.737977,0.000000,0.847963,-0.787651,0.193202,
1624910282.742135,0.000000,0.847999,-0.788262,0.193208,
1624910282.746310,0.000000,0.848066,-0.788803,0.193183,
1624910282.750474,0.000000,0.848042,-0.789396,0.193260,
1624910282.754641,0.000000,0.848040,-0.789953,0.193321,
1624910282.817139,0.000000,0.848377,-0.798371,0.193296,
1624910282.821296,0.000000,0.848407,-0.799017,0.193266,
1624910282.825455,0.000000,0.848495,-0.799660,0.193152,
1624910282.829627,0.000000,0.848536,-0.800305,0.193093,
1624910282.833786,0.000000,0.848691,-0.800756,0.193152,
1624910282.837955,0.000000,0.848599,-0.801566,0.192982,
1624910282.842124,0.000000,0.848636,-0.802173,0.192963,
1624910282.846284,0.000000,0.848632,-0.802729,0.193011,
1624910282.850453,0.000000,0.848594,-0.803276,0.193110,
1624910282.854627,0.000000,0.848625,-0.803784,0.193147,
1624910282.917120,0.000000,0.848539,-0.812027,0.193137,
1624910282.921288,0.000000,0.848495,-0.812723,0.193053,
1624910282.925462,0.000000,0.848567,-0.813329,0.192980,
1624910282.929687,0.000000,0.848583,-0.813947,0.192929,
1624910282.933803,0.000000,0.848627,-0.814563,0.192842,
1624910282.937971,0.000000,0.848816,-0.814924,0.192992,
1624910282.942121,0.000000,0.848781,-0.815511,0.193009,
1624910282.946301,0.000000,0.848619,-0.816296,0.192830,
1624910282.950468,0.000000,0.848588,-0.816841,0.192866,
1624910282.954631,0.000000,0.848485,-0.817411,0.192983,
1624910283.017124,0.000000,0.848080,-0.825603,0.192895,
1624910283.021299,0.000000,0.848081,-0.826235,0.192837,
1624910283.025452,0.000000,0.848081,-0.826848,0.192757,
1624910283.029622,0.000000,0.848109,-0.827468,0.192710,
1624910283.033792,0.000000,0.848086,-0.828085,0.192635,
1624910283.037959,0.000000,0.848029,-0.828724,0.192648,
1624910283.042137,0.000000,0.848006,-0.829311,0.192640,
1624910283.046414,0.000000,0.847975,-0.829901,0.192625,
1624910283.050456,0.000000,0.847938,-0.830480,0.192685,
1624910283.054626,0.000000,0.847883,-0.831047,0.192729,
1624910283.117122,0.000000,0.847021,-0.839279,0.192811,
1624910283.121295,0.000000,0.846993,-0.839895,0.192743,
1624910283.125455,0.000000,0.847000,-0.840428,0.192843,
1624910283.129618,0.000000,0.846972,-0.841072,0.192674,
1624910283.133792,0.000000,0.846902,-0.841679,0.192646,
1624910283.137959,0.000000,0.846833,-0.842236,0.192602,
1624910283.142128,0.000000,0.846786,-0.842815,0.192561,
1624910283.146291,0.000000,0.846761,-0.843453,0.192507,
1624910283.150505,0.000000,0.846687,-0.844049,0.192529,
1624910283.154627,0.000000,0.846607,-0.844589,0.192573,
1624910283.217128,0.000000,0.845430,-0.852596,0.192609,
1624910283.221309,0.000000,0.845394,-0.853186,0.192566,
1624910283.225466,0.000000,0.845327,-0.853848,0.192532,
1624910283.229645,0.000000,0.845232,-0.854424,0.192501,
1624910283.233775,0.000000,0.845151,-0.855034,0.192477,
1624910283.237958,0.000000,0.845095,-0.855644,0.192382,
1624910283.242114,0.000000,0.845006,-0.856282,0.192375,
1624910283.246289,0.000000,0.844946,-0.856842,0.192340,
1624910283.250633,0.000000,0.844864,-0.857433,0.192349,
1624910283.254628,0.000000,0.844746,-0.857974,0.192390,
1624910283.317117,0.000000,0.843180,-0.866045,0.192668,
1624910283.321288,0.000000,0.843115,-0.866669,0.192611,
1624910283.325446,0.000000,0.843031,-0.867273,0.192553,
1624910283.329628,0.000000,0.842970,-0.867812,0.192770,
1624910283.333787,0.000000,0.842916,-0.868427,0.192692,
1624910283.337970,0.000000,0.842674,-0.869034,0.192707,
1624910283.342149,0.000000,0.842720,-0.869674,0.192562,
1624910283.346303,0.000000,0.842640,-0.870260,0.192529,
1624910283.350468,0.000000,0.842497,-0.870858,0.192498,
1624910283.354641,0.000000,0.842385,-0.871417,0.192453,
1624910283.417150,0.000000,0.840357,-0.879297,0.192932,
1624910283.421310,0.000000,0.840228,-0.879868,0.192905,
1624910283.425473,0.000000,0.840129,-0.880481,0.192816,
1624910283.429649,0.000000,0.840036,-0.881082,0.192720,
1624910283.433817,0.000000,0.839840,-0.881713,0.192577,
1624910283.437976,0.000000,0.839775,-0.882514,0.192277,
1624910283.442142,0.000000,0.839706,-0.882968,0.192083,
1624910283.446372,0.000000,0.839563,-0.883550,0.192102,
1624910283.450495,0.000000,0.839419,-0.884111,0.192104,
1624910283.454645,0.000000,0.839294,-0.884652,0.192076,
1624910283.517144,0.000000,0.836962,-0.892538,0.192556,
1624910283.521312,0.000000,0.836808,-0.893126,0.192515,
1624910283.525476,0.000000,0.836592,-0.893736,0.192544,
1624910283.529642,0.000000,0.836442,-0.894325,0.192538,
1624910283.533808,0.000000,0.836346,-0.894907,0.192464,
1624910283.537976,0.000000,0.836332,-0.895528,0.191995,
1624910283.542143,0.000000,0.836175,-0.896097,0.192270,
1624910283.546317,0.000000,0.835973,-0.896693,0.192276,
1624910283.550477,0.000000,0.835872,-0.897298,0.192206,
1624910283.554650,0.000000,0.835660,-0.897895,0.192246,
1624910283.617143,0.000000,0.832994,-0.905567,0.192434,
1624910283.621313,0.000000,0.832793,-0.906129,0.192440,
1624910283.625484,0.000000,0.832734,-0.906729,0.192365,
1624910283.629644,0.000000,0.832569,-0.907298,0.192360,
1624910283.633833,0.000000,0.832405,-0.907872,0.192257,
1624910283.637984,0.000000,0.832244,-0.908457,0.192185,
1624910283.642152,0.000000,0.832104,-0.909028,0.192117,
1624910283.646333,0.000000,0.831956,-0.909635,0.191748,
1624910283.650474,0.000000,0.831701,-0.910238,0.191949,
1624910283.654644,0.000000,0.831489,-0.910809,0.191995,
1624910283.717140,0.000000,0.828486,-0.918277,0.192336,
1624910283.721307,0.000000,0.828332,-0.918831,0.192323,
1624910283.725482,0.000000,0.828151,-0.919395,0.192281,
1624910283.729651,0.000000,0.828032,-0.920025,0.191963,
1624910283.733830,0.000000,0.827794,-0.920637,0.192129,
1624910283.737983,0.000000,0.827628,-0.921187,0.192064,
1624910283.742158,0.000000,0.827443,-0.921740,0.192027,
1624910283.746321,0.000000,0.827235,-0.922263,0.191959,
1624910283.750478,0.000000,0.826997,-0.922863,0.191911,
1624910283.754649,0.000000,0.826813,-0.923411,0.191871,
1624910283.817152,0.000000,0.823497,-0.930745,0.192166,
1624910283.821317,0.000000,0.823303,-0.931285,0.192117,
1624910283.825497,0.000000,0.823089,-0.931899,0.192071,
1624910283.829659,0.000000,0.822808,-0.932453,0.192034,
1624910283.833813,0.000000,0.822704,-0.933028,0.191984,
1624910283.837982,0.000000,0.822434,-0.933635,0.191972,
1624910283.842157,0.000000,0.822226,-0.934194,0.191929,
1624910283.846407,0.000000,0.822033,-0.934773,0.191850,
1624910283.850483,0.000000,0.821844,-0.935341,0.191707,
1624910283.854655,0.000000,0.821622,-0.935886,0.191682,
1624910283.917155,0.000000,0.817832,-0.943286,0.192111,
1624910283.921311,0.000000,0.817596,-0.943794,0.192093,
1624910283.925484,0.000000,0.817366,-0.944339,0.192035,
1624910283.929651,0.000000,0.817112,-0.944898,0.192028,
1624910283.933819,0.000000,0.816896,-0.945494,0.191937,
1624910283.937987,0.000000,0.816665,-0.946072,0.191875,
1624910283.942159,0.000000,0.816412,-0.946652,0.191812,
1624910283.946320,0.000000,0.816215,-0.947200,0.191656,
1624910283.950491,0.000000,0.815938,-0.947767,0.191620,
1624910283.954668,0.000000,0.815673,-0.948334,0.191560,
1624910284.017139,0.000000,0.811713,-0.955475,0.191921,
1624910284.021311,0.000000,0.811249,-0.956057,0.191911,
1624910284.025487,0.000000,0.810955,-0.956603,0.191879,
1624910284.029656,0.000000,0.810859,-0.957104,0.191797,
1624910284.033831,0.000000,0.810559,-0.957701,0.191757,
1624910284.037984,0.000000,0.810289,-0.958285,0.191675,
1624910284.042165,0.000000,0.810047,-0.958815,0.191584,
1624910284.046312,0.000000,0.809766,-0.959400,0.191541,
1624910284.050481,0.000000,0.809505,-0.959941,0.191491,
1624910284.054646,0.000000,0.809214,-0.960480,0.191456,
1624910284.117152,0.000000,0.805054,-0.967371,0.191897,
1624910284.121321,0.000000,0.804735,-0.967938,0.191864,
1624910284.125488,0.000000,0.804445,-0.968462,0.191832,
1624910284.129656,0.000000,0.804134,-0.969004,0.191801,
1624910284.133815,0.000000,0.803804,-0.969625,0.191670,
1624910284.137985,0.000000,0.803553,-0.970152,0.191601,
1624910284.142184,0.000000,0.803256,-0.970719,0.191477,
1624910284.146313,0.000000,0.802951,-0.971286,0.191391,
1624910284.150499,0.000000,0.802614,-0.971862,0.191336,
1624910284.154656,0.000000,0.802248,-0.972405,0.191275,
1624910284.217139,0.000000,0.797713,-0.979175,0.191557,
1624910284.221340,0.000000,0.797416,-0.979677,0.191502,
1624910284.225477,0.000000,0.797105,-0.980231,0.191417,
1624910284.229647,0.000000,0.796823,-0.980760,0.191363,
1624910284.233811,0.000000,0.796534,-0.981292,0.191295,
1624910284.237981,0.000000,0.796239,-0.981833,0.191202,
1624910284.242144,0.000000,0.795933,-0.982402,0.191117,
1624910284.246403,0.000000,0.795599,-0.982963,0.191073,
1624910284.250481,0.000000,0.795281,-0.983494,0.191015,
1624910284.254649,0.000000,0.794900,-0.983996,0.191015,
1624910284.317141,0.000000,0.789867,-0.990611,0.191575,
1624910284.321314,0.000000,0.789584,-0.991107,0.191472,
1624910284.325497,0.000000,0.789202,-0.991627,0.191435,
1624910284.329643,0.000000,0.788770,-0.992142,0.191421,
1624910284.333818,0.000000,0.788428,-0.992674,0.191398,
1624910284.337980,0.000000,0.788216,-0.993186,0.191375,
1624910284.342163,0.000000,0.787890,-0.993768,0.191047,
1624910284.346305,0.000000,0.787434,-0.994279,0.191033,
1624910284.350483,0.000000,0.787106,-0.994826,0.190900,
1624910284.354651,0.000000,0.786743,-0.995341,0.190872,
1624910284.417132,0.000000,0.781542,-1.001702,0.191320,
1624910284.421312,0.000000,0.781195,-1.002267,0.191034,
1624910284.425475,0.000000,0.780833,-1.002784,0.190958,
1624910284.429643,0.000000,0.780463,-1.003268,0.190910,
1624910284.433806,0.000000,0.780160,-1.003733,0.190809,
1624910284.437970,0.000000,0.779817,-1.004233,0.190752,
1624910284.442136,0.000000,0.779422,-1.004686,0.190991,
1624910284.446295,0.000000,0.779016,-1.005166,0.190978,
1624910284.450475,0.000000,0.778679,-1.005680,0.190886,
1624910284.454642,0.000000,0.778297,-1.006158,0.190853,
1624910284.517138,0.000000,0.772951,-1.012370,0.190722,
1624910284.521298,0.000000,0.772489,-1.012844,0.190735,
1624910284.525477,0.000000,0.772067,-1.013283,0.190746,
1624910284.529640,0.000000,0.771685,-1.013732,0.190970,
1624910284.533809,0.000000,0.771380,-1.014168,0.190943,
1624910284.537970,0.000000,0.771100,-1.014643,0.190840,
1624910284.542133,0.000000,0.770634,-1.015148,0.190842,
1624910284.546305,0.000000,0.770272,-1.015621,0.190765,
1624910284.550475,0.000000,0.769907,-1.016078,0.190715,
1624910284.554637,0.000000,0.769512,-1.016556,0.190640,
1624910284.617133,0.000000,0.763718,-1.022308,0.191186,
1624910284.621301,0.000000,0.763347,-1.022800,0.191127,
1624910284.625474,0.000000,0.762901,-1.023236,0.191115,
1624910284.629627,0.000000,0.762488,-1.023670,0.191093,
1624910284.633795,0.000000,0.762049,-1.024142,0.191010,
1624910284.637969,0.000000,0.761641,-1.024586,0.190955,
1624910284.642136,0.000000,0.761331,-1.025024,0.191039,
1624910284.646419,0.000000,0.760858,-1.025534,0.190842,
1624910284.650474,0.000000,0.760506,-1.025989,0.190798,
1624910284.654640,0.000000,0.760104,-1.026480,0.190716,
1624910284.717145,0.000000,0.753959,-1.031989,0.191054,
1624910284.721309,0.000000,0.753584,-1.032391,0.191004,
1624910284.725451,0.000000,0.753154,-1.032811,0.190987,
1624910284.729613,0.000000,0.752740,-1.033255,0.190933,
1624910284.733783,0.000000,0.752359,-1.033741,0.190801,
1624910284.737951,0.000000,0.751961,-1.034179,0.190786,
1624910284.742116,0.000000,0.751573,-1.034634,0.190679,
1624910284.746275,0.000000,0.751166,-1.035111,0.190564,
1624910284.750442,0.000000,0.750953,-1.035578,0.190312,
1624910284.754621,0.000000,0.750447,-1.036012,0.190286,
1624910284.817105,0.000000,0.744277,-1.041319,0.190672,
1624910284.821278,0.000000,0.743748,-1.041565,0.190878,
1624910284.825449,0.000000,0.743478,-1.042079,0.190639,
1624910284.829614,0.000000,0.743236,-1.042489,0.190543,
1624910284.833781,0.000000,0.742782,-1.042905,0.190501,
1624910284.837947,0.000000,0.742177,-1.043335,0.190475,
1624910284.842106,0.000000,0.741761,-1.043778,0.190390,
1624910284.846273,0.000000,0.741293,-1.044220,0.190330,
1624910284.850444,0.000000,0.740868,-1.044657,0.190247,
1624910284.854611,0.000000,0.740423,-1.045039,0.190244,
1624910284.917114,0.000000,0.733951,-1.049929,0.190805,
1624910284.921285,0.000000,0.733471,-1.050302,0.190816,
1624910284.925447,0.000000,0.733027,-1.050717,0.190745,
1624910284.929616,0.000000,0.732570,-1.051122,0.190708,
1624910284.933783,0.000000,0.732183,-1.051511,0.190689,
1624910284.937953,0.000000,0.731706,-1.051935,0.190619,
1624910284.942117,0.000000,0.731183,-1.052323,0.190579,
1624910284.946285,0.000000,0.730718,-1.052713,0.190529,
1624910284.950451,0.000000,0.730228,-1.053147,0.190467,
1624910284.954610,0.000000,0.729798,-1.053520,0.190403,
1624910285.017111,0.000000,0.723271,-1.058424,0.190566,
1624910285.021278,0.000000,0.722829,-1.058720,0.190578,
1624910285.025446,0.000000,0.722345,-1.059098,0.190524,
1624910285.029613,0.000000,0.721871,-1.059470,0.190528,
1624910285.033781,0.000000,0.721411,-1.059851,0.190502,
1624910285.037945,0.000000,0.721002,-1.060203,0.190396,
1624910285.042112,0.000000,0.720517,-1.060576,0.190374,
1624910285.046440,0.000000,0.720035,-1.060952,0.190334,
1624910285.050454,0.000000,0.719642,-1.061339,0.190236,
1624910285.054622,0.000000,0.719146,-1.061733,0.190171,
1624910285.117099,0.000000,0.712071,-1.066261,0.190645,
1624910285.121263,0.000000,0.711597,-1.066594,0.190610,
1624910285.125447,0.000000,0.711086,-1.066922,0.190612,
1624910285.129612,0.000000,0.710536,-1.067275,0.190603,
1624910285.133780,0.000000,0.709983,-1.067636,0.190603,
1624910285.137941,0.000000,0.709507,-1.068004,0.190515,
1624910285.142095,0.000000,0.708972,-1.068365,0.190416,
1624910285.146273,0.000000,0.708611,-1.068752,0.190304,
1624910285.150440,0.000000,0.708085,-1.069098,0.190291,
1624910285.154614,0.000000,0.707619,-1.069445,0.190239,
1624910285.217152,0.000000,0.700581,-1.073635,0.190628,
1624910285.221247,0.000000,0.700086,-1.073927,0.190626,
1624910285.225405,0.000000,0.699608,-1.074197,0.190655,
1624910285.229575,0.000000,0.699146,-1.074480,0.190641,
1624910285.233742,0.000000,0.698659,-1.074795,0.190630,
1624910285.237910,0.000000,0.698080,-1.075168,0.190561,
1624910285.242074,0.000000,0.697570,-1.075530,0.190526,
1624910285.246241,0.000000,0.697043,-1.075858,0.190506,
1624910285.250407,0.000000,0.696547,-1.076213,0.190430,
1624910285.254573,0.000000,0.696068,-1.076578,0.190358,
1624910285.317088,0.000000,0.689222,-1.080436,0.190587,
1624910285.321264,0.000000,0.688702,-1.080690,0.190620,
1624910285.325413,0.000000,0.688304,-1.080941,0.190604,
1624910285.329583,0.000000,0.687747,-1.081238,0.190592,
1624910285.333748,0.000000,0.687227,-1.081575,0.190522,
1624910285.337905,0.000000,0.686724,-1.081903,0.190444,
1624910285.342059,0.000000,0.685973,-1.082222,0.190510,
1624910285.346244,0.000000,0.685420,-1.082531,0.190494,
1624910285.350403,0.000000,0.684928,-1.082854,0.190417,
1624910285.354578,0.000000,0.684442,-1.083156,0.190367,
1624910285.404607,0.000000,0.678799,-1.086169,0.190361,
1624910285.408774,0.000000,0.678330,-1.086375,0.190399,
1624910285.412939,0.000000,0.677886,-1.086580,0.190427,
1624910285.417104,0.000000,0.677118,-1.086756,0.190601,
1624910285.421273,0.000000,0.676935,-1.087009,0.190450,
1624910285.425439,0.000000,0.676414,-1.087246,0.190477,
1624910285.429608,0.000000,0.675844,-1.087491,0.190523,
1624910285.433775,0.000000,0.675225,-1.087772,0.190543,
1624910285.437941,0.000000,0.674798,-1.088097,0.190434,
1624910285.442106,0.000000,0.674258,-1.088392,0.190416,
1624910285.517119,0.000000,0.665015,-1.092605,0.190523,
1624910285.521264,0.000000,0.664355,-1.092812,0.190565,
1624910285.525432,0.000000,0.663876,-1.093032,0.190535,
1624910285.529598,0.000000,0.663362,-1.093307,0.190511,
1624910285.533770,0.000000,0.662844,-1.093527,0.190510,
1624910285.537938,0.000000,0.662365,-1.093800,0.190439,
1624910285.542106,0.000000,0.661763,-1.094065,0.190421,
1624910285.546280,0.000000,0.661266,-1.094325,0.190374,
1624910285.550450,0.000000,0.660649,-1.094651,0.190301,
1624910285.554631,0.000000,0.660107,-1.094908,0.190290,
1624910285.617108,0.000000,0.652383,-1.098009,0.190489,
1624910285.621269,0.000000,0.651887,-1.098207,0.190445,
1624910285.625432,0.000000,0.651379,-1.098403,0.190449,
1624910285.629597,0.000000,0.650891,-1.098603,0.190431,
1624910285.633769,0.000000,0.650369,-1.098820,0.190402,
1624910285.637931,0.000000,0.649843,-1.099057,0.190371,
1624910285.642099,0.000000,0.649248,-1.099294,0.190346,
1624910285.646266,0.000000,0.648650,-1.099556,0.190320,
1624910285.650437,0.000000,0.648121,-1.099777,0.190301,
1624910285.654604,0.000000,0.647509,-1.100047,0.190234,
1624910285.717100,0.000000,0.639496,-1.102819,0.190428,
1624910285.721268,0.000000,0.638962,-1.102978,0.190457,
1624910285.725439,0.000000,0.638479,-1.103162,0.190439,
1624910285.729603,0.000000,0.637938,-1.103325,0.190470,
1624910285.733775,0.000000,0.637410,-1.103549,0.190418,
1624910285.737933,0.000000,0.636907,-1.103789,0.190350,
1624910285.742096,0.000000,0.636245,-1.104017,0.190335,
1624910285.746266,0.000000,0.635688,-1.104240,0.190280,
1624910285.750442,0.000000,0.635064,-1.104466,0.190232,
1624910285.754586,0.000000,0.634509,-1.104691,0.190152,
1624910285.817086,0.000000,0.626483,-1.107082,0.190395,
1624910285.821262,0.000000,0.625972,-1.107189,0.190426,
1624910285.825427,0.000000,0.625438,-1.107322,0.190462,
1624910285.829602,0.000000,0.624919,-1.107542,0.190376,
1624910285.833767,0.000000,0.624300,-1.107699,0.190374,
1624910285.837943,0.000000,0.623745,-1.107919,0.190293,
1624910285.842095,0.000000,0.623190,-1.108109,0.190276,
1624910285.846358,0.000000,0.622601,-1.108320,0.190210,
1624910285.850439,0.000000,0.621912,-1.108530,0.190169,
1624910285.854597,0.000000,0.621352,-1.108699,0.190217,
1624910285.917061,0.000000,0.613237,-1.110820,0.190248,
1624910285.921240,0.000000,0.612639,-1.110932,0.190295,
1624910285.925405,0.000000,0.612114,-1.111094,0.190279,
1624910285.929564,0.000000,0.611562,-1.111208,0.190283,
1624910285.933722,0.000000,0.611000,-1.111349,0.190270,
1624910285.937888,0.000000,0.610356,-1.111545,0.190217,
1624910285.942058,0.000000,0.609723,-1.111709,0.190229,
1624910285.946238,0.000000,0.609150,-1.111877,0.190179,
1624910285.950406,0.000000,0.608561,-1.112058,0.190107,
1624910285.954576,0.000000,0.607967,-1.112231,0.190047,
1624910286.017092,0.000000,0.599811,-1.113892,0.190223,
1624910286.021264,0.000000,0.599268,-1.113982,0.190264,
1624910286.025430,0.000000,0.598766,-1.114098,0.190232,
1624910286.029594,0.000000,0.598188,-1.114203,0.190265,
1624910286.033748,0.000000,0.597630,-1.114333,0.190237,
1624910286.037921,0.000000,0.597030,-1.114445,0.190243,
1624910286.042081,0.000000,0.596436,-1.114573,0.190234,
1624910286.046261,0.000000,0.595860,-1.114727,0.190192,
1624910286.050429,0.000000,0.595212,-1.114857,0.190185,
1624910286.054592,0.000000,0.594620,-1.115023,0.190137,
1624910286.117059,0.000000,0.586487,-1.116491,0.190105,
1624910286.121227,0.000000,0.585980,-1.116565,0.190104,
1624910286.125405,0.000000,0.585443,-1.116630,0.190105,
1624910286.129576,0.000000,0.584926,-1.116723,0.190066,
1624910286.133753,0.000000,0.584337,-1.116826,0.190035,
1624910286.137888,0.000000,0.583775,-1.116938,0.190002,
1624910286.142056,0.000000,0.583188,-1.117073,0.189961,
1624910286.146241,0.000000,0.582535,-1.117198,0.189964,
1624910286.150399,0.000000,0.581936,-1.117269,0.189982,
1624910286.154574,0.000000,0.581329,-1.117387,0.189952,
1624910286.217090,0.000000,0.572967,-1.118356,0.190022,
1624910286.221264,0.000000,0.572466,-1.118417,0.190004,
1624910286.225432,0.000000,0.571947,-1.118423,0.190114,
1624910286.229598,0.000000,0.571384,-1.118443,0.190214,
1624910286.233765,0.000000,0.570799,-1.118506,0.190202,
1624910286.237922,0.000000,0.570124,-1.118655,0.190022,
1624910286.242097,0.000000,0.569547,-1.118685,0.190079,
1624910286.246368,0.000000,0.569003,-1.118774,0.190009,
1624910286.250441,0.000000,0.568399,-1.118829,0.190098,
1624910286.254597,0.000000,0.567794,-1.118967,0.189951,
1624910286.317098,0.000000,0.559638,-1.119573,0.190198,
1624910286.321234,0.000000,0.558974,-1.119578,0.190244,
1624910286.325406,0.000000,0.558589,-1.119596,0.190245,
1624910286.329575,0.000000,0.558034,-1.119597,0.190298,
1624910286.333735,0.000000,0.557377,-1.119600,0.190329,
1624910286.337898,0.000000,0.556648,-1.119590,0.190486,
1624910286.342064,0.000000,0.556221,-1.119711,0.190317,
1624910286.346247,0.000000,0.555276,-1.119728,0.190379,
1624910286.350404,0.000000,0.554652,-1.119786,0.190362,
1624910286.354551,0.000000,0.554140,-1.119876,0.190300,
1624910286.417053,0.000000,0.545907,-1.120153,0.190514,
1624910286.421231,0.000000,0.545326,-1.120142,0.190498,
1624910286.425412,0.000000,0.544810,-1.120152,0.190498,
1624910286.429585,0.000000,0.544194,-1.120127,0.190526,
1624910286.433747,0.000000,0.543652,-1.120145,0.190527,
1624910286.437941,0.000000,0.543084,-1.120167,0.190539,
1624910286.442114,0.000000,0.542518,-1.120192,0.190525,
1624910286.446238,0.000000,0.542063,-1.120219,0.190446,
1624910286.450423,0.000000,0.541499,-1.120239,0.190428,
1624910286.454588,0.000000,0.540885,-1.120302,0.190390,
1624910286.517080,0.000000,0.532320,-1.120357,0.190336,
1624910286.521258,0.000000,0.531790,-1.120297,0.190373,
1624910286.525414,0.000000,0.531287,-1.120207,0.190467,
1624910286.529542,0.000000,0.530823,-1.120214,0.190394,
1624910286.533719,0.000000,0.530223,-1.120172,0.190481,
1624910286.537907,0.000000,0.529706,-1.120138,0.190514,
1624910286.542048,0.000000,0.529128,-1.120202,0.190424,
1624910286.546229,0.000000,0.528561,-1.120213,0.190376,
1624910286.550416,0.000000,0.527877,-1.120184,0.190363,
1624910286.554564,0.000000,0.527237,-1.120204,0.190316,
1624910286.617067,0.000000,0.518969,-1.119979,0.190296,
1624910286.621230,0.000000,0.518430,-1.119906,0.190335,
1624910286.625390,0.000000,0.517897,-1.119829,0.190379,
1624910286.629559,0.000000,0.517370,-1.119769,0.190399,
1624910286.633761,0.000000,0.516837,-1.119651,0.190441,
1624910286.637923,0.000000,0.516181,-1.119646,0.190426,
1624910286.642085,0.000000,0.515660,-1.119617,0.190397,
1624910286.646334,0.000000,0.515074,-1.119604,0.190371,
1624910286.650423,0.000000,0.514490,-1.119554,0.190412,
1624910286.654591,0.000000,0.513948,-1.119542,0.190371,
1624910286.717089,0.000000,0.505430,-1.118913,0.190343,
1624910286.721258,0.000000,0.504847,-1.118831,0.190321,
1624910286.725424,0.000000,0.504308,-1.118749,0.190358,
1624910286.729585,0.000000,0.503745,-1.118664,0.190378,
1624910286.733750,0.000000,0.503230,-1.118571,0.190400,
1624910286.737924,0.000000,0.502697,-1.118498,0.190422,
1624910286.742088,0.000000,0.502140,-1.118427,0.190423,
1624910286.746255,0.000000,0.501572,-1.118358,0.190424,
1624910286.750425,0.000000,0.501067,-1.118335,0.190365,
1624910286.754579,0.000000,0.500501,-1.118258,0.190357,
1624910286.817084,0.000000,0.491928,-1.117372,0.190299,
1624910286.821275,0.000000,0.491470,-1.117283,0.190327,
1624910286.825419,0.000000,0.490957,-1.117185,0.190362,
1624910286.829592,0.000000,0.490407,-1.117022,0.190445,
1624910286.833755,0.000000,0.489854,-1.116909,0.190474,
1624910286.837923,0.000000,0.489328,-1.116825,0.190474,
1624910286.842109,0.000000,0.488793,-1.116709,0.190488,
1624910286.846252,0.000000,0.488248,-1.116613,0.190481,
1624910286.850415,0.000000,0.487766,-1.116552,0.190440,
1624910286.854579,0.000000,0.487104,-1.116440,0.190393,
1624910286.917086,0.000000,0.478638,-1.115112,0.190393,
1624910286.921253,0.000000,0.478104,-1.114959,0.190388,
1624910286.925419,0.000000,0.477621,-1.114845,0.190424,
1624910286.929580,0.000000,0.477082,-1.114678,0.190492,
1624910286.933752,0.000000,0.476585,-1.114573,0.190550,
1624910286.937907,0.000000,0.476066,-1.114427,0.190539,
1624910286.942085,0.000000,0.475548,-1.114297,0.190518,
1624910286.946258,0.000000,0.474972,-1.114182,0.190537,
1624910286.950426,0.000000,0.474377,-1.114067,0.190532,
1624910286.954593,0.000000,0.473840,-1.114015,0.190421,
1624910287.017095,0.000000,0.465370,-1.112238,0.190428,
1624910287.021252,0.000000,0.464892,-1.112104,0.190470,
1624910287.025417,0.000000,0.464448,-1.112010,0.190465,
1624910287.029584,0.000000,0.463940,-1.111837,0.190516,
1624910287.033759,0.000000,0.463450,-1.111714,0.190519,
1624910287.037915,0.000000,0.462920,-1.111563,0.190579,
1624910287.042084,0.000000,0.462529,-1.111474,0.190535,
1624910287.046345,0.000000,0.461931,-1.111318,0.190525,
1624910287.050405,0.000000,0.461362,-1.111159,0.190527,
1624910287.054588,0.000000,0.460799,-1.111095,0.190392,
