1624910418.000000,418219566.000000,0.000184,0.000026,0.000402,-0.004857,0.027908,-0.000260,0.999599,-0.000424,0.000637,0.008105,0.004742,-0.002994,0.000626,
1624910418.000000,423222303.000000,0.000173,-0.000071,0.000203,-0.004840,0.027841,-0.000238,0.999601,-0.001483,-0.000468,0.005425,-0.002564,0.008916,0.003875,
1624910418.000000,428225279.000000,0.000167,-0.000073,0.000231,-0.004853,0.027847,-0.000227,0.999600,-0.001625,-0.000439,0.005775,0.000418,-0.012201,0.004922,
1624910418.000000,433228493.000000,0.000161,-0.000075,0.000261,-0.004839,0.027822,-0.000222,0.999601,-0.001710,-0.000409,0.006138,0.004878,0.009680,-0.003556,
1624910418.000000,438232422.000000,0.000149,-0.000076,0.000304,-0.004844,0.027864,-0.000236,0.999600,-0.002459,-0.000389,0.007835,-0.010100,0.000724,-0.002601,
1624910418.000000,443235636.000000,0.000141,-0.000078,0.000353,-0.004866,0.027836,-0.000232,0.999601,-0.002668,-0.000367,0.009176,0.001480,-0.005150,0.002829,
1624910418.000000,448238611.000000,0.000129,-0.000079,0.000408,-0.004847,0.027844,-0.000231,0.999601,-0.003047,-0.000347,0.010606,0.003858,0.000552,-0.002515,
1624910418.000000,453241110.000000,0.000120,-0.000082,0.000467,-0.004853,0.027833,-0.000237,0.999601,-0.002687,-0.000561,0.011678,-0.004844,-0.003906,0.000616,
1624910418.000000,458244085.000000,0.000151,-0.000099,0.000117,-0.004851,0.027885,-0.000257,0.999599,-0.001525,-0.000747,0.001662,-0.000532,0.009869,-0.007784,
1624910418.000000,463247299.000000,0.000143,-0.000103,0.000125,-0.004852,0.027905,-0.000283,0.999599,-0.001747,-0.000824,0.001731,-0.000512,-0.004746,-0.005831,
1624910418.000000,548300505.000000,0.000519,-0.000198,0.000518,-0.004854,0.024412,-0.000689,0.999690,0.040724,-0.012271,0.016514,0.008401,-0.577655,-0.165678,
1624910418.000000,553303480.000000,0.000768,-0.000270,0.000595,-0.004858,0.023221,-0.001179,0.999718,0.057122,-0.016414,0.020064,0.031999,-0.296225,-0.230499,
1624910418.000000,558307409.000000,0.001765,-0.000435,0.000452,-0.004773,0.022994,-0.001837,0.999723,0.103830,-0.023661,0.023901,0.025481,0.091809,-0.294401,
1624910418.000000,563310623.000000,0.002407,-0.000511,0.000428,-0.004753,0.023574,-0.002638,0.999707,0.131307,-0.021162,0.013519,0.034171,0.363875,-0.336067,
1624910418.000000,568313122.000000,0.003116,-0.000625,0.000448,-0.004633,0.024657,-0.003501,0.999679,0.152592,-0.022860,0.011615,0.056162,0.467990,-0.342417,
1624910418.000000,573316097.000000,0.003926,-0.000750,0.000464,-0.004546,0.025746,-0.004386,0.999649,0.173613,-0.024482,0.010696,0.027142,0.379936,-0.368854,
1624910418.000000,578319311.000000,0.004849,-0.000885,0.000477,-0.004503,0.026455,-0.005375,0.999625,0.195016,-0.025985,0.010223,0.036565,0.179539,-0.416930,
1624910418.000000,583322287.000000,0.005419,-0.000919,0.000573,-0.004418,0.026704,-0.006469,0.999613,0.162526,-0.015259,0.017690,0.045368,0.057127,-0.452107,
1624910418.000000,588325262.000000,0.006226,-0.001000,0.000616,-0.004370,0.026801,-0.007589,0.999602,0.164908,-0.012666,0.018935,0.010183,0.027872,-0.425663,
1624910418.000000,593328476.000000,0.005287,-0.000852,-0.000141,-0.004404,0.026852,-0.008351,0.999595,0.132183,-0.004121,0.013195,0.012121,0.034145,-0.398803,
1624910418.000000,638357401.000000,0.010543,-0.002111,-0.000202,-0.004894,0.027256,-0.017702,0.999460,0.124464,-0.016107,-0.001948,-0.016457,-0.057178,-0.417308,
1624910418.000000,643360376.000000,0.011195,-0.002282,-0.000046,-0.004912,0.027279,-0.018790,0.999439,0.128452,-0.024526,0.024745,0.033505,0.063851,-0.456700,
1624910418.000000,648363590.000000,0.011843,-0.002434,0.000067,-0.004759,0.027499,-0.019963,0.999411,0.130032,-0.026609,0.034151,0.114505,0.110347,-0.464394,
1624910418.000000,653366566.000000,0.012502,-0.002597,0.000231,-0.004466,0.027808,-0.021104,0.999381,0.131783,-0.028675,0.044316,0.114913,0.151456,-0.440777,
1624910418.000000,658369303.000000,0.013610,-0.003024,0.000659,-0.004251,0.028230,-0.022327,0.999343,0.126628,-0.031188,0.044476,0.008232,0.196245,-0.432403,
1624910418.000000,663372517.000000,0.014240,-0.003208,0.000874,-0.004311,0.028619,-0.023406,0.999307,0.123310,-0.031364,0.048030,-0.004148,0.084265,-0.429299,
1624910418.000000,668375492.000000,0.014856,-0.003393,0.001088,-0.004260,0.028522,-0.024463,0.999285,0.120271,-0.031532,0.050130,0.067753,-0.171268,-0.411203,
1624910418.000000,673379421.000000,0.015452,-0.003602,0.001237,-0.004091,0.027875,-0.025490,0.999278,0.117004,-0.035024,0.041972,0.091302,-0.289764,-0.416364,
1624910418.000000,678382635.000000,0.016030,-0.003810,0.001413,-0.003969,0.027228,-0.026564,0.999268,0.113706,-0.036542,0.039569,0.026413,-0.199321,-0.439944,
1624910418.000000,683385134.000000,0.016590,-0.004026,0.001577,-0.004036,0.026896,-0.027661,0.999247,0.110621,-0.038083,0.037055,-0.035785,-0.068674,-0.431516,
1624910418.000000,728413343.000000,0.023728,-0.005112,0.000114,-0.004276,0.028437,-0.037674,0.998876,0.148817,-0.016266,0.003149,-0.039863,0.065189,-0.452997,
1624910418.000000,733416319.000000,0.024465,-0.005248,0.000085,-0.004400,0.028518,-0.038814,0.998830,0.148974,-0.015387,0.001989,-0.029277,0.035625,-0.457379,
1624910418.000000,738419533.000000,0.025165,-0.005464,0.000178,-0.004489,0.028599,-0.039947,0.998782,0.145028,-0.023840,0.014360,-0.025884,0.003678,-0.450915,
1624910418.000000,743422270.000000,0.025879,-0.005646,0.000226,-0.004555,0.028491,-0.041068,0.998740,0.143898,-0.025906,0.018306,0.018501,-0.081517,-0.447718,
1624910418.000000,748425245.000000,0.026583,-0.005839,0.000289,-0.004449,0.028374,-0.042211,0.998696,0.142415,-0.027969,0.021851,0.091233,0.056466,-0.472120,
1624910418.000000,753429413.000000,0.027253,-0.006040,0.000454,-0.004221,0.028724,-0.043411,0.998635,0.136817,-0.029974,0.038167,0.087169,0.190362,-0.468158,
1624910418.000000,758432388.000000,0.028166,-0.006081,-0.000100,-0.004067,0.028975,-0.044593,0.998577,0.137277,-0.031489,0.045163,0.069746,0.123342,-0.425544,
1624910418.000000,763435364.000000,0.028844,-0.006303,0.000108,-0.003934,0.029088,-0.045636,0.998527,0.135204,-0.033556,0.053466,0.044535,-0.033582,-0.415792,
1624910418.000000,768438578.000000,0.029417,-0.006446,0.000038,-0.003899,0.028814,-0.046684,0.998487,0.123498,-0.026108,0.024864,0.030344,-0.166311,-0.418130,
1624910418.000000,773441315.000000,0.030015,-0.006630,0.000113,-0.003885,0.028261,-0.047736,0.998453,0.118577,-0.025109,0.020505,0.015750,-0.274095,-0.429703,
1624910418.000000,818469286.000000,0.036302,-0.007746,-0.000253,-0.004118,0.027820,-0.057775,0.997933,0.156084,-0.011135,-0.000610,-0.013093,0.131461,-0.468216,
1624910418.000000,823472261.000000,0.036872,-0.007935,-0.000724,-0.004080,0.028403,-0.058969,0.997847,0.150002,-0.011636,-0.005797,-0.022558,0.155386,-0.435622,
1624910418.000000,828476429.000000,0.037601,-0.008080,-0.000801,-0.004133,0.028675,-0.060017,0.997777,0.150566,-0.010850,-0.006645,0.000751,0.058547,-0.419229,
1624910418.000000,833479166.000000,0.038271,-0.008232,-0.000859,-0.004172,0.028776,-0.061098,0.997708,0.144247,-0.011835,-0.005294,-0.035001,0.054856,-0.449242,
1624910418.000000,838482380.000000,0.038973,-0.008377,-0.000915,-0.004329,0.028864,-0.062237,0.997635,0.142722,-0.011558,-0.004076,-0.042089,-0.036180,-0.458958,
1624910418.000000,843485355.000000,0.039665,-0.008523,-0.000974,-0.004392,0.028662,-0.063396,0.997567,0.141061,-0.011292,-0.003923,0.031713,-0.070437,-0.478976,
1624910418.000000,848488331.000000,0.040355,-0.008735,-0.000858,-0.004256,0.028604,-0.064621,0.997491,0.140102,-0.020718,0.021091,0.104237,0.039382,-0.489874,
1624910418.000000,853491545.000000,0.041039,-0.008937,-0.000766,-0.003996,0.028860,-0.065828,0.997406,0.138905,-0.024314,0.030816,0.098071,0.195981,-0.467416,
1624910418.000000,858494282.000000,0.041986,-0.009556,0.000120,-0.003684,0.029257,-0.067049,0.997314,0.146567,-0.037092,0.072419,0.045688,0.199984,-0.428109,
1624910418.000000,863497257.000000,0.042538,-0.009718,0.000110,-0.003596,0.029562,-0.068085,0.997235,0.128063,-0.028803,0.043855,0.050717,0.036489,-0.405621,
1624910418.000000,913529396.000000,0.049494,-0.011794,-0.000434,-0.003605,0.028140,-0.078973,0.996473,0.157445,-0.013548,0.005719,-0.015986,-0.008986,-0.466623,
1624910418.000000,918532133.000000,0.050266,-0.011983,-0.000453,-0.003693,0.028138,-0.080131,0.996380,0.159056,-0.011806,0.004142,-0.024634,0.069338,-0.467565,
1624910418.000000,923535109.000000,0.050818,-0.012213,-0.000827,-0.003667,0.028675,-0.081380,0.996264,0.159057,-0.011017,-0.006064,-0.031972,0.123770,-0.458255,
1624910418.000000,928538322.000000,0.051521,-0.012442,-0.000827,-0.003737,0.028951,-0.082499,0.996164,0.154176,-0.015211,-0.001384,-0.004456,0.116516,-0.445302,
1624910418.000000,933541298.000000,0.052267,-0.012644,-0.000877,-0.003767,0.029159,-0.083610,0.996065,0.154318,-0.015169,-0.002481,-0.029531,0.014594,-0.446427,
1624910418.000000,938545465.000000,0.053012,-0.012848,-0.000938,-0.003910,0.029084,-0.084735,0.995971,0.154306,-0.015125,-0.004064,-0.027028,-0.029009,-0.463418,
1624910418.000000,943547249.000000,0.053732,-0.013091,-0.000865,-0.003925,0.029056,-0.085919,0.995871,0.150610,-0.021253,0.014749,0.043633,-0.003751,-0.484807,
1624910418.000000,948551178.000000,0.054453,-0.013331,-0.000818,-0.003787,0.029035,-0.087129,0.995767,0.149002,-0.023673,0.021528,0.088454,0.012828,-0.475300,
1624910418.000000,953554392.000000,0.055166,-0.013583,-0.000731,-0.003576,0.029130,-0.088298,0.995662,0.147398,-0.026103,0.028685,0.093765,0.094364,-0.461284,
1624910418.000000,958557367.000000,0.055434,-0.013813,-0.000435,-0.003319,0.029285,-0.089506,0.995550,0.131141,-0.028761,0.045574,0.086256,0.166887,-0.451928,
1624910419.000000,53616285.000000,0.068417,-0.018194,-0.000406,-0.003055,0.029805,-0.110768,0.993395,0.139963,-0.027019,0.047193,0.077977,0.047217,-0.454243,
1624910419.000000,58619261.000000,0.068607,-0.018560,-0.000515,-0.002904,0.029723,-0.111923,0.993268,0.122154,-0.035076,0.053647,0.073338,0.072967,-0.445833,
1624910419.000000,63623190.000000,0.069170,-0.018873,-0.000252,-0.002750,0.029861,-0.113016,0.993141,0.118139,-0.038152,0.063488,0.046093,0.007424,-0.424609,
1624910419.000000,68626165.000000,0.069680,-0.019052,-0.000370,-0.002743,0.029629,-0.114033,0.993031,0.110174,-0.026671,0.028526,0.016915,-0.186077,-0.394707,
1624910419.000000,73629379.000000,0.070188,-0.019302,-0.000266,-0.002788,0.029031,-0.115025,0.992934,0.105608,-0.025424,0.024519,0.026663,-0.255385,-0.417951,
1624910419.000000,78632355.000000,0.070672,-0.019543,-0.000181,-0.002810,0.028437,-0.116110,0.992825,0.100969,-0.024179,0.020545,0.033100,-0.204181,-0.444925,
1624910419.000000,83635330.000000,0.071275,-0.019822,-0.000061,-0.002824,0.028009,-0.117217,0.992707,0.117369,-0.025239,0.025593,0.016110,-0.138360,-0.445860,
1624910419.000000,88638306.000000,0.072421,-0.020023,-0.000619,-0.002936,0.027802,-0.118356,0.992578,0.136177,-0.021259,0.013351,0.015992,0.005274,-0.438458,
1624910419.000000,93641281.000000,0.073068,-0.020288,-0.000590,-0.002891,0.027965,-0.119436,0.992444,0.139191,-0.020858,0.012891,0.025717,0.103502,-0.428892,
1624910419.000000,98644257.000000,0.073780,-0.020525,-0.000633,-0.002820,0.028289,-0.120495,0.992307,0.147151,-0.015676,0.005186,0.020385,0.185415,-0.424587,
1624910419.000000,143673420.000000,0.079955,-0.023082,-0.000999,-0.003064,0.029627,-0.130625,0.990984,0.143700,-0.022913,0.031368,0.041310,0.015890,-0.456645,
1624910419.000000,148676157.000000,0.080623,-0.023385,-0.000852,-0.002907,0.029696,-0.131776,0.990830,0.142233,-0.025404,0.042204,0.082443,0.086750,-0.472525,
1624910419.000000,153679132.000000,0.081285,-0.023700,-0.000654,-0.002702,0.029931,-0.132952,0.990667,0.141032,-0.027879,0.053204,0.087425,0.089763,-0.458919,
1624910419.000000,158682346.000000,0.081849,-0.024285,-0.000715,-0.002421,0.029957,-0.134073,0.990516,0.138775,-0.035882,0.061164,0.071625,0.029722,-0.440612,
1624910419.000000,163685322.000000,0.082337,-0.024512,-0.000758,-0.002299,0.029936,-0.135152,0.990370,0.122018,-0.028845,0.037634,0.056576,-0.040888,-0.421628,
1624910419.000000,168688297.000000,0.082885,-0.024813,-0.000604,-0.002246,0.029680,-0.136178,0.990237,0.116534,-0.028697,0.037709,0.031173,-0.154355,-0.410800,
1624910419.000000,173692465.000000,0.083404,-0.025106,-0.000449,-0.002284,0.029215,-0.137203,0.990109,0.110886,-0.028576,0.037533,0.022424,-0.188639,-0.415166,
1624910419.000000,178695202.000000,0.083979,-0.025409,-0.000364,-0.002316,0.028750,-0.138246,0.989978,0.117719,-0.027445,0.028191,0.022625,-0.190272,-0.430024,
1624910419.000000,183698177.000000,0.084512,-0.025701,-0.000262,-0.002355,0.028326,-0.139323,0.989839,0.116833,-0.026915,0.024693,0.020393,-0.115618,-0.434406,
1624910419.000000,188701391.000000,0.085470,-0.025751,-0.001146,-0.002489,0.028121,-0.140439,0.989687,0.126631,-0.019614,0.002767,0.016276,-0.034498,-0.436526,
1624910419.000000,233729601.000000,0.091358,-0.028289,-0.001427,-0.002665,0.029340,-0.150283,0.988204,0.140683,-0.011694,-0.005466,-0.024343,-0.006190,-0.454563,
1624910419.000000,238732338.000000,0.092014,-0.028592,-0.001398,-0.002693,0.029395,-0.151425,0.988028,0.141706,-0.016803,0.008117,0.020610,0.061452,-0.461207,
1624910419.000000,243735313.000000,0.092665,-0.028890,-0.001383,-0.002614,0.029571,-0.152540,0.987851,0.141441,-0.018815,0.013321,0.040892,0.072470,-0.435573,
1624910419.000000,248738527.000000,0.093312,-0.029199,-0.001343,-0.002493,0.029717,-0.153617,0.987680,0.140864,-0.020840,0.018416,0.068417,0.079347,-0.446000,
1624910419.000000,253742456.000000,0.093518,-0.029846,-0.001115,-0.002241,0.029864,-0.154797,0.987492,0.140572,-0.031592,0.040959,0.068658,0.111241,-0.451799,
1624910419.000000,258745193.000000,0.094154,-0.030219,-0.000921,-0.002074,0.030080,-0.155890,0.987314,0.141214,-0.033602,0.048396,0.074698,0.053506,-0.431331,
1624910419.000000,263748169.000000,0.094788,-0.030603,-0.000690,-0.001934,0.030002,-0.156943,0.987150,0.141806,-0.035614,0.055818,0.054857,-0.094110,-0.417524,
1624910419.000000,268751144.000000,0.095225,-0.030742,-0.001044,-0.001924,0.029639,-0.157969,0.986997,0.125302,-0.023539,0.016880,0.036339,-0.159120,-0.415341,
1624910419.000000,273754120.000000,0.095780,-0.031045,-0.001007,-0.001935,0.029233,-0.159003,0.986843,0.122041,-0.022491,0.013134,0.021736,-0.158745,-0.419664,
1624910419.000000,278757334.000000,0.096319,-0.031339,-0.000993,-0.001981,0.028832,-0.160039,0.986688,0.118858,-0.021456,0.009095,0.029945,-0.156654,-0.418600,
1624910419.000000,323785305.000000,0.102601,-0.033643,-0.001811,-0.001997,0.029487,-0.169704,0.985052,0.145506,-0.005766,-0.003978,-0.011279,-0.017632,-0.441918,
1624910419.000000,328789234.000000,0.103278,-0.033913,-0.001875,-0.002073,0.029425,-0.170799,0.984864,0.145279,-0.004841,-0.004913,-0.017655,0.010001,-0.437909,
1624910419.000000,333792448.000000,0.103980,-0.034230,-0.001902,-0.002174,0.029466,-0.171877,0.984675,0.149302,-0.008260,-0.000930,-0.046385,-0.039431,-0.450397,
1624910419.000000,338795424.000000,0.104666,-0.034523,-0.001941,-0.002336,0.029362,-0.173007,0.984480,0.149875,-0.008703,0.000553,-0.022213,0.012807,-0.461343,
1624910419.000000,343798399.000000,0.105354,-0.034821,-0.001975,-0.002325,0.029515,-0.174144,0.984275,0.150528,-0.009144,0.001762,0.030316,0.062237,-0.466464,
1624910419.000000,348801613.000000,0.106017,-0.035149,-0.001838,-0.002197,0.029659,-0.175293,0.984067,0.147511,-0.014544,0.026324,0.080247,0.119109,-0.453883,
1624910419.000000,353804350.000000,0.106243,-0.036229,-0.001653,-0.001917,0.029859,-0.176415,0.983861,0.144302,-0.030577,0.042990,0.086843,0.148612,-0.454756,
1624910419.000000,358807325.000000,0.106875,-0.036631,-0.001452,-0.001694,0.030177,-0.177536,0.983650,0.143607,-0.033009,0.053285,0.073854,0.147174,-0.441149,
1624910419.000000,363810539.000000,0.107381,-0.036912,-0.001498,-0.001523,0.030404,-0.178595,0.983452,0.126628,-0.025694,0.028706,0.047357,0.019690,-0.420693,
1624910419.000000,368814468.000000,0.107922,-0.037250,-0.001387,-0.001495,0.030182,-0.179621,0.983272,0.120559,-0.024993,0.027900,0.041801,-0.171723,-0.409080,
1624910419.000000,413842201.000000,0.113227,-0.040918,-0.001912,-0.001619,0.028900,-0.189085,0.981534,0.151815,-0.018538,0.000624,-0.017737,0.078045,-0.447472,
1624910419.000000,418845177.000000,0.114075,-0.040626,-0.001768,-0.001497,0.029490,-0.190230,0.981295,0.150620,-0.006308,-0.004230,-0.007989,0.079608,-0.435772,
1624910419.000000,423848391.000000,0.114761,-0.040932,-0.001835,-0.001524,0.029647,-0.191289,0.981085,0.152084,-0.004188,-0.006878,-0.015407,0.048616,-0.432444,
1624910419.000000,428851366.000000,0.115365,-0.041239,-0.001832,-0.001587,0.029741,-0.192358,0.980873,0.144266,-0.006417,-0.001219,-0.019773,0.020085,-0.438925,
1624910419.000000,433854342.000000,0.116018,-0.041538,-0.001881,-0.001686,0.029793,-0.193447,0.980657,0.143159,-0.005632,-0.001877,-0.049402,0.020986,-0.453778,
1624910419.000000,438858509.000000,0.116667,-0.041834,-0.001935,-0.001861,0.029822,-0.194557,0.980436,0.142336,-0.004840,-0.002892,-0.049766,-0.046288,-0.444368,
1624910419.000000,443861246.000000,0.117335,-0.042194,-0.001887,-0.001978,0.029609,-0.195647,0.980225,0.146806,-0.012066,0.011426,0.025943,-0.110514,-0.460015,
1624910419.000000,448864460.000000,0.117990,-0.042539,-0.001861,-0.001904,0.029466,-0.196812,0.979997,0.147528,-0.014459,0.016182,0.063603,0.072246,-0.476341,
1624910419.000000,453867435.000000,0.118066,-0.043456,-0.001793,-0.001684,0.029577,-0.197945,0.979765,0.141377,-0.030844,0.038418,0.067516,0.200962,-0.463442,
1624910419.000000,458870411.000000,0.118612,-0.043828,-0.001648,-0.001448,0.030010,-0.199059,0.979527,0.133765,-0.030248,0.042290,0.069803,0.184237,-0.438935,
1624910419.000000,553929329.000000,0.129171,-0.050754,-0.002141,-0.001448,0.029786,-0.219185,0.975228,0.137678,-0.022732,0.023752,0.084731,0.097495,-0.479348,
1624910419.000000,558933258.000000,0.129844,-0.051641,-0.002310,-0.001119,0.030016,-0.220359,0.974956,0.147594,-0.030897,0.047386,0.090275,0.217916,-0.460421,
1624910419.000000,563936472.000000,0.130455,-0.052108,-0.002087,-0.000848,0.030442,-0.221440,0.974698,0.148069,-0.034038,0.058386,0.077215,0.164190,-0.430203,
1624910419.000000,568939447.000000,0.130918,-0.052398,-0.002138,-0.000658,0.030646,-0.222481,0.974455,0.126972,-0.024138,0.032216,0.052892,0.007727,-0.416532,
1624910419.000000,573942423.000000,0.131435,-0.052777,-0.002012,-0.000639,0.030457,-0.223490,0.974230,0.120940,-0.023197,0.031458,0.023988,-0.118012,-0.414293,
1624910419.000000,578945398.000000,0.131926,-0.053139,-0.001892,-0.000721,0.030026,-0.224502,0.974011,0.114908,-0.022282,0.030350,0.016541,-0.249686,-0.412290,
1624910419.000000,583948374.000000,0.132470,-0.053540,-0.001790,-0.000866,0.029302,-0.225515,0.973799,0.122356,-0.023459,0.027558,0.027198,-0.295092,-0.424924,
1624910419.000000,588951349.000000,0.133029,-0.053736,-0.002832,-0.001079,0.028567,-0.226534,0.973584,0.122967,-0.018208,0.006138,0.035852,-0.218513,-0.441042,
1624910419.000000,593954325.000000,0.133539,-0.054089,-0.002836,-0.001115,0.028192,-0.227611,0.973343,0.122164,-0.018116,0.005182,0.022106,-0.066873,-0.436833,
1624910419.000000,598958492.000000,0.134244,-0.054500,-0.002875,-0.001115,0.028221,-0.228656,0.973098,0.144939,-0.013886,0.002113,-0.001451,0.093196,-0.420785,
1624910419.000000,643986225.000000,0.140826,-0.057912,-0.003373,-0.000932,0.030585,-0.238370,0.970692,0.152542,0.000271,-0.010472,-0.027135,0.034588,-0.443205,
1624910419.000000,648989201.000000,0.141480,-0.058294,-0.003405,-0.001007,0.030598,-0.239443,0.970428,0.151326,-0.004480,-0.001216,-0.016156,-0.058095,-0.441055,
1624910419.000000,653992414.000000,0.142106,-0.059377,-0.003215,-0.001030,0.030017,-0.240521,0.970179,0.153069,-0.017352,0.019946,0.049544,-0.048487,-0.454869,
1624910419.000000,658995390.000000,0.142744,-0.059816,-0.003140,-0.000844,0.029988,-0.241658,0.969898,0.152204,-0.018864,0.025256,0.114920,0.069650,-0.475194,
1624910419.000000,663998365.000000,0.143343,-0.060255,-0.002964,-0.000536,0.030213,-0.242809,0.969603,0.147741,-0.021506,0.038942,0.091540,0.165072,-0.457200,
1624910419.000000,669001341.000000,0.143949,-0.060704,-0.002789,-0.000313,0.030573,-0.243872,0.969325,0.145785,-0.023398,0.046957,0.041198,0.133643,-0.415513,
1624910419.000000,674005270.000000,0.144540,-0.061156,-0.002579,-0.000238,0.030677,-0.244854,0.969074,0.143537,-0.025328,0.054418,0.028374,-0.052916,-0.399444,
1624910419.000000,679008245.000000,0.145078,-0.061532,-0.002541,-0.000273,0.030339,-0.245829,0.968838,0.132296,-0.019211,0.031579,0.033796,-0.176549,-0.403791,
1624910419.000000,684011459.000000,0.145610,-0.061924,-0.002431,-0.000358,0.029789,-0.246822,0.968603,0.126657,-0.017958,0.026907,0.029590,-0.280646,-0.415500,
1624910419.000000,689014435.000000,0.145398,-0.061950,-0.003116,-0.000593,0.029044,-0.247824,0.968369,0.113578,-0.013139,0.003000,0.040147,-0.298549,-0.428315,
1624910419.000000,739045143.000000,0.151709,-0.066061,-0.002950,-0.000410,0.030266,-0.258443,0.965552,0.152822,-0.003881,0.004461,-0.018359,0.093985,-0.434684,
1624910419.000000,744049311.000000,0.152363,-0.066460,-0.002967,-0.000430,0.030430,-0.259489,0.965266,0.153435,-0.003466,0.004815,-0.013820,0.016668,-0.432557,
1624910419.000000,749052286.000000,0.153022,-0.066862,-0.002988,-0.000529,0.030411,-0.260554,0.964980,0.153872,-0.003046,0.005156,-0.033103,-0.016828,-0.459086,
1624910419.000000,754055500.000000,0.153103,-0.067712,-0.003582,-0.000572,0.029970,-0.261626,0.964704,0.150018,-0.011101,-0.001116,0.024126,0.024751,-0.460414,
1624910419.000000,759058237.000000,0.153680,-0.068245,-0.003345,-0.000456,0.029948,-0.262736,0.964403,0.149957,-0.022284,0.027967,0.075848,-0.049848,-0.466518,
1624910419.000000,764061213.000000,0.154273,-0.068733,-0.003218,-0.000277,0.029900,-0.263887,0.964090,0.150056,-0.025275,0.037089,0.108459,0.162028,-0.476326,
1624910419.000000,769064426.000000,0.154861,-0.069236,-0.003042,0.000120,0.030461,-0.265022,0.963761,0.150416,-0.028246,0.047068,0.081239,0.236270,-0.453934,
1624910419.000000,774067402.000000,0.155389,-0.069654,-0.002968,0.000324,0.030767,-0.266063,0.963464,0.137526,-0.022770,0.035238,0.055066,0.071085,-0.401739,
1624910419.000000,779070377.000000,0.155923,-0.070104,-0.002834,0.000377,0.030669,-0.267006,0.963207,0.133111,-0.022442,0.035115,0.008768,-0.169494,-0.393987,
1624910419.000000,784073591.000000,0.156436,-0.070540,-0.002704,0.000161,0.030032,-0.267983,0.962955,0.128568,-0.022128,0.034207,0.015498,-0.301210,-0.413456,
1624910419.000000,834105253.000000,0.160150,-0.075306,-0.002651,-0.000067,0.029412,-0.278554,0.959970,0.152797,-0.016279,0.001102,-0.022125,-0.048541,-0.468818,
1624910419.000000,839108229.000000,0.160755,-0.075787,-0.002684,-0.000131,0.029497,-0.279681,0.959640,0.154477,-0.016404,0.000696,-0.006532,0.141811,-0.471979,
1624910419.000000,844111204.000000,0.161367,-0.076275,-0.002720,-0.000022,0.029948,-0.280808,0.959297,0.156335,-0.016519,0.000439,0.005506,0.164522,-0.462461,
1624910419.000000,849114180.000000,0.161957,-0.076768,-0.002657,0.000005,0.030213,-0.281903,0.958967,0.153740,-0.018759,0.014723,-0.022276,0.078388,-0.454891,
1624910419.000000,854117155.000000,0.162554,-0.077267,-0.002615,-0.000034,0.030370,-0.283006,0.958637,0.153779,-0.019733,0.020391,0.000849,0.033302,-0.469809,
1624910419.000000,859120369.000000,0.162665,-0.078161,-0.002970,0.000074,0.030109,-0.284100,0.958322,0.147750,-0.028305,0.022191,0.077749,0.057353,-0.480557,
1624910419.000000,864123344.000000,0.163212,-0.078687,-0.002888,0.000325,0.030192,-0.285246,0.957979,0.147415,-0.029285,0.026661,0.113038,0.050498,-0.465632,
1624910419.000000,869127274.000000,0.163628,-0.079189,-0.002654,0.000577,0.030225,-0.286360,0.957645,0.134278,-0.034909,0.043134,0.090631,0.062586,-0.464415,
1624910419.000000,874130249.000000,0.164089,-0.079704,-0.002455,0.000762,0.030353,-0.287464,0.957310,0.129616,-0.037289,0.050976,0.050030,0.066345,-0.442303,
1624910419.000000,879133224.000000,0.164527,-0.080221,-0.002213,0.000799,0.030322,-0.288471,0.957008,0.125271,-0.039718,0.058796,0.009585,-0.113444,-0.399498,
1624910419.000000,919158459.000000,0.168217,-0.083070,-0.003202,0.000503,0.029138,-0.296575,0.954565,0.140556,-0.012573,-0.004879,-0.009354,0.098012,-0.442073,
1624910419.000000,924161434.000000,0.168985,-0.083842,-0.002982,0.000562,0.029646,-0.297710,0.954196,0.154296,-0.010040,-0.003757,-0.020392,0.054372,-0.466673,
1624910419.000000,929164648.000000,0.169496,-0.084280,-0.002996,0.000516,0.029723,-0.298824,0.953845,0.145951,-0.010582,-0.001155,-0.009514,-0.001735,-0.461380,
1624910419.000000,934167385.000000,0.170067,-0.084739,-0.003046,0.000455,0.029730,-0.299914,0.953503,0.146365,-0.009285,-0.002337,-0.014858,0.025394,-0.458033,
1624910419.000000,939171314.000000,0.170643,-0.085196,-0.003100,0.000415,0.029905,-0.301003,0.953154,0.146806,-0.007984,-0.003301,-0.034023,0.099989,-0.451776,
1624910419.000000,944174528.000000,0.171200,-0.085660,-0.003110,0.000386,0.030211,-0.302062,0.952809,0.145204,-0.009980,0.002312,-0.027793,0.125456,-0.442088,
1624910419.000000,949177265.000000,0.171764,-0.086120,-0.003135,0.000380,0.030441,-0.303103,0.952472,0.144632,-0.010016,0.003736,-0.010576,0.027221,-0.429381,
1624910419.000000,954180241.000000,0.171759,-0.087039,-0.003199,0.000341,0.029973,-0.304076,0.952176,0.138837,-0.019631,0.008915,0.024435,-0.080232,-0.445198,
1624910419.000000,959183455.000000,0.172192,-0.087573,-0.002966,0.000381,0.029806,-0.305181,0.951828,0.132840,-0.030244,0.036292,0.069318,0.023095,-0.478357,
1624910419.000000,964186192.000000,0.172636,-0.088084,-0.002802,0.000596,0.029947,-0.306322,0.951456,0.129623,-0.033824,0.045998,0.081088,0.104891,-0.463605,
1624910420.000000,14218569.000000,0.177086,-0.093190,-0.002682,0.000889,0.028869,-0.316309,0.948216,0.142349,-0.020482,0.007912,0.026858,0.140137,-0.428342,
1624910420.000000,19221544.000000,0.177608,-0.093707,-0.002684,0.000989,0.029197,-0.317337,0.947863,0.148256,-0.018891,0.006539,-0.016830,0.117362,-0.440007,
1624910420.000000,24224281.000000,0.178392,-0.094476,-0.002702,0.001105,0.029659,-0.318450,0.947475,0.153072,-0.015443,0.006867,-0.022412,0.012254,-0.449592,
1624910420.000000,29227257.000000,0.178962,-0.095000,-0.002719,0.001027,0.029636,-0.319530,0.947112,0.154282,-0.013460,0.005186,-0.014592,-0.011581,-0.465512,
1624910420.000000,34230471.000000,0.179543,-0.095522,-0.002742,0.000979,0.029713,-0.320633,0.946737,0.155780,-0.011466,0.003571,-0.008417,0.074497,-0.458219,
1624910420.000000,39233446.000000,0.180101,-0.096051,-0.002768,0.000993,0.029905,-0.321687,0.946373,0.154399,-0.013487,0.002704,-0.013539,0.040259,-0.434631,
1624910420.000000,44236422.000000,0.180672,-0.096576,-0.002800,0.000909,0.029986,-0.322705,0.946024,0.154674,-0.013118,0.001528,-0.047702,0.050699,-0.432465,
1624910420.000000,49240589.000000,0.181243,-0.097101,-0.002839,0.000800,0.030184,-0.323737,0.945665,0.154876,-0.012743,0.000095,-0.050016,0.038124,-0.443179,
1624910420.000000,54243326.000000,0.181361,-0.097066,-0.003411,0.000683,0.029905,-0.324694,0.945346,0.137036,-0.020334,0.017616,0.030932,0.007447,-0.442149,
1624910420.000000,59246540.000000,0.181839,-0.097576,-0.003353,0.000810,0.029851,-0.325746,0.944985,0.136036,-0.022946,0.024584,0.086727,-0.038269,-0.448432,
1624910420.000000,144299269.000000,0.189390,-0.106758,-0.003302,0.001354,0.029804,-0.343185,0.938794,0.150388,-0.012518,-0.003573,-0.036946,0.042123,-0.452797,
1624910420.000000,149302483.000000,0.189922,-0.107308,-0.003333,0.001228,0.029854,-0.344228,0.938410,0.150973,-0.014160,-0.000102,-0.045469,-0.041665,-0.439923,
1624910420.000000,154305458.000000,0.190289,-0.107718,-0.003853,0.001033,0.029513,-0.345202,0.938064,0.142257,-0.017261,-0.000508,-0.026421,-0.028475,-0.452612,
1624910420.000000,159309626.000000,0.190772,-0.108245,-0.003892,0.001041,0.029523,-0.346278,0.937667,0.141346,-0.017575,0.000453,0.072508,0.029488,-0.454962,
1624910420.000000,164312601.000000,0.191215,-0.108834,-0.003696,0.001302,0.029558,-0.347347,0.937270,0.140720,-0.026252,0.027317,0.108320,0.090510,-0.455827,
1624910420.000000,169315338.000000,0.191662,-0.109399,-0.003572,0.001568,0.029738,-0.348427,0.936863,0.139644,-0.029273,0.036900,0.069517,0.102680,-0.455975,
1624910420.000000,174318552.000000,0.192098,-0.109976,-0.003402,0.001758,0.029939,-0.349486,0.936462,0.138725,-0.032302,0.046279,0.045013,0.131677,-0.445252,
1624910420.000000,179321289.000000,0.192489,-0.110453,-0.003371,0.001916,0.030105,-0.350503,0.936076,0.125826,-0.026144,0.028339,0.061937,-0.029037,-0.414446,
1624910420.000000,184324265.000000,0.192874,-0.110958,-0.003266,0.001957,0.029730,-0.351449,0.935733,0.120439,-0.025563,0.026576,0.093034,-0.174929,-0.396145,
1624910420.000000,189327240.000000,0.192792,-0.111188,-0.003320,0.002004,0.029528,-0.352377,0.935390,0.103590,-0.023714,0.020095,0.042133,-0.142440,-0.430149,
1624910420.000000,234356403.000000,0.197469,-0.116169,-0.003304,0.001763,0.029498,-0.361590,0.931869,0.151725,-0.007718,-0.003091,0.015379,0.044337,-0.446066,
1624910420.000000,239359379.000000,0.198008,-0.116709,-0.003368,0.001772,0.029593,-0.362645,0.931455,0.153699,-0.006052,-0.005401,-0.014553,0.052419,-0.450659,
1624910420.000000,244362354.000000,0.198538,-0.117241,-0.003417,0.001725,0.029801,-0.363690,0.931042,0.152349,-0.005326,-0.004040,-0.056129,0.096076,-0.454706,
1624910420.000000,249365568.000000,0.199079,-0.117775,-0.003479,0.001607,0.030040,-0.364753,0.930618,0.152643,-0.004033,-0.004610,-0.064801,0.023434,-0.458066,
1624910420.000000,254368305.000000,0.199193,-0.118446,-0.004197,0.001478,0.029751,-0.365761,0.930232,0.147987,-0.007257,-0.016389,-0.023284,-0.104195,-0.445261,
1624910420.000000,259371281.000000,0.199627,-0.119065,-0.003984,0.001418,0.029545,-0.366814,0.929824,0.146280,-0.019876,0.017857,0.074686,0.004206,-0.474802,
1624910420.000000,264374495.000000,0.200088,-0.119642,-0.003918,0.001704,0.029684,-0.367952,0.929369,0.145059,-0.022948,0.025894,0.097580,0.163285,-0.479547,
1624910420.000000,269377470.000000,0.200538,-0.120230,-0.003805,0.002000,0.030002,-0.369026,0.928933,0.144317,-0.026037,0.034729,0.058787,0.138915,-0.443031,
1624910420.000000,274381399.000000,0.200957,-0.120748,-0.003749,0.002178,0.030203,-0.370038,0.928523,0.134339,-0.022282,0.028959,0.042807,0.082175,-0.430208,
1624910420.000000,279384613.000000,0.201366,-0.121288,-0.003632,0.002314,0.030273,-0.371029,0.928125,0.129797,-0.022683,0.032212,0.071484,0.001046,-0.415434,
1624910420.000000,339318514.000000,0.206406,-0.128511,-0.003624,0.002344,0.029740,-0.383117,0.923218,0.154886,-0.010989,0.008096,-0.011462,0.090576,-0.444074,
1624910420.000000,344322681.000000,0.206920,-0.129104,-0.003627,0.002319,0.029963,-0.384147,0.922783,0.155092,-0.010739,0.009138,-0.051925,0.059128,-0.455728,
1624910420.000000,349325657.000000,0.207434,-0.129698,-0.003634,0.002162,0.030093,-0.385209,0.922336,0.155312,-0.010480,0.009736,-0.069107,0.002681,-0.463331,
1624910420.000000,354328632.000000,0.207652,-0.130366,-0.004610,0.001887,0.029658,-0.386207,0.921933,0.146765,-0.016769,0.000356,-0.040376,-0.114553,-0.447319,
1624910420.000000,359331846.000000,0.208106,-0.130949,-0.004637,0.001746,0.029379,-0.387246,0.921507,0.145845,-0.017225,0.003801,0.065994,-0.069908,-0.466274,
1624910420.000000,364334822.000000,0.208554,-0.131531,-0.004639,0.001977,0.029341,-0.388365,0.921036,0.144848,-0.017664,0.007706,0.115606,0.126723,-0.491047,
1624910420.000000,369337559.000000,0.208968,-0.132151,-0.004420,0.002341,0.029673,-0.389479,0.920554,0.143600,-0.023479,0.033504,0.069510,0.202500,-0.460198,
1624910420.000000,374340773.000000,0.209389,-0.132758,-0.004260,0.002605,0.030027,-0.390494,0.920112,0.142759,-0.025609,0.044521,0.053252,0.136485,-0.425870,
1624910420.000000,379344702.000000,0.209798,-0.133369,-0.004051,0.002805,0.030159,-0.391466,0.919694,0.141597,-0.027753,0.054949,0.077916,0.028311,-0.417412,
1624910420.000000,384347916.000000,0.210158,-0.133879,-0.004030,0.002930,0.030000,-0.392422,0.919291,0.127865,-0.022848,0.030874,0.081219,-0.104051,-0.405758,
1624910420.000000,419369698.000000,0.214161,-0.138732,-0.004072,0.002763,0.029121,-0.399356,0.916329,0.174204,-0.005441,-0.004340,-0.046900,0.184336,-0.450518,
1624910420.000000,424372435.000000,0.214747,-0.139395,-0.004153,0.002747,0.029453,-0.400386,0.915869,0.180040,-0.002971,-0.009147,-0.033089,0.049527,-0.456664,
1624910420.000000,429375648.000000,0.215228,-0.139982,-0.004152,0.002677,0.029425,-0.401436,0.915410,0.167286,-0.004704,-0.002486,0.015058,-0.066347,-0.453647,
1624910420.000000,434378624.000000,0.215780,-0.140615,-0.004223,0.002640,0.029305,-0.402477,0.914957,0.167331,-0.003645,-0.004636,0.007797,0.016919,-0.461952,
1624910420.000000,439381599.000000,0.216336,-0.141247,-0.004297,0.002651,0.029487,-0.403541,0.914483,0.167496,-0.002575,-0.006141,-0.029728,0.090099,-0.459013,
1624910420.000000,444384813.000000,0.216893,-0.141875,-0.004374,0.002616,0.029723,-0.404571,0.914020,0.167492,-0.001517,-0.007290,-0.041481,0.086312,-0.450274,
1624910420.000000,449388742.000000,0.217440,-0.142506,-0.004455,0.002535,0.029903,-0.405594,0.913560,0.167152,-0.001800,-0.008303,-0.055185,-0.002163,-0.445075,
1624910420.000000,454391479.000000,0.217171,-0.142695,-0.003823,0.002323,0.029645,-0.406541,0.913148,0.153027,-0.005361,0.010585,-0.026719,-0.055858,-0.452429,
1624910420.000000,459394693.000000,0.217664,-0.143282,-0.003815,0.002258,0.029500,-0.407597,0.912682,0.152668,-0.004816,0.010186,0.058579,-0.076420,-0.471651,
1624910420.000000,464397669.000000,0.218061,-0.143979,-0.003416,0.002422,0.029338,-0.408709,0.912190,0.152167,-0.019861,0.049161,0.133333,0.079297,-0.497202,
1624910420.000000,509425879.000000,0.220764,-0.148591,-0.001580,0.002868,0.028333,-0.417733,0.908123,0.133385,-0.010919,0.036693,0.067438,0.120428,-0.404487,
1624910420.000000,514428616.000000,0.221175,-0.149147,-0.001435,0.003087,0.028636,-0.418656,0.907688,0.138804,-0.010026,0.035746,0.007599,0.139145,-0.415106,
1624910420.000000,519431591.000000,0.221378,-0.150449,-0.002351,0.003178,0.029026,-0.419652,0.907215,0.153722,-0.017257,0.017082,-0.032005,0.119267,-0.447212,
1624910420.000000,524434566.000000,0.221808,-0.151024,-0.002373,0.003171,0.029273,-0.420688,0.906727,0.150606,-0.011750,0.009039,-0.027628,0.039403,-0.467446,
1624910420.000000,529438734.000000,0.222254,-0.151633,-0.002374,0.003095,0.029277,-0.421747,0.906235,0.151941,-0.009282,0.006082,0.002180,-0.025984,-0.460058,
1624910420.000000,534441710.000000,0.222711,-0.152240,-0.002384,0.003054,0.029203,-0.422781,0.905756,0.153226,-0.006821,0.003442,0.008776,-0.037205,-0.457743,
1624910420.000000,539444685.000000,0.223150,-0.152849,-0.002381,0.003021,0.029233,-0.423830,0.905265,0.151645,-0.008138,0.005425,-0.020084,0.106107,-0.467441,
1624910420.000000,544447660.000000,0.223608,-0.153458,-0.002398,0.003054,0.029631,-0.424870,0.904764,0.151809,-0.007184,0.004403,-0.069059,0.135294,-0.448350,
1624910420.000000,549450636.000000,0.224068,-0.154066,-0.002419,0.002946,0.029884,-0.425866,0.904288,0.151762,-0.006248,0.002765,-0.046014,0.035599,-0.448093,
1624910420.000000,554453611.000000,0.224060,-0.154828,-0.003161,0.002867,0.029620,-0.426845,0.903835,0.146225,-0.021721,0.019398,-0.006081,-0.083654,-0.460047,
1624910420.000000,644510508.000000,0.230049,-0.165611,-0.002302,0.003471,0.029498,-0.445004,0.895036,0.147366,-0.010134,0.014861,-0.067904,0.125916,-0.462042,
1624910420.000000,649513721.000000,0.230454,-0.166245,-0.002228,0.003393,0.029837,-0.446011,0.894524,0.148052,-0.011652,0.021859,-0.054620,0.032654,-0.435547,
1624910420.000000,654516697.000000,0.230788,-0.167030,-0.003598,0.003260,0.029512,-0.446960,0.894061,0.146043,-0.015998,0.001140,0.034178,-0.048449,-0.439524,
1624910420.000000,659519434.000000,0.231161,-0.167663,-0.003626,0.003368,0.029430,-0.447992,0.893547,0.145866,-0.016578,0.003398,0.091722,0.045463,-0.479120,
1624910420.000000,664522648.000000,0.231484,-0.168286,-0.003473,0.003639,0.029548,-0.449078,0.892996,0.140482,-0.020776,0.025233,0.068470,0.140955,-0.476102,
1624910420.000000,669525623.000000,0.231820,-0.168919,-0.003351,0.003892,0.029833,-0.450122,0.892460,0.138883,-0.022571,0.035024,0.053062,0.137001,-0.463053,
1624910420.000000,674529791.000000,0.232147,-0.169555,-0.003191,0.004123,0.029990,-0.451142,0.891939,0.137413,-0.024368,0.044086,0.080988,0.067801,-0.439822,
1624910420.000000,679532766.000000,0.232462,-0.170190,-0.002990,0.004323,0.029979,-0.452090,0.891458,0.135804,-0.026184,0.052778,0.083219,0.007398,-0.408766,
1624910420.000000,684535742.000000,0.232555,-0.171305,-0.004096,0.004381,0.029860,-0.452971,0.891014,0.114043,-0.023394,-0.005807,0.047017,-0.140425,-0.399195,
1624910420.000000,689538717.000000,0.232786,-0.171820,-0.004165,0.004174,0.029374,-0.453879,0.890569,0.107278,-0.022577,-0.009946,0.011658,-0.238645,-0.418334,
1624910420.000000,734566927.000000,0.236307,-0.178228,-0.004251,0.004147,0.029361,-0.462725,0.886006,0.161177,-0.007143,-0.011531,-0.005313,0.019310,-0.449419,
1624910420.000000,739569902.000000,0.236736,-0.178903,-0.004354,0.004100,0.029385,-0.463707,0.885492,0.161004,-0.005215,-0.012719,-0.019075,-0.005355,-0.446989,
1624910420.000000,744573593.000000,0.237146,-0.179592,-0.004437,0.004012,0.029439,-0.464717,0.884961,0.160892,-0.007771,-0.010359,-0.032014,0.034759,-0.465260,
1624910420.000000,749575615.000000,0.238228,-0.180946,-0.005263,0.003807,0.029335,-0.465683,0.884457,0.166365,-0.009529,-0.014092,-0.057483,0.032212,-0.457925,
1624910420.000000,754579544.000000,0.238655,-0.181657,-0.005376,0.003706,0.029432,-0.466679,0.883929,0.167287,-0.009365,-0.014376,0.001646,0.028267,-0.452358,
1624910420.000000,759582520.000000,0.238991,-0.182389,-0.005240,0.003834,0.029461,-0.467701,0.883388,0.162045,-0.019588,0.013437,0.087469,0.034096,-0.469497,
1624910420.000000,764585733.000000,0.239353,-0.183113,-0.005195,0.004087,0.029510,-0.468752,0.882827,0.160665,-0.022842,0.021602,0.086387,0.143465,-0.472769,
1624910420.000000,769588709.000000,0.239701,-0.183847,-0.005100,0.004410,0.029834,-0.469785,0.882265,0.159542,-0.026096,0.030467,0.045739,0.155465,-0.458877,
1624910420.000000,774591446.000000,0.240032,-0.184475,-0.005076,0.004607,0.029989,-0.470768,0.881735,0.145666,-0.020353,0.022324,0.081605,0.044346,-0.424830,
1624910420.000000,779595613.000000,0.240349,-0.185129,-0.004996,0.004784,0.029872,-0.471688,0.881246,0.139742,-0.020076,0.023325,0.083389,-0.056082,-0.412916,
1624910420.000000,829626799.000000,0.244246,-0.192501,-0.005735,0.004550,0.029235,-0.481144,0.876142,0.173662,-0.000433,-0.004567,-0.014114,0.053972,-0.437425,
1624910420.000000,834629774.000000,0.244716,-0.193237,-0.005808,0.004538,0.029307,-0.482111,0.875608,0.176694,0.002421,-0.006917,-0.007454,0.024902,-0.441846,
1624910420.000000,839632750.000000,0.245132,-0.193932,-0.005834,0.004518,0.029408,-0.483070,0.875076,0.168121,-0.000227,-0.001298,-0.018293,0.042278,-0.435400,
1624910420.000000,844635725.000000,0.245577,-0.194640,-0.005887,0.004439,0.029468,-0.484019,0.874550,0.166516,0.000412,-0.000906,-0.041604,-0.047455,-0.435377,
1624910420.000000,849638939.000000,0.246659,-0.196124,-0.007311,0.004119,0.029039,-0.484936,0.874058,0.162828,-0.001408,-0.013658,-0.033310,-0.049537,-0.447139,
1624910420.000000,854641914.000000,0.247065,-0.196907,-0.007294,0.004030,0.029009,-0.485929,0.873507,0.168163,-0.008052,0.001334,0.010449,-0.016831,-0.464143,
1624910420.000000,859645605.000000,0.247471,-0.197644,-0.007327,0.004056,0.028966,-0.486949,0.872940,0.168414,-0.009739,0.005926,0.044636,0.029157,-0.458955,
1624910420.000000,864648581.000000,0.247866,-0.198386,-0.007329,0.004237,0.029079,-0.487949,0.872378,0.168558,-0.011439,0.010865,0.061626,0.129020,-0.461924,
1624910420.000000,869651556.000000,0.248234,-0.199082,-0.007272,0.004555,0.029369,-0.488968,0.871796,0.160628,-0.011711,0.020364,0.071212,0.197980,-0.462137,
1624910420.000000,874654531.000000,0.248603,-0.199799,-0.007200,0.004911,0.029664,-0.489947,0.871233,0.157713,-0.012861,0.027211,0.090311,0.123150,-0.429081,
1624910420.000000,914679766.000000,0.251434,-0.205127,-0.007471,0.004536,0.028167,-0.497237,0.867146,0.159585,-0.002877,0.000544,0.023330,0.063439,-0.431124,
1624910420.000000,919682503.000000,0.252088,-0.205671,-0.007365,0.004695,0.028389,-0.498215,0.866576,0.161820,0.001048,0.007720,0.008372,0.077715,-0.446102,
1624910420.000000,924685717.000000,0.252506,-0.206374,-0.007374,0.004774,0.028582,-0.499183,0.866012,0.164113,0.002001,0.007396,-0.006550,0.081393,-0.446088,
1624910420.000000,929689646.000000,0.252932,-0.207085,-0.007384,0.004814,0.028755,-0.500140,0.865453,0.166386,0.002960,0.007097,-0.006601,0.073607,-0.438612,
1624910420.000000,934692860.000000,0.253347,-0.207647,-0.007501,0.004850,0.028929,-0.501081,0.864903,0.159019,0.008369,-0.000922,-0.021354,0.062206,-0.433261,
1624910420.000000,939695835.000000,0.253782,-0.208316,-0.007546,0.004826,0.029092,-0.502018,0.864354,0.159395,0.010251,-0.002308,-0.029015,0.058792,-0.437511,
1624910420.000000,944698811.000000,0.254226,-0.208984,-0.007606,0.004804,0.029243,-0.502964,0.863799,0.159821,0.012139,-0.004011,-0.024618,0.033672,-0.437575,
1624910420.000000,949701548.000000,0.254641,-0.209655,-0.007624,0.004715,0.029284,-0.503908,0.863248,0.158068,0.009058,0.001310,-0.029956,-0.034257,-0.441753,
1624910420.000000,954704762.000000,0.255094,-0.210725,-0.008684,0.004363,0.028858,-0.504873,0.862700,0.159854,0.004772,-0.004722,-0.001451,-0.087438,-0.455663,
1624910420.000000,959707737.000000,0.255506,-0.211410,-0.008749,0.004301,0.028744,-0.505874,0.862118,0.159048,0.004671,-0.003406,0.018052,0.038113,-0.469537,
1624910421.000000,49764633.000000,0.262477,-0.224137,-0.011407,0.005166,0.029324,-0.522722,0.851983,0.171162,0.016086,-0.026126,-0.045128,0.047146,-0.432482,
1624910421.000000,54767847.000000,0.262444,-0.225201,-0.012756,0.004812,0.028875,-0.523608,0.851456,0.159698,0.007236,-0.036404,-0.029311,-0.048360,-0.430286,
1624910421.000000,59770823.000000,0.262791,-0.225942,-0.012859,0.004643,0.028703,-0.524539,0.850890,0.160522,0.001418,-0.023218,0.008138,-0.107099,-0.446294,
1624910421.000000,64773560.000000,0.263146,-0.226651,-0.013005,0.004566,0.028526,-0.525506,0.850300,0.159287,0.000020,-0.019116,0.036882,-0.007663,-0.457018,
1624910421.000000,69776773.000000,0.263492,-0.227358,-0.013132,0.004735,0.028605,-0.526490,0.849687,0.158050,-0.001376,-0.015009,0.073036,0.130603,-0.468656,
1624910421.000000,74779749.000000,0.263829,-0.228058,-0.013184,0.005070,0.028784,-0.527477,0.849066,0.155574,-0.002508,-0.002650,0.098715,0.106621,-0.444365,
1624910421.000000,79783916.000000,0.264158,-0.228762,-0.013224,0.005344,0.028854,-0.528397,0.848490,0.154340,-0.003824,0.004473,0.068983,0.100309,-0.429112,
1624910421.000000,84786654.000000,0.264324,-0.229571,-0.012643,0.005568,0.029065,-0.529352,0.847886,0.152901,-0.007288,0.027562,0.034585,0.023900,-0.427274,
1624910421.000000,89789629.000000,0.264642,-0.230142,-0.012861,0.005527,0.028917,-0.530240,0.847336,0.140640,0.000184,-0.002160,0.026125,-0.117799,-0.404894,
1624910421.000000,94792366.000000,0.264949,-0.230765,-0.012920,0.005312,0.028495,-0.531101,0.846813,0.136176,0.001646,-0.006472,0.031461,-0.262529,-0.414281,
1624910421.000000,139820814.000000,0.268521,-0.237156,-0.014778,0.004866,0.028005,-0.539416,0.841559,0.167443,0.018979,-0.034979,-0.020858,0.092353,-0.450696,
1624910421.000000,144824743.000000,0.268953,-0.237869,-0.015003,0.004942,0.028256,-0.540353,0.840949,0.168404,0.021046,-0.036534,-0.015380,0.133044,-0.439042,
1624910421.000000,149827719.000000,0.269394,-0.238584,-0.015237,0.005073,0.028579,-0.541261,0.840353,0.169401,0.023107,-0.038059,-0.012242,0.125131,-0.430438,
1624910421.000000,154830694.000000,0.269631,-0.239470,-0.015416,0.005089,0.028631,-0.542164,0.839770,0.171959,0.022100,-0.036925,-0.039834,0.063233,-0.430555,
1624910421.000000,159833670.000000,0.270082,-0.240200,-0.015664,0.004989,0.028722,-0.543070,0.839181,0.173060,0.024179,-0.038579,-0.025259,-0.048906,-0.434846,
1624910421.000000,164836645.000000,0.270545,-0.240936,-0.015912,0.004815,0.028517,-0.544002,0.838585,0.174293,0.026264,-0.039927,0.016590,-0.139327,-0.458198,
1624910421.000000,169839859.000000,0.270634,-0.241709,-0.015341,0.004740,0.028286,-0.544996,0.837948,0.164362,0.002647,0.013198,0.064367,0.027366,-0.481771,
1624910421.000000,174842834.000000,0.270968,-0.242447,-0.015319,0.005038,0.028444,-0.546005,0.837284,0.162673,-0.000487,0.021992,0.078482,0.166708,-0.471155,
1624910421.000000,179845810.000000,0.271292,-0.243203,-0.015251,0.005398,0.028663,-0.546956,0.836653,0.161755,-0.003632,0.030838,0.105777,0.141649,-0.429571,
1624910421.000000,184849739.000000,0.270813,-0.243000,-0.015857,0.005659,0.028577,-0.547921,0.836023,0.132500,0.002824,-0.005711,0.052046,0.040868,-0.411462,
1624910421.000000,234880686.000000,0.274383,-0.249543,-0.017165,0.004920,0.027346,-0.556881,0.830128,0.162072,0.022655,-0.027674,0.006977,0.007834,-0.456517,
1624910421.000000,239883900.000000,0.274794,-0.250246,-0.017344,0.004913,0.027373,-0.557829,0.829490,0.164155,0.024732,-0.028752,-0.013059,0.045608,-0.460697,
1624910421.000000,244886637.000000,0.275187,-0.250912,-0.017506,0.004977,0.027628,-0.558774,0.828844,0.159149,0.025148,-0.027224,-0.022995,0.164587,-0.445940,
1624910421.000000,249890566.000000,0.275597,-0.251594,-0.017686,0.005145,0.028016,-0.559672,0.828224,0.158716,0.026543,-0.027760,-0.023790,0.131372,-0.428714,
1624910421.000000,254893780.000000,0.276134,-0.252020,-0.018276,0.005144,0.028153,-0.560650,0.827559,0.153455,0.030171,-0.038718,-0.011167,0.049802,-0.427930,
1624910421.000000,259896755.000000,0.276550,-0.252665,-0.018507,0.005124,0.028236,-0.561547,0.826947,0.152763,0.031525,-0.039420,-0.035309,0.002443,-0.445979,
1624910421.000000,264899731.000000,0.276891,-0.253292,-0.018529,0.004990,0.028261,-0.562489,0.826307,0.147013,0.025711,-0.019903,-0.018844,-0.028431,-0.464207,
1624910421.000000,269902945.000000,0.277271,-0.253920,-0.018659,0.004921,0.028151,-0.563445,0.825659,0.144753,0.025014,-0.015576,0.041215,-0.075840,-0.454644,
1624910421.000000,274905682.000000,0.277642,-0.254537,-0.018764,0.004973,0.027976,-0.564390,0.825019,0.142251,0.024294,-0.011207,0.098595,0.048187,-0.465084,
1624910421.000000,279908657.000000,0.277976,-0.255150,-0.018788,0.005329,0.028096,-0.565360,0.824348,0.138726,0.019318,0.002311,0.081948,0.153479,-0.456879,
1624910421.000000,329940557.000000,0.280469,-0.261353,-0.020813,0.005042,0.026781,-0.574290,0.818199,0.155848,0.025048,-0.034702,0.005030,0.101054,-0.449776,
1624910421.000000,334943533.000000,0.280852,-0.262043,-0.021031,0.005152,0.026984,-0.575215,0.817541,0.159986,0.027337,-0.036919,-0.008700,0.055462,-0.458176,
1624910421.000000,339946508.000000,0.281218,-0.262685,-0.021222,0.005116,0.027033,-0.576147,0.816883,0.154015,0.028154,-0.034280,-0.005709,-0.003694,-0.447648,
1624910421.000000,344949722.000000,0.281605,-0.263354,-0.021436,0.005117,0.027082,-0.577056,0.816239,0.154466,0.029847,-0.034969,-0.000174,0.063152,-0.451683,
1624910421.000000,349952698.000000,0.281832,-0.263797,-0.021962,0.005102,0.026978,-0.578122,0.815488,0.147359,0.029311,-0.041047,-0.023556,0.128129,-0.452166,
1624910421.000000,354955673.000000,0.282181,-0.264432,-0.022186,0.005197,0.027287,-0.579021,0.814839,0.145486,0.027892,-0.038868,-0.030069,0.127786,-0.430821,
1624910421.000000,359959602.000000,0.282546,-0.265075,-0.022422,0.005241,0.027519,-0.579891,0.814213,0.145350,0.028509,-0.039050,-0.030995,0.019124,-0.435984,
1624910421.000000,364962578.000000,0.282911,-0.265711,-0.022665,0.005126,0.027516,-0.580794,0.813569,0.144949,0.029134,-0.039643,-0.011989,-0.025330,-0.447905,
1624910421.000000,369965792.000000,0.283224,-0.266357,-0.022719,0.005082,0.027449,-0.581715,0.812913,0.142508,0.021212,-0.015000,0.040278,-0.058229,-0.461617,
1624910421.000000,374968767.000000,0.283543,-0.266997,-0.022802,0.005098,0.027260,-0.582674,0.812232,0.141025,0.018421,-0.005476,0.075554,0.000004,-0.473454,
1624910421.000000,419996738.000000,0.285369,-0.271503,-0.023883,0.004654,0.025412,-0.590814,0.806394,0.132849,0.022554,-0.022891,0.023331,0.108452,-0.428103,
1624910421.000000,424999714.000000,0.285678,-0.272106,-0.024039,0.004879,0.025649,-0.591676,0.805753,0.138093,0.024004,-0.023778,0.023551,0.139255,-0.421846,
1624910421.000000,430002689.000000,0.285998,-0.272727,-0.024196,0.005068,0.025881,-0.592530,0.805116,0.143016,0.025465,-0.024371,0.009591,0.109274,-0.437606,
1624910421.000000,435006618.000000,0.286326,-0.273308,-0.024392,0.005175,0.026074,-0.593446,0.804435,0.138958,0.029016,-0.029990,-0.013774,0.075396,-0.469746,
1624910421.000000,440009594.000000,0.286671,-0.273927,-0.024589,0.005214,0.026249,-0.594393,0.803730,0.140433,0.031361,-0.032309,-0.010771,0.077342,-0.465564,
1624910421.000000,445012808.000000,0.287026,-0.274548,-0.024795,0.005258,0.026368,-0.595311,0.803045,0.141870,0.033697,-0.034582,-0.000961,0.000618,-0.453670,
1624910421.000000,450015545.000000,0.287046,-0.275559,-0.025566,0.005253,0.026173,-0.596310,0.802311,0.151871,0.030623,-0.047383,-0.016867,0.065858,-0.439171,
1624910421.000000,455018520.000000,0.287413,-0.276245,-0.025850,0.005364,0.026458,-0.597188,0.801647,0.154801,0.033015,-0.049929,-0.020215,0.145561,-0.449598,
1624910421.000000,460021734.000000,0.287794,-0.276943,-0.026147,0.005504,0.026760,-0.598091,0.800962,0.157795,0.035427,-0.052554,-0.014760,0.124900,-0.439300,
1624910421.000000,465024710.000000,0.287925,-0.277461,-0.025972,0.005531,0.026928,-0.598951,0.800314,0.140460,0.022532,-0.020921,-0.031770,-0.030251,-0.432541,
1624910421.000000,510053635.000000,0.289010,-0.281171,-0.026831,0.005144,0.025045,-0.606940,0.794337,0.084621,0.015340,-0.026366,0.021680,-0.181137,-0.439578,
1624910421.000000,515056849.000000,0.289190,-0.281754,-0.026631,0.004910,0.024721,-0.607948,0.793577,0.112933,0.015156,-0.015769,0.036359,-0.100181,-0.425931,
1624910421.000000,520059824.000000,0.289410,-0.282286,-0.026748,0.004879,0.024566,-0.608796,0.792932,0.115860,0.015676,-0.016710,0.022840,-0.004742,-0.432234,
1624910421.000000,525062799.000000,0.289635,-0.282831,-0.026869,0.004993,0.024692,-0.609662,0.792261,0.118743,0.016217,-0.017537,0.020321,0.171790,-0.437706,
1624910421.000000,530066013.000000,0.289929,-0.283417,-0.027094,0.005325,0.025080,-0.610523,0.791583,0.126782,0.022911,-0.028542,0.005789,0.176233,-0.433374,
1624910421.000000,535068750.000000,0.290204,-0.284005,-0.027275,0.005488,0.025337,-0.611384,0.790909,0.131275,0.025389,-0.031515,0.005402,0.101829,-0.440796,
1624910421.000000,540072441.000000,0.290494,-0.284611,-0.027470,0.005582,0.025480,-0.612271,0.790217,0.135641,0.027893,-0.034319,-0.010163,0.022035,-0.457874,
1624910421.000000,545075655.000000,0.290762,-0.285149,-0.027620,0.005516,0.025528,-0.613183,0.789509,0.126649,0.027946,-0.029448,-0.020139,0.026436,-0.463254,
1624910421.000000,550078630.000000,0.290290,-0.285262,-0.027619,0.005697,0.025650,-0.614226,0.788693,0.114715,0.022602,-0.030815,-0.013462,0.023889,-0.448626,
1624910421.000000,555081606.000000,0.290537,-0.285780,-0.027805,0.005668,0.025697,-0.615104,0.788007,0.113890,0.024063,-0.031959,-0.007050,0.011800,-0.447452,
1624910421.000000,650141478.000000,0.292374,-0.294816,-0.029164,0.005845,0.024665,-0.631793,0.774722,0.108153,0.020156,-0.028547,-0.012107,0.024918,-0.462330,
1624910421.000000,655144453.000000,0.292525,-0.295289,-0.029290,0.005884,0.024795,-0.632679,0.773995,0.104225,0.016827,-0.025765,-0.014076,0.077217,-0.445431,
1624910421.000000,660147667.000000,0.292707,-0.295780,-0.029443,0.005937,0.024970,-0.633526,0.773296,0.104050,0.017213,-0.026304,-0.017425,0.051874,-0.443042,
1624910421.000000,665150642.000000,0.292890,-0.296269,-0.029599,0.005949,0.025105,-0.634393,0.772580,0.103716,0.017605,-0.026769,-0.027935,0.071445,-0.451773,
1624910421.000000,670153618.000000,0.293052,-0.296748,-0.029667,0.005999,0.025321,-0.635258,0.771862,0.101399,0.014944,-0.014923,-0.020681,0.074232,-0.446390,
1624910421.000000,675156832.000000,0.293217,-0.297226,-0.029757,0.006024,0.025376,-0.636114,0.771154,0.100203,0.014105,-0.010518,0.035784,-0.030764,-0.442111,
1624910421.000000,680159569.000000,0.293377,-0.297700,-0.029824,0.006049,0.025205,-0.636979,0.770445,0.098876,0.013259,-0.005991,0.078624,-0.003036,-0.453782,
1624910421.000000,685163498.000000,0.292893,-0.298254,-0.029364,0.006258,0.024890,-0.638010,0.769600,0.089305,0.000261,0.018712,0.086119,0.105791,-0.463771,
1624910421.000000,690166712.000000,0.292972,-0.298681,-0.029272,0.006578,0.024989,-0.638888,0.768866,0.084837,-0.001676,0.026857,0.078675,0.110027,-0.434091,
1624910421.000000,695169687.000000,0.293038,-0.299090,-0.029133,0.006765,0.024990,-0.639691,0.768196,0.080423,-0.003641,0.035276,0.052060,-0.032788,-0.405057,
1624910421.000000,735194921.000000,0.293452,-0.302483,-0.029939,0.005696,0.023288,-0.646337,0.762675,0.098667,0.008281,-0.020391,0.007534,0.133718,-0.445963,
1624910421.000000,740197659.000000,0.293575,-0.302962,-0.030065,0.005891,0.023587,-0.647194,0.761937,0.102235,0.010267,-0.023717,-0.016193,0.135338,-0.451357,
1624910421.000000,745200634.000000,0.293711,-0.303461,-0.030224,0.006011,0.023803,-0.648046,0.761205,0.106046,0.012273,-0.027893,0.004056,0.065156,-0.444897,
1624910421.000000,750203848.000000,0.293649,-0.304153,-0.030038,0.006271,0.023964,-0.649050,0.760343,0.094399,0.009640,-0.013811,-0.006292,-0.007193,-0.455816,
1624910421.000000,755207539.000000,0.293768,-0.304603,-0.030124,0.006216,0.024021,-0.649920,0.759598,0.092932,0.010901,-0.013628,-0.030006,0.056991,-0.454907,
1624910421.000000,760210752.000000,0.293892,-0.305045,-0.030215,0.006274,0.024227,-0.650775,0.758859,0.091516,0.012161,-0.013736,-0.016154,0.066519,-0.452624,
1624910421.000000,765213728.000000,0.293988,-0.305503,-0.030334,0.006285,0.024328,-0.651633,0.758118,0.092087,0.009580,-0.016662,-0.018078,0.026526,-0.450601,
1624910421.000000,770216465.000000,0.294101,-0.305948,-0.030440,0.006245,0.024427,-0.652491,0.757377,0.091671,0.009654,-0.017438,-0.034213,0.019385,-0.463244,
1624910421.000000,775219679.000000,0.294213,-0.306393,-0.030557,0.006231,0.024532,-0.653371,0.756615,0.091479,0.009733,-0.018921,0.006093,0.064644,-0.458154,
1624910421.000000,780222654.000000,0.294280,-0.306826,-0.030488,0.006393,0.024594,-0.654224,0.755873,0.087609,0.003172,0.006493,0.076626,0.032551,-0.449395,
1624910421.000000,830254555.000000,0.296160,-0.311927,-0.033598,0.005845,0.022538,-0.662707,0.748517,0.097978,0.022082,-0.033109,0.014810,0.082679,-0.437236,
1624910421.000000,835257769.000000,0.296330,-0.312417,-0.033782,0.005988,0.022685,-0.663534,0.747779,0.103270,0.023516,-0.033921,0.004421,0.073290,-0.437500,
1624910421.000000,840260744.000000,0.296511,-0.312935,-0.033974,0.006067,0.022820,-0.664356,0.747043,0.108734,0.024977,-0.034799,-0.004280,0.077021,-0.457418,
1624910421.000000,845263720.000000,0.296698,-0.313401,-0.034219,0.006174,0.022985,-0.665230,0.746259,0.105383,0.027459,-0.041196,-0.000990,0.073253,-0.467368,
1624910421.000000,850266933.000000,0.297109,-0.314721,-0.034667,0.006400,0.023243,-0.666199,0.745385,0.119440,0.033870,-0.048034,-0.006184,0.096885,-0.458906,
1624910421.000000,855269670.000000,0.297343,-0.315295,-0.034952,0.006523,0.023457,-0.667042,0.744622,0.122458,0.035741,-0.050759,-0.010599,0.087884,-0.447241,
1624910421.000000,860273838.000000,0.297540,-0.315762,-0.035195,0.006613,0.023649,-0.667868,0.743875,0.112432,0.034029,-0.048331,-0.026409,0.112642,-0.447141,
1624910421.000000,865276814.000000,0.297764,-0.316290,-0.035470,0.006754,0.023957,-0.668701,0.743115,0.111375,0.034814,-0.048919,-0.024522,0.137636,-0.450447,
1624910421.000000,870279551.000000,0.297989,-0.316813,-0.035741,0.006775,0.024118,-0.669525,0.742367,0.110469,0.035580,-0.049223,-0.044414,-0.077939,-0.436599,
1624910421.000000,875282526.000000,0.298172,-0.317328,-0.035883,0.006448,0.023908,-0.670345,0.741636,0.107578,0.029947,-0.031368,0.013506,-0.126567,-0.457692,
1624910421.000000,920310736.000000,0.298722,-0.321146,-0.036559,0.005775,0.021713,-0.678038,0.734684,0.082381,0.021183,-0.028197,0.025804,-0.083296,-0.431753,
1624910421.000000,925313711.000000,0.298860,-0.321558,-0.036718,0.005757,0.021635,-0.678823,0.733960,0.087752,0.021887,-0.028664,0.024673,0.027031,-0.423274,
1624910421.000000,930316687.000000,0.299001,-0.321992,-0.036883,0.005914,0.021739,-0.679603,0.733235,0.092858,0.022608,-0.029186,0.027895,0.136918,-0.428587,
1624910421.000000,935320854.000000,0.299163,-0.322426,-0.037103,0.006199,0.022010,-0.680403,0.732481,0.094548,0.025865,-0.036015,0.001384,0.155492,-0.447769,
1624910421.000000,940323830.000000,0.299327,-0.322892,-0.037320,0.006369,0.022240,-0.681233,0.731701,0.098273,0.027644,-0.038637,0.007438,0.077763,-0.456385,
1624910421.000000,945326567.000000,0.299500,-0.323374,-0.037549,0.006433,0.022308,-0.682075,0.730913,0.101894,0.029438,-0.040988,-0.004880,0.013023,-0.469036,
1624910421.000000,950329781.000000,0.298866,-0.324385,-0.037186,0.006625,0.022426,-0.683079,0.729970,0.104663,0.023056,-0.035861,-0.021221,0.074016,-0.472638,
1624910421.000000,955332756.000000,0.299015,-0.324886,-0.037394,0.006746,0.022652,-0.683923,0.729171,0.103884,0.024561,-0.036312,-0.012558,0.113841,-0.452394,
1624910421.000000,960335732.000000,0.299169,-0.325381,-0.037602,0.006890,0.022866,-0.684729,0.728406,0.103017,0.026036,-0.036804,0.000198,0.101834,-0.439491,
1624910421.000000,965339899.000000,0.299330,-0.325876,-0.037827,0.007000,0.023041,-0.685526,0.727650,0.102382,0.027520,-0.037921,-0.024112,0.060704,-0.436377,
1624910422.000000,10367632.000000,0.298172,-0.330137,-0.036196,0.007007,0.021937,-0.693026,0.720544,0.055701,0.001448,0.009797,0.012082,-0.378397,-0.441742,
1624910422.000000,15370607.000000,0.298181,-0.330531,-0.036135,0.006386,0.021279,-0.693859,0.719768,0.066817,0.000188,0.011500,0.031894,-0.290827,-0.461353,
1624910422.000000,20373583.000000,0.298195,-0.330866,-0.036093,0.006097,0.020870,-0.694685,0.718985,0.066408,0.000313,0.009935,0.025011,-0.104665,-0.454712,
1624910422.000000,25376797.000000,0.297054,-0.333342,-0.034813,0.005989,0.020683,-0.695538,0.718167,0.101902,-0.007519,0.009240,0.023420,0.051882,-0.423133,
1624910422.000000,30379534.000000,0.297078,-0.333983,-0.034826,0.006195,0.020824,-0.696284,0.717438,0.117592,-0.002618,0.004187,0.020589,0.126421,-0.422823,
1624910422.000000,35382509.000000,0.297087,-0.334585,-0.034829,0.006454,0.021062,-0.697070,0.716665,0.123434,-0.000822,0.002129,0.021359,0.174618,-0.452885,
1624910422.000000,40386677.000000,0.297104,-0.335220,-0.034840,0.006742,0.021329,-0.697891,0.715855,0.129590,0.001019,0.000409,-0.001736,0.104424,-0.460377,
1624910422.000000,45389652.000000,0.297127,-0.335789,-0.034841,0.006778,0.021435,-0.698715,0.715047,0.122038,0.002745,0.000708,-0.001117,0.011305,-0.465588,
1624910422.000000,50392866.000000,0.297158,-0.336400,-0.034865,0.006772,0.021469,-0.699555,0.714224,0.122530,0.004547,-0.001277,-0.021896,0.024231,-0.472059,
1624910422.000000,55395842.000000,0.297197,-0.337013,-0.034902,0.006793,0.021638,-0.700389,0.713401,0.123127,0.006351,-0.003571,-0.021401,0.104719,-0.462481,
1624910422.000000,145452738.000000,0.295035,-0.353092,-0.037260,0.007199,0.020739,-0.714912,0.698870,0.139510,-0.005722,-0.020261,-0.008280,0.073146,-0.474628,
1624910422.000000,150455713.000000,0.294992,-0.353791,-0.037397,0.007201,0.020825,-0.715729,0.698031,0.141986,-0.003705,-0.023479,-0.015863,0.009817,-0.463849,
1624910422.000000,155458689.000000,0.295094,-0.355980,-0.037922,0.007631,0.021113,-0.716567,0.697157,0.161875,-0.001701,-0.023168,-0.007326,0.048895,-0.456419,
1624910422.000000,160461664.000000,0.295064,-0.356793,-0.038081,0.007739,0.021280,-0.717357,0.696337,0.165277,0.000376,-0.025767,-0.018878,0.109566,-0.453234,
1624910422.000000,165464878.000000,0.295043,-0.357623,-0.038256,0.007871,0.021531,-0.718138,0.695523,0.168693,0.002470,-0.028330,-0.026554,0.100178,-0.446865,
1624910422.000000,170468807.000000,0.294849,-0.358175,-0.038010,0.007887,0.021682,-0.718915,0.694715,0.149777,-0.009913,-0.000698,-0.040189,-0.018399,-0.455295,
1624910422.000000,175471783.000000,0.294771,-0.358918,-0.038010,0.007715,0.021638,-0.719727,0.693877,0.148314,-0.011039,0.004984,0.013666,-0.060497,-0.479861,
1624910422.000000,180474758.000000,0.294686,-0.359658,-0.037991,0.007697,0.021458,-0.720578,0.692999,0.147027,-0.012147,0.010162,0.085572,-0.053430,-0.493768,
1624910422.000000,185477734.000000,0.294579,-0.360368,-0.037893,0.007815,0.021285,-0.721438,0.692108,0.142674,-0.015588,0.023900,0.090827,0.081282,-0.490552,
1624910422.000000,190480709.000000,0.294411,-0.361732,-0.038373,0.008027,0.021139,-0.722270,0.691242,0.133483,-0.021326,0.024978,0.082048,0.200927,-0.478759,
1624910422.000000,245515585.000000,0.293037,-0.370442,-0.039502,0.007549,0.020085,-0.730560,0.682512,0.159008,-0.004690,-0.020267,-0.004355,0.031906,-0.472325,
1624910422.000000,250518560.000000,0.292956,-0.371150,-0.039609,0.007537,0.020107,-0.731364,0.681649,0.150456,-0.004286,-0.019184,-0.010382,-0.016759,-0.468045,
1624910422.000000,255521774.000000,0.292894,-0.372148,-0.039405,0.007851,0.020432,-0.732146,0.680795,0.141913,-0.003584,-0.009414,-0.026683,0.008329,-0.461481,
1624910422.000000,260524750.000000,0.292827,-0.372849,-0.039482,0.007897,0.020590,-0.732927,0.679950,0.140465,-0.002205,-0.009733,-0.021287,0.130117,-0.459354,
1624910422.000000,265527487.000000,0.292725,-0.373556,-0.039544,0.008097,0.020870,-0.733701,0.679103,0.140625,-0.005351,-0.007965,-0.018049,0.093030,-0.455116,
1624910422.000000,270530701.000000,0.292642,-0.374252,-0.039613,0.008109,0.020981,-0.734469,0.678270,0.139762,-0.005463,-0.007675,-0.023381,0.015501,-0.451890,
1624910422.000000,275533676.000000,0.292558,-0.374939,-0.039683,0.008059,0.021023,-0.735248,0.677424,0.138542,-0.005578,-0.007770,-0.001157,-0.026211,-0.475244,
1624910422.000000,280537844.000000,0.292424,-0.375582,-0.039551,0.008066,0.020939,-0.736072,0.676531,0.131578,-0.013535,0.019676,0.085080,0.034454,-0.487174,
1624910422.000000,285540819.000000,0.292295,-0.376229,-0.039450,0.008348,0.020870,-0.736890,0.675639,0.128295,-0.016786,0.029914,0.098425,0.065230,-0.474287,
1624910422.000000,290543795.000000,0.291847,-0.377565,-0.039793,0.008273,0.020470,-0.737600,0.674877,0.129872,-0.025942,0.054372,0.102949,0.075981,-0.455991,
1624910422.000000,330568552.000000,0.290935,-0.382541,-0.040048,0.007132,0.019011,-0.743417,0.668520,0.131642,-0.007692,-0.000727,0.021264,0.100589,-0.443045,
1624910422.000000,335547209.000000,0.290828,-0.383203,-0.040081,0.007387,0.019206,-0.744160,0.667684,0.136086,-0.006312,-0.002738,0.015853,0.158862,-0.448332,
1624910422.000000,340549946.000000,0.290724,-0.383886,-0.040122,0.007637,0.019426,-0.744914,0.666834,0.140469,-0.004910,-0.004596,-0.000063,0.078799,-0.458975,
1624910422.000000,345552921.000000,0.290637,-0.384523,-0.040175,0.007682,0.019522,-0.745685,0.665968,0.135109,-0.002609,-0.006955,-0.012943,0.048054,-0.465407,
1624910422.000000,350557089.000000,0.290550,-0.385193,-0.040240,0.007739,0.019656,-0.746460,0.665095,0.135638,-0.000837,-0.009183,-0.020332,0.041567,-0.467511,
1624910422.000000,355560064.000000,0.289729,-0.386431,-0.039634,0.007966,0.019821,-0.747169,0.664291,0.141630,-0.004032,-0.006554,-0.012040,0.050464,-0.456719,
1624910422.000000,360563040.000000,0.289585,-0.387089,-0.039639,0.008025,0.019942,-0.747916,0.663446,0.137917,-0.007643,-0.002771,-0.019330,0.036191,-0.448087,
1624910422.000000,365566254.000000,0.289463,-0.387766,-0.039674,0.008057,0.020076,-0.748668,0.662592,0.137421,-0.007593,-0.002914,-0.019548,0.098919,-0.466180,
1624910422.000000,370568991.000000,0.289340,-0.388444,-0.039707,0.008202,0.020299,-0.749438,0.661712,0.137282,-0.007533,-0.002911,-0.026781,0.054739,-0.455763,
1624910422.000000,375571966.000000,0.289186,-0.389104,-0.039590,0.008148,0.020334,-0.750179,0.660871,0.134055,-0.012453,0.018230,0.013310,-0.027073,-0.452244,
1624910422.000000,420601368.000000,0.287181,-0.393981,-0.038755,0.007480,0.018561,-0.756660,0.653502,0.084523,-0.016284,0.016699,0.018842,-0.066779,-0.426612,
1624910422.000000,425604343.000000,0.286768,-0.395806,-0.039678,0.007211,0.018489,-0.757234,0.652842,0.117707,-0.013034,0.008803,0.024034,-0.063125,-0.419900,
1624910422.000000,430607080.000000,0.286619,-0.396388,-0.039657,0.007162,0.018395,-0.757925,0.652042,0.120387,-0.011985,0.008672,0.019786,0.044939,-0.427356,
1624910422.000000,435610056.000000,0.286471,-0.396982,-0.039636,0.007374,0.018555,-0.758640,0.651204,0.122898,-0.010919,0.008692,0.009115,0.137261,-0.455027,
1624910422.000000,440613031.000000,0.286344,-0.397620,-0.039720,0.007635,0.018785,-0.759388,0.650322,0.128597,-0.007332,-0.001884,0.005878,0.160911,-0.455237,
1624910422.000000,445616007.000000,0.286211,-0.398261,-0.039765,0.007882,0.019027,-0.760114,0.649463,0.132428,-0.005483,-0.005355,-0.015286,0.089531,-0.447543,
1624910422.000000,450619221.000000,0.286082,-0.398920,-0.039832,0.007932,0.019164,-0.760842,0.648606,0.136113,-0.003619,-0.009176,-0.013425,0.059894,-0.449781,
1624910422.000000,455623150.000000,0.285958,-0.399495,-0.039867,0.008061,0.019323,-0.761564,0.647752,0.125476,-0.004187,-0.006395,-0.007815,0.101869,-0.441254,
1624910422.000000,460625887.000000,0.285133,-0.401289,-0.040320,0.008440,0.019630,-0.762189,0.647002,0.131549,-0.008802,-0.003820,-0.005962,0.041882,-0.439816,
1624910422.000000,465629101.000000,0.284984,-0.401925,-0.040356,0.008411,0.019699,-0.762904,0.646157,0.129672,-0.007953,-0.003222,-0.048332,0.018682,-0.444157,
1624910422.000000,510657310.000000,0.282870,-0.407988,-0.039949,0.008349,0.018857,-0.769232,0.638636,0.098047,-0.018340,0.010681,0.023908,-0.241968,-0.434439,
1624910422.000000,515660048.000000,0.282667,-0.408583,-0.039871,0.007906,0.018433,-0.769925,0.637819,0.111826,-0.017621,0.014186,0.033283,-0.196429,-0.431017,
1624910422.000000,520663023.000000,0.282477,-0.409123,-0.039820,0.007688,0.018180,-0.770617,0.636993,0.113364,-0.016796,0.012689,0.013325,-0.070633,-0.427933,
1624910422.000000,525667191.000000,0.282030,-0.409758,-0.040078,0.007547,0.018171,-0.771181,0.636312,0.113210,-0.014954,0.003240,0.022488,0.059512,-0.418064,
1624910422.000000,530670166.000000,0.281850,-0.410369,-0.040112,0.007759,0.018258,-0.771845,0.635501,0.121776,-0.012419,-0.001467,0.036646,0.088627,-0.421200,
1624910422.000000,535673380.000000,0.281674,-0.410960,-0.040150,0.007913,0.018329,-0.772520,0.634677,0.124976,-0.010998,-0.004180,0.006787,0.056301,-0.426613,
1624910422.000000,540676355.000000,0.281501,-0.411562,-0.040208,0.008002,0.018441,-0.773210,0.633831,0.127829,-0.009559,-0.007159,-0.005149,0.073218,-0.454163,
1624910422.000000,545679092.000000,0.281331,-0.412176,-0.040275,0.008114,0.018563,-0.773945,0.632929,0.130510,-0.008092,-0.009793,0.000346,0.048190,-0.464022,
1624910422.000000,550681829.000000,0.281171,-0.412756,-0.040334,0.008151,0.018635,-0.774667,0.632042,0.126902,-0.006966,-0.010468,-0.012419,0.039183,-0.453174,
1624910422.000000,555685043.000000,0.280358,-0.414291,-0.039916,0.008566,0.018983,-0.775305,0.631243,0.132972,-0.009030,-0.002704,-0.009428,0.033329,-0.446570,
1624910422.000000,645742178.000000,0.275778,-0.427034,-0.040895,0.008545,0.018332,-0.787534,0.615940,0.140053,-0.007298,-0.008257,-0.005095,0.079600,-0.460990,
1624910422.000000,650745153.000000,0.275575,-0.427708,-0.040967,0.008696,0.018503,-0.788242,0.615025,0.142331,-0.005531,-0.011353,-0.004250,0.085633,-0.456843,
1624910422.000000,655749083.000000,0.275106,-0.428769,-0.040478,0.009045,0.018780,-0.788889,0.614182,0.149620,-0.003834,-0.011440,-0.001000,0.055644,-0.438459,
1624910422.000000,660752058.000000,0.274900,-0.429377,-0.040473,0.009123,0.018901,-0.789555,0.613321,0.140180,-0.005718,-0.004648,-0.027574,0.073550,-0.438344,
1624910422.000000,665755033.000000,0.274701,-0.430047,-0.040531,0.009236,0.019102,-0.790233,0.612439,0.138989,-0.005000,-0.004273,-0.010871,0.098153,-0.449114,
1624910422.000000,670758009.000000,0.274504,-0.430710,-0.040579,0.009371,0.019242,-0.790915,0.611552,0.137972,-0.004297,-0.003563,-0.014618,0.047461,-0.439564,
1624910422.000000,675760984.000000,0.274302,-0.431354,-0.040590,0.009269,0.019293,-0.791576,0.610695,0.134854,-0.005691,0.001513,-0.043741,-0.091350,-0.430927,
1624910422.000000,680764198.000000,0.274104,-0.431997,-0.040601,0.008981,0.019199,-0.792247,0.609833,0.133113,-0.005838,0.003991,-0.007621,-0.072177,-0.452202,
1624910422.000000,685767174.000000,0.273905,-0.432631,-0.040601,0.008992,0.019139,-0.792957,0.608911,0.131410,-0.005980,0.006215,0.070289,0.046352,-0.472589,
1624910422.000000,690769911.000000,0.273132,-0.433089,-0.041431,0.009092,0.018946,-0.793580,0.608103,0.122349,-0.023457,0.027118,0.094926,0.112225,-0.452222,
1624910422.000000,750808001.000000,0.269647,-0.442961,-0.041985,0.008871,0.018110,-0.801294,0.597930,0.148879,-0.002918,-0.012343,-0.019222,0.022725,-0.460336,
1624910422.000000,755811214.000000,0.269836,-0.444252,-0.042344,0.009162,0.018431,-0.801924,0.597072,0.154885,0.005110,-0.019637,-0.021716,0.076192,-0.456132,
1624910422.000000,760814905.000000,0.269639,-0.445000,-0.042477,0.009307,0.018588,-0.802589,0.596170,0.156150,0.006619,-0.022097,0.010300,0.100388,-0.442119,
1624910422.000000,765818119.000000,0.269438,-0.445696,-0.042589,0.009478,0.018732,-0.803237,0.595290,0.150755,0.005269,-0.020345,-0.025545,0.072010,-0.427294,
1624910422.000000,770821095.000000,0.269240,-0.446425,-0.042712,0.009543,0.018934,-0.803874,0.594422,0.150413,0.005810,-0.020111,-0.031543,0.104219,-0.446262,
1624910422.000000,775824070.000000,0.269046,-0.447155,-0.042839,0.009667,0.019122,-0.804550,0.593498,0.150129,0.006384,-0.020105,-0.028815,0.019622,-0.458301,
1624910422.000000,780827045.000000,0.268855,-0.447878,-0.042962,0.009494,0.019110,-0.805221,0.592590,0.149464,0.006946,-0.020118,-0.011190,-0.092859,-0.448530,
1624910422.000000,785830021.000000,0.268612,-0.448559,-0.042899,0.009324,0.018967,-0.805901,0.591673,0.146107,-0.000150,0.001123,0.035979,-0.059764,-0.474004,
1624910422.000000,790832996.000000,0.268839,-0.449987,-0.043639,0.009187,0.018806,-0.806604,0.590722,0.142787,0.000915,0.011831,0.082709,0.166655,-0.473167,
1624910422.000000,795835972.000000,0.268625,-0.450667,-0.043584,0.009730,0.018959,-0.807275,0.589791,0.140575,-0.001113,0.020089,0.078642,0.182145,-0.437800,
1624910422.000000,835862160.000000,0.267487,-0.456533,-0.043974,0.008508,0.017577,-0.812197,0.583056,0.140178,0.013472,-0.006620,0.028131,0.070592,-0.404691,
1624910422.000000,840865135.000000,0.267325,-0.457227,-0.044023,0.008709,0.017640,-0.812797,0.582214,0.144766,0.014595,-0.006060,0.020081,0.075361,-0.423823,
1624910422.000000,845868111.000000,0.267193,-0.457912,-0.044104,0.008835,0.017731,-0.813432,0.581322,0.143635,0.018740,-0.010101,0.006867,0.070632,-0.448416,
1624910422.000000,850871086.000000,0.267051,-0.458627,-0.044186,0.008953,0.017833,-0.814088,0.580398,0.145920,0.021111,-0.012213,-0.015152,0.045630,-0.451653,
1624910422.000000,855874300.000000,0.267590,-0.459355,-0.042649,0.009525,0.018298,-0.814781,0.579402,0.148752,0.029992,-0.012043,-0.017711,0.019920,-0.456816,
1624910422.000000,860877275.000000,0.267483,-0.460022,-0.042707,0.009578,0.018388,-0.815444,0.578464,0.141361,0.027743,-0.009944,-0.005743,0.090628,-0.454837,
1624910422.000000,865881443.000000,0.267382,-0.460735,-0.042796,0.009821,0.018618,-0.816090,0.577541,0.140957,0.028587,-0.011578,-0.017496,0.168503,-0.446200,
1624910422.000000,870884180.000000,0.267283,-0.461441,-0.042883,0.010085,0.018892,-0.816725,0.576629,0.140502,0.029413,-0.013273,-0.016550,0.109352,-0.438799,
1624910422.000000,875886917.000000,0.267180,-0.462112,-0.042943,0.010179,0.019045,-0.817357,0.575727,0.135277,0.027414,-0.009440,-0.032313,0.051473,-0.446156,
1624910422.000000,880889893.000000,0.267081,-0.462786,-0.043015,0.010165,0.019179,-0.818007,0.574799,0.132764,0.027099,-0.008512,-0.031547,-0.006256,-0.457993,
1624910422.000000,925918102.000000,0.263892,-0.471001,-0.043352,0.009159,0.017571,-0.823639,0.566769,0.121284,0.015172,0.004564,0.034639,-0.237313,-0.436610,
1624910422.000000,930921078.000000,0.263746,-0.471596,-0.043359,0.008859,0.017269,-0.824266,0.565871,0.121417,0.015378,0.003101,0.040000,-0.051363,-0.439808,
1624910422.000000,935925007.000000,0.263597,-0.472194,-0.043366,0.008970,0.017287,-0.824879,0.564974,0.121812,0.015578,0.002281,0.004931,0.106390,-0.421757,
1624910422.000000,940928221.000000,0.263443,-0.472879,-0.043375,0.009197,0.017453,-0.825462,0.564113,0.133779,0.019609,0.001351,0.024723,0.108270,-0.415195,
1624910422.000000,945931196.000000,0.263290,-0.473550,-0.043398,0.009419,0.017538,-0.826051,0.563244,0.138542,0.021372,-0.000639,0.007328,0.093061,-0.419582,
1624910422.000000,950934172.000000,0.263135,-0.474244,-0.043435,0.009593,0.017716,-0.826657,0.562345,0.143002,0.023161,-0.002827,-0.010402,0.113261,-0.456680,
1624910422.000000,955937147.000000,0.262465,-0.474961,-0.042146,0.009991,0.017959,-0.827315,0.561362,0.141052,0.022355,0.005270,0.001673,0.065915,-0.461319,
1624910422.000000,960940123.000000,0.262308,-0.475664,-0.042162,0.010046,0.018037,-0.827944,0.560430,0.140780,0.023933,0.002497,-0.016451,0.030494,-0.445002,
1624910422.000000,965944052.000000,0.262163,-0.476361,-0.042191,0.010061,0.018137,-0.828570,0.559501,0.140111,0.025517,-0.000459,-0.019813,0.030753,-0.452534,
1624910422.000000,970947266.000000,0.262010,-0.477036,-0.042193,0.010119,0.018235,-0.829199,0.558565,0.137476,0.024044,0.001949,-0.001607,0.075007,-0.441994,
1624910423.000000,20977974.000000,0.258622,-0.484106,-0.043381,0.010520,0.017895,-0.835332,0.549354,0.100766,0.013222,0.000060,-0.012818,-0.330505,-0.408733,
1624910423.000000,25980949.000000,0.258492,-0.484580,-0.043428,0.009826,0.017356,-0.835919,0.548491,0.094935,0.015316,-0.008115,0.058454,-0.337027,-0.432227,
1624910423.000000,30984163.000000,0.258383,-0.485037,-0.043506,0.009337,0.016877,-0.836527,0.547586,0.089256,0.017404,-0.015496,0.062358,-0.158123,-0.435538,
1624910423.000000,35987139.000000,0.258098,-0.485786,-0.043404,0.009292,0.016749,-0.837128,0.546672,0.121391,0.013754,0.001521,-0.000209,0.065986,-0.444943,
1624910423.000000,40991306.000000,0.257913,-0.486379,-0.043407,0.009523,0.016981,-0.837724,0.545746,0.126423,0.014138,0.003220,-0.008356,0.173143,-0.418609,
1624910423.000000,45994043.000000,0.257720,-0.486994,-0.043408,0.009859,0.017187,-0.838271,0.544893,0.131328,0.014523,0.004526,0.018869,0.123387,-0.402222,
1624910423.000000,50997019.000000,0.257571,-0.487585,-0.043456,0.010046,0.017274,-0.838834,0.544020,0.126968,0.019386,-0.001661,0.020786,0.064517,-0.427963,
1624910423.000000,56000233.000000,0.256763,-0.488460,-0.042204,0.010386,0.017416,-0.839490,0.542996,0.140061,0.019188,0.004288,-0.011103,0.062662,-0.461040,
1624910423.000000,61003208.000000,0.256565,-0.489146,-0.042217,0.010455,0.017534,-0.840128,0.542004,0.142698,0.021460,0.001960,-0.009187,0.036280,-0.479139,
1624910423.000000,66006184.000000,0.256378,-0.489761,-0.042235,0.010464,0.017597,-0.840773,0.541001,0.136233,0.020696,0.000263,-0.024795,0.011741,-0.468547,
1624910423.000000,111034870.000000,0.253511,-0.495928,-0.042371,0.011600,0.017849,-0.846162,0.532501,0.101100,0.004691,0.031469,0.061054,0.042387,-0.421534,
1624910423.000000,116038084.000000,0.253325,-0.496385,-0.042239,0.011501,0.017682,-0.846716,0.531627,0.093212,0.006419,0.027280,0.007261,-0.137922,-0.403467,
1624910423.000000,121041059.000000,0.252653,-0.497103,-0.043735,0.011270,0.017563,-0.847237,0.530805,0.087253,0.009933,-0.001200,-0.030482,-0.332992,-0.405442,
1624910423.000000,126044035.000000,0.252518,-0.497501,-0.043781,0.010424,0.017080,-0.847793,0.529949,0.079971,0.011608,-0.006958,0.028087,-0.390194,-0.415169,
1624910423.000000,131047010.000000,0.252222,-0.498085,-0.043754,0.009823,0.016575,-0.848368,0.529057,0.098949,0.005907,-0.000923,0.050985,-0.189699,-0.446968,
1624910423.000000,136049986.000000,0.252027,-0.498542,-0.043783,0.009629,0.016351,-0.848961,0.528115,0.098328,0.005437,-0.002239,0.040985,-0.074168,-0.422895,
1624910423.000000,141054153.000000,0.251833,-0.498991,-0.043815,0.009604,0.016276,-0.849501,0.527249,0.097448,0.004944,-0.003109,-0.003425,0.084386,-0.415886,
1624910423.000000,146057129.000000,0.251635,-0.499544,-0.043866,0.009915,0.016542,-0.850061,0.526331,0.111184,0.010930,-0.005825,-0.010350,0.200169,-0.431253,
1624910423.000000,151060104.000000,0.251435,-0.500079,-0.043921,0.010330,0.016779,-0.850613,0.525423,0.116513,0.013078,-0.007789,0.036850,0.189915,-0.413020,
1624910423.000000,156063318.000000,0.250460,-0.501819,-0.043650,0.010738,0.016915,-0.851187,0.524479,0.155266,0.017130,-0.012301,-0.000062,0.092806,-0.440427,
1624910423.000000,246120214.000000,0.244466,-0.511418,-0.045157,0.009953,0.015896,-0.861385,0.507606,0.108784,0.003976,0.006627,-0.014837,0.054979,-0.423633,
1624910423.000000,251122952.000000,0.244210,-0.511927,-0.045110,0.010252,0.016036,-0.861919,0.506688,0.115638,0.004604,0.009537,0.031901,0.189543,-0.417329,
1624910423.000000,256126165.000000,0.243118,-0.512441,-0.044909,0.010808,0.016187,-0.862436,0.505793,0.124202,0.006977,-0.015003,0.017934,0.159099,-0.432013,
1624910423.000000,261129141.000000,0.242845,-0.513008,-0.045015,0.011074,0.016367,-0.862993,0.504829,0.128049,0.008864,-0.017006,-0.013228,0.137993,-0.450322,
1624910423.000000,266132116.000000,0.242569,-0.513596,-0.045133,0.011289,0.016571,-0.863567,0.503835,0.131898,0.010779,-0.019188,-0.022764,0.063754,-0.470422,
1624910423.000000,271135092.000000,0.242363,-0.514036,-0.045207,0.011307,0.016665,-0.864156,0.502821,0.116705,0.010429,-0.016299,-0.014265,0.038273,-0.453633,
1624910423.000000,276139259.000000,0.242123,-0.514568,-0.045318,0.011371,0.016773,-0.864708,0.501867,0.115295,0.011613,-0.017348,-0.026873,0.031819,-0.437318,
1624910423.000000,281141996.000000,0.241891,-0.515091,-0.045436,0.011375,0.016876,-0.865261,0.500909,0.113539,0.012783,-0.018754,-0.012288,0.045915,-0.447056,
1624910423.000000,286145210.000000,0.241128,-0.517557,-0.045603,0.011287,0.017045,-0.865803,0.499967,0.126059,0.008430,-0.007736,-0.015033,0.054996,-0.453465,
1624910423.000000,291148186.000000,0.240848,-0.518118,-0.045661,0.011301,0.017158,-0.866368,0.498983,0.124866,0.007647,-0.006464,-0.038637,-0.006332,-0.456574,
1624910423.000000,351186037.000000,0.235587,-0.524306,-0.043804,0.010704,0.015691,-0.872738,0.487819,0.131478,0.000329,0.020257,0.030586,0.060654,-0.418037,
1624910423.000000,356189013.000000,0.235236,-0.524874,-0.043718,0.010907,0.015715,-0.873261,0.486877,0.137085,0.002092,0.018701,0.030892,0.125637,-0.440528,
1624910423.000000,361192226.000000,0.234881,-0.525477,-0.043643,0.011260,0.015912,-0.873805,0.485886,0.142734,0.003930,0.017709,-0.015159,0.175182,-0.459698,
1624910423.000000,366194963.000000,0.234592,-0.526000,-0.043609,0.011547,0.016154,-0.874364,0.484865,0.134979,0.006258,0.013659,-0.014277,0.118793,-0.467189,
1624910423.000000,371197939.000000,0.234264,-0.526597,-0.043577,0.011688,0.016284,-0.874921,0.483851,0.136516,0.008265,0.011107,-0.017129,0.038159,-0.452296,
1624910423.000000,376202106.000000,0.233940,-0.527202,-0.043552,0.011699,0.016390,-0.875457,0.482877,0.137987,0.010258,0.008680,-0.031204,0.041005,-0.441521,
1624910423.000000,381205082.000000,0.233628,-0.527744,-0.043482,0.011783,0.016528,-0.875987,0.481907,0.129417,0.007707,0.013732,-0.010976,0.067976,-0.441582,
1624910423.000000,386208296.000000,0.233020,-0.529015,-0.044421,0.011752,0.016798,-0.876531,0.480909,0.123557,0.005393,-0.003796,-0.010725,0.007876,-0.458581,
1624910423.000000,391211271.000000,0.232712,-0.529547,-0.044463,0.011689,0.016859,-0.877091,0.479887,0.121568,0.005554,-0.003239,-0.039625,0.015550,-0.470402,
1624910423.000000,396214008.000000,0.232338,-0.530060,-0.044306,0.011715,0.016972,-0.877653,0.478852,0.122072,-0.001777,0.017782,0.010112,0.031210,-0.471413,
1624910423.000000,436239243.000000,0.229657,-0.534583,-0.043753,0.011174,0.015614,-0.881795,0.471243,0.084087,0.001670,0.006321,0.051805,-0.134997,-0.424479,
1624910423.000000,441241980.000000,0.229341,-0.535065,-0.043698,0.011011,0.015402,-0.882295,0.470316,0.102967,0.002147,0.010903,0.025717,-0.047486,-0.413895,
1624910423.000000,446246147.000000,0.229060,-0.535511,-0.043668,0.011011,0.015418,-0.882784,0.469397,0.108030,0.003303,0.010289,-0.005768,0.060656,-0.428599,
1624910423.000000,451249123.000000,0.227576,-0.535398,-0.042813,0.011324,0.015593,-0.883305,0.468403,0.123686,-0.001026,0.013970,0.012440,0.059034,-0.426715,
1624910423.000000,456251860.000000,0.227239,-0.535893,-0.042807,0.011445,0.015624,-0.883807,0.467450,0.126875,0.000085,0.005314,0.014912,0.066766,-0.444481,
1624910423.000000,461255074.000000,0.226891,-0.536414,-0.042809,0.011630,0.015745,-0.884341,0.466430,0.130362,0.001318,0.001426,-0.014037,0.107480,-0.463987,
1624910423.000000,466258049.000000,0.226531,-0.536960,-0.042853,0.011866,0.015932,-0.884881,0.465393,0.134213,0.002576,-0.003256,-0.003527,0.142237,-0.473370,
1624910423.000000,471261024.000000,0.226171,-0.537515,-0.042919,0.012145,0.016101,-0.885424,0.464347,0.137665,0.003851,-0.008007,-0.008523,0.098196,-0.455486,
1624910423.000000,476264238.000000,0.225862,-0.537989,-0.042885,0.012284,0.016252,-0.885933,0.463365,0.127315,0.004174,0.000355,-0.024765,0.095253,-0.436035,
1624910423.000000,481268167.000000,0.225517,-0.538524,-0.042900,0.012484,0.016439,-0.886437,0.462388,0.126741,0.005095,0.000678,-0.014069,0.101306,-0.442528,
1624910423.000000,526296139.000000,0.220651,-0.544295,-0.042297,0.013042,0.015991,-0.890975,0.453583,0.085898,-0.010265,0.028391,0.026607,-0.354489,-0.415699,
1624910423.000000,531299353.000000,0.220366,-0.544607,-0.042185,0.012258,0.015546,-0.891474,0.452638,0.078863,-0.009021,0.023601,0.024352,-0.299873,-0.440362,
1624910423.000000,536302328.000000,0.219999,-0.545020,-0.042032,0.011771,0.015259,-0.891981,0.451662,0.095533,-0.009581,0.028503,0.016976,-0.164333,-0.436154,
1624910423.000000,541305065.000000,0.219674,-0.545386,-0.041909,0.011549,0.015120,-0.892465,0.450714,0.097890,-0.009045,0.027910,0.024286,-0.020770,-0.416873,
1624910423.000000,546308279.000000,0.219343,-0.545764,-0.041789,0.011654,0.015115,-0.892931,0.449788,0.100111,-0.008504,0.027519,0.023424,0.076202,-0.414694,
1624910423.000000,551311970.000000,0.218965,-0.545677,-0.042320,0.011792,0.015325,-0.893395,0.448855,0.114410,-0.002948,0.005078,0.023258,0.133049,-0.423202,
1624910423.000000,556314945.000000,0.218605,-0.546142,-0.042330,0.012081,0.015440,-0.893876,0.447886,0.119092,-0.001472,0.002398,0.005325,0.091252,-0.441292,
1624910423.000000,561318159.000000,0.218236,-0.546627,-0.042349,0.012166,0.015530,-0.894381,0.446870,0.123778,0.000034,-0.000283,-0.018286,0.031177,-0.465819,
1624910423.000000,566321135.000000,0.217912,-0.547049,-0.042344,0.012209,0.015628,-0.894907,0.445811,0.117063,0.000557,0.000702,-0.015085,0.049371,-0.475470,
1624910423.000000,571323872.000000,0.217563,-0.547521,-0.042365,0.012330,0.015736,-0.895431,0.444751,0.117854,0.001749,-0.000800,-0.003301,0.082320,-0.467975,
1624910423.000000,621356249.000000,0.212022,-0.553621,-0.042570,0.013934,0.015966,-0.900375,0.434599,0.086662,-0.011269,0.016096,0.028787,-0.152227,-0.421085,
1624910423.000000,626359224.000000,0.211719,-0.553913,-0.042513,0.013371,0.015680,-0.900841,0.433659,0.079182,-0.011351,0.014243,0.007204,-0.324473,-0.422122,
1624910423.000000,631362200.000000,0.211350,-0.554306,-0.042526,0.012578,0.015283,-0.901321,0.432699,0.088777,-0.009857,0.006028,0.023273,-0.353098,-0.448653,
1624910423.000000,636365175.000000,0.211039,-0.554615,-0.042520,0.011957,0.014930,-0.901824,0.431680,0.086075,-0.009447,0.002068,0.026601,-0.168008,-0.453176,
1624910423.000000,641368151.000000,0.210737,-0.554915,-0.042533,0.011830,0.014823,-0.902304,0.430683,0.083669,-0.009050,-0.001742,0.025403,0.012071,-0.432751,
1624910423.000000,646371365.000000,0.210374,-0.555320,-0.042527,0.011989,0.014848,-0.902756,0.429730,0.099780,-0.006185,0.000693,0.023362,0.122725,-0.406194,
1624910423.000000,651375055.000000,0.208550,-0.556560,-0.041382,0.012453,0.015139,-0.903166,0.428844,0.128356,-0.006695,0.014776,0.010591,0.154898,-0.411313,
1624910423.000000,656378031.000000,0.208113,-0.557052,-0.041339,0.012745,0.015282,-0.903618,0.427876,0.133084,-0.005171,0.013788,0.004122,0.099802,-0.441229,
1624910423.000000,661381006.000000,0.207731,-0.557487,-0.041338,0.012840,0.015342,-0.904100,0.426853,0.126582,-0.003509,0.007546,-0.000063,-0.008353,-0.457292,
1624910423.000000,666383982.000000,0.207316,-0.557970,-0.041329,0.012700,0.015322,-0.904597,0.425804,0.127851,-0.001923,0.004637,-0.019219,-0.078535,-0.476336,
1624910423.000000,706409216.000000,0.202990,-0.563451,-0.042098,0.013455,0.015676,-0.908526,0.417318,0.117459,-0.012524,0.032215,0.100295,0.110563,-0.490429,
1624910423.000000,711412191.000000,0.202555,-0.563854,-0.041919,0.013890,0.015658,-0.909014,0.416240,0.114366,-0.014694,0.041650,0.081863,0.187963,-0.445574,
1624910423.000000,716416359.000000,0.202119,-0.564245,-0.041724,0.014254,0.015654,-0.909455,0.415264,0.111557,-0.016756,0.048662,0.050109,0.030625,-0.412410,
1624910423.000000,721419096.000000,0.200635,-0.564924,-0.041665,0.014200,0.015503,-0.909885,0.414326,0.108396,-0.023563,0.040052,0.032823,-0.137646,-0.407174,
1624910423.000000,726422071.000000,0.200308,-0.565270,-0.041825,0.013764,0.015257,-0.910322,0.413390,0.098736,-0.014662,0.008520,0.011743,-0.260087,-0.427350,
1624910423.000000,731425285.000000,0.199940,-0.565584,-0.041811,0.013073,0.014940,-0.910785,0.412404,0.092456,-0.013491,0.002987,0.022095,-0.316620,-0.440312,
1624910423.000000,736428261.000000,0.199597,-0.565875,-0.041821,0.012446,0.014578,-0.911252,0.411402,0.086157,-0.012347,-0.002636,0.043701,-0.228727,-0.451871,
1624910423.000000,741431236.000000,0.199158,-0.566283,-0.041767,0.012161,0.014372,-0.911724,0.410373,0.105610,-0.011301,0.006285,0.021335,-0.027348,-0.445678,
1624910423.000000,746433973.000000,0.198760,-0.566652,-0.041753,0.012296,0.014435,-0.912165,0.409386,0.109747,-0.010169,0.006637,-0.003335,0.130996,-0.418896,
1624910423.000000,751438141.000000,0.197268,-0.569168,-0.040885,0.012927,0.014890,-0.912610,0.408355,0.144669,-0.003289,0.014216,0.015785,0.101613,-0.415624,
1624910423.000000,841389894.000000,0.187825,-0.580881,-0.040277,0.012932,0.014362,-0.920765,0.389638,0.124054,-0.002387,0.023236,0.028658,0.006678,-0.442421,
1624910423.000000,846393108.000000,0.187379,-0.581326,-0.040185,0.013153,0.014404,-0.921194,0.388614,0.126030,-0.001963,0.022833,0.021224,0.140074,-0.441367,
1624910423.000000,851397038.000000,0.187123,-0.582377,-0.039905,0.013639,0.014782,-0.921645,0.387514,0.145910,0.008359,0.008457,0.023189,0.192629,-0.431787,
1624910423.000000,856400013.000000,0.186635,-0.582942,-0.039905,0.014025,0.014921,-0.922060,0.386505,0.150145,0.010107,0.005314,-0.001076,0.106242,-0.443413,
1624910423.000000,861402988.000000,0.186137,-0.583525,-0.039921,0.014143,0.015032,-0.922494,0.385460,0.154330,0.011883,0.002118,-0.017353,0.061769,-0.456340,
1624910423.000000,866405964.000000,0.185722,-0.584018,-0.039921,0.014228,0.015134,-0.922931,0.384404,0.143145,0.012314,0.001808,-0.017162,0.009788,-0.457347,
1624910423.000000,871408939.000000,0.185264,-0.584571,-0.039945,0.014145,0.015167,-0.923373,0.383344,0.142483,0.013655,-0.000188,-0.011936,-0.023885,-0.462655,
1624910423.000000,876412153.000000,0.184811,-0.585124,-0.039976,0.014142,0.015223,-0.923816,0.382273,0.141874,0.014996,-0.002019,-0.018184,0.057912,-0.462707,
1624910423.000000,881415844.000000,0.184341,-0.585669,-0.039968,0.014326,0.015370,-0.924253,0.381202,0.142436,0.012808,0.002805,-0.007752,0.115489,-0.462647,
1624910423.000000,886419058.000000,0.183880,-0.586215,-0.039982,0.014524,0.015503,-0.924685,0.380140,0.142077,0.012732,0.003001,-0.028695,0.058371,-0.447839,
1624910423.000000,931447029.000000,0.177384,-0.587740,-0.039302,0.014029,0.014470,-0.928450,0.370909,0.110065,-0.011368,0.021135,0.034010,-0.218888,-0.446709,
1624910423.000000,936450005.000000,0.176947,-0.588078,-0.039223,0.013616,0.014246,-0.928866,0.369892,0.108285,-0.011104,0.018061,0.029562,-0.116871,-0.429619,
1624910423.000000,941452980.000000,0.176515,-0.588411,-0.039161,0.013490,0.014153,-0.929259,0.368910,0.106596,-0.010856,0.014887,0.010536,-0.024956,-0.423076,
1624910423.000000,946456909.000000,0.175993,-0.588876,-0.039065,0.013521,0.014164,-0.929651,0.367919,0.123904,-0.006811,0.018534,0.017717,0.082346,-0.426393,
1624910423.000000,951459885.000000,0.175510,-0.589289,-0.039006,0.013813,0.014236,-0.930041,0.366920,0.128469,-0.005253,0.017225,0.019119,0.124537,-0.430595,
1624910423.000000,956462860.000000,0.175051,-0.589671,-0.038593,0.014250,0.014541,-0.930436,0.365889,0.143378,-0.000531,0.014416,0.014623,0.116662,-0.450799,
1624910423.000000,961466074.000000,0.174606,-0.590097,-0.038607,0.014466,0.014635,-0.930852,0.364816,0.137085,0.001583,0.007291,-0.014998,0.064968,-0.462624,
1624910423.000000,966469049.000000,0.174111,-0.590575,-0.038602,0.014542,0.014757,-0.931272,0.363735,0.138699,0.003393,0.004779,-0.023851,0.055993,-0.465743,
1624910423.000000,971472025.000000,0.173612,-0.591064,-0.038610,0.014668,0.014880,-0.931690,0.362654,0.140455,0.005209,0.002179,-0.020371,0.071274,-0.456230,
1624910423.000000,976475000.000000,0.173121,-0.591517,-0.038581,0.014740,0.014989,-0.932092,0.361611,0.136245,0.002730,0.006837,-0.018398,0.006743,-0.439107,
1624910424.000000,21503925.000000,0.166488,-0.596011,-0.039630,0.015287,0.014707,-0.935676,0.352222,0.103548,-0.011676,0.018868,0.017722,-0.179952,-0.422116,
1624910424.000000,26506901.000000,0.166067,-0.596310,-0.039569,0.014794,0.014509,-0.936052,0.351251,0.099153,-0.010745,0.013941,0.010323,-0.251444,-0.418778,
1624910424.000000,31510115.000000,0.165664,-0.596595,-0.039540,0.014212,0.014271,-0.936432,0.350271,0.094622,-0.009841,0.008640,0.024140,-0.191976,-0.423137,
1624910424.000000,36512852.000000,0.165171,-0.596959,-0.039456,0.013943,0.014111,-0.936808,0.349280,0.110288,-0.009314,0.014788,0.031733,-0.067100,-0.426303,
1624910424.000000,41515827.000000,0.164716,-0.597294,-0.039402,0.013866,0.014022,-0.937180,0.348288,0.113603,-0.008538,0.014366,0.029507,-0.015364,-0.415715,
1624910424.000000,46519995.000000,0.164252,-0.597642,-0.039351,0.013890,0.013991,-0.937543,0.347310,0.116711,-0.007754,0.014116,0.009378,0.036362,-0.426177,
1624910424.000000,51522970.000000,0.163778,-0.598001,-0.039300,0.014036,0.014055,-0.937920,0.346284,0.119824,-0.006949,0.014080,0.010204,0.096830,-0.441301,
1624910424.000000,56525946.000000,0.162748,-0.598203,-0.038715,0.014600,0.014383,-0.938299,0.345217,0.139134,-0.001221,0.001565,0.009304,0.153014,-0.453946,
1624910424.000000,61529160.000000,0.162215,-0.598655,-0.038731,0.014912,0.014523,-0.938684,0.344151,0.142937,0.000716,-0.000838,-0.013133,0.088943,-0.441313,
1624910424.000000,66531897.000000,0.161673,-0.599126,-0.038766,0.015006,0.014626,-0.939055,0.343127,0.146695,0.002660,-0.003473,-0.015375,0.048792,-0.437871,
1624910424.000000,126569748.000000,0.154794,-0.604802,-0.039121,0.015453,0.014507,-0.943521,0.330635,0.093235,-0.004240,0.016965,0.003744,-0.229994,-0.424179,
1624910424.000000,131572962.000000,0.154287,-0.605178,-0.039082,0.014897,0.014307,-0.943882,0.329638,0.106838,-0.004096,0.013448,0.029151,-0.205133,-0.428388,
1624910424.000000,136575937.000000,0.153856,-0.605497,-0.039050,0.014527,0.014100,-0.944244,0.328625,0.106749,-0.003800,0.010474,0.029558,-0.130421,-0.432662,
1624910424.000000,141578913.000000,0.153423,-0.605816,-0.039030,0.014356,0.014006,-0.944600,0.327611,0.106846,-0.003504,0.007698,0.022786,0.009949,-0.423122,
1624910424.000000,146581888.000000,0.152939,-0.606198,-0.039014,0.014502,0.014011,-0.944942,0.326615,0.117915,-0.000792,0.006612,0.019838,0.064958,-0.422997,
1624910424.000000,151585817.000000,0.152465,-0.606569,-0.039008,0.014635,0.014037,-0.945288,0.325607,0.122131,0.000498,0.005008,0.015411,0.068304,-0.423124,
1624910424.000000,156588793.000000,0.151044,-0.607111,-0.037022,0.014954,0.014325,-0.945641,0.324552,0.138885,0.000496,0.020604,0.013310,0.092042,-0.448465,
1624910424.000000,161592007.000000,0.150581,-0.607499,-0.036987,0.015175,0.014414,-0.946012,0.323457,0.131081,0.002934,0.014794,-0.012187,0.107835,-0.461552,
1624910424.000000,166594982.000000,0.150069,-0.607924,-0.036946,0.015347,0.014543,-0.946375,0.322379,0.131291,0.004666,0.012840,-0.013492,0.040425,-0.447535,
1624910424.000000,171597958.000000,0.149563,-0.608351,-0.036915,0.015333,0.014581,-0.946731,0.321329,0.131365,0.006376,0.010655,-0.007915,-0.006882,-0.441132,
1624910424.000000,221629858.000000,0.142534,-0.611237,-0.036833,0.016607,0.014658,-0.950249,0.310704,0.108728,-0.019167,0.046018,0.033455,-0.144588,-0.408113,
1624910424.000000,226632833.000000,0.142098,-0.611520,-0.036879,0.016080,0.014434,-0.950576,0.309739,0.102702,-0.012967,0.021114,0.032198,-0.255909,-0.416575,
1624910424.000000,231635809.000000,0.141656,-0.611766,-0.036807,0.015509,0.014187,-0.950917,0.308732,0.097486,-0.012207,0.016108,0.019703,-0.231903,-0.432705,
1624910424.000000,236639023.000000,0.141233,-0.612000,-0.036759,0.015003,0.014021,-0.951257,0.307716,0.092587,-0.011469,0.011156,0.005603,-0.177993,-0.423138,
1624910424.000000,241641760.000000,0.140692,-0.612320,-0.036652,0.014662,0.013893,-0.951585,0.306723,0.111522,-0.011106,0.018181,0.029073,-0.110061,-0.420870,
1624910424.000000,246645927.000000,0.140196,-0.612611,-0.036581,0.014541,0.013779,-0.951913,0.305712,0.115910,-0.010483,0.017943,0.034588,0.015691,-0.427349,
1624910424.000000,251648903.000000,0.139685,-0.612916,-0.036512,0.014735,0.013794,-0.952240,0.304684,0.120275,-0.009839,0.017907,0.017423,0.124249,-0.433710,
1624910424.000000,256651878.000000,0.138026,-0.612806,-0.035366,0.015200,0.014042,-0.952568,0.303620,0.135966,-0.009388,0.015529,0.010966,0.122311,-0.444359,
1624910424.000000,261655092.000000,0.137439,-0.613173,-0.035333,0.015433,0.014131,-0.952903,0.302554,0.139704,-0.007257,0.011658,-0.011310,0.097418,-0.445430,
1624910424.000000,266658068.000000,0.136846,-0.613557,-0.035323,0.015627,0.014261,-0.953237,0.301482,0.143299,-0.005107,0.007519,-0.014714,0.083914,-0.454939,
1624910424.000000,351764202.000000,0.126447,-0.617981,-0.034576,0.015254,0.013837,-0.958661,0.283805,0.115015,-0.011724,0.014122,0.028903,0.074674,-0.413225,
1624910424.000000,356767178.000000,0.125228,-0.617984,-0.033537,0.015446,0.014033,-0.958955,0.282789,0.132872,-0.012486,0.019447,0.019373,0.118246,-0.440061,
1624910424.000000,361769915.000000,0.124625,-0.618304,-0.033466,0.015717,0.014117,-0.959264,0.281720,0.137661,-0.011261,0.018523,-0.004170,0.110758,-0.443279,
1624910424.000000,366773129.000000,0.124085,-0.618610,-0.033438,0.015853,0.014198,-0.959575,0.280648,0.132792,-0.008137,0.013311,-0.005298,-0.005459,-0.453787,
1624910424.000000,371776104.000000,0.123502,-0.618941,-0.033410,0.015794,0.014214,-0.959896,0.279551,0.134045,-0.006271,0.010656,-0.007284,0.038772,-0.452909,
1624910424.000000,376779079.000000,0.122919,-0.619281,-0.033389,0.015984,0.014333,-0.960205,0.278470,0.135314,-0.004411,0.008321,-0.025436,0.097557,-0.450596,
1624910424.000000,381783247.000000,0.122357,-0.619588,-0.033335,0.016172,0.014469,-0.960510,0.277397,0.130908,-0.006140,0.011514,-0.008566,0.106143,-0.431620,
1624910424.000000,386786222.000000,0.120621,-0.620147,-0.033718,0.016486,0.014641,-0.960796,0.276378,0.133251,-0.007846,0.005316,-0.016792,0.102546,-0.438777,
1624910424.000000,391789198.000000,0.120038,-0.620467,-0.033715,0.016671,0.014792,-0.961101,0.275295,0.132254,-0.007432,0.005696,-0.030971,0.091618,-0.452882,
1624910424.000000,396792173.000000,0.119455,-0.620788,-0.033717,0.016745,0.014912,-0.961406,0.274217,0.131506,-0.007022,0.005875,-0.029741,-0.040066,-0.441103,
1624910424.000000,446824074.000000,0.113105,-0.621813,-0.033054,0.015395,0.013744,-0.964355,0.263806,0.099929,-0.022710,0.015940,0.018181,-0.023825,-0.426326,
1624910424.000000,451827049.000000,0.112609,-0.621976,-0.032990,0.015474,0.013755,-0.964628,0.262802,0.103518,-0.022374,0.016361,0.016862,0.050117,-0.414268,
1624910424.000000,456830025.000000,0.111115,-0.623178,-0.032460,0.015781,0.013968,-0.964896,0.261786,0.132173,-0.017316,0.013908,0.022475,0.072707,-0.419706,
1624910424.000000,461833000.000000,0.110502,-0.623493,-0.032470,0.016007,0.014011,-0.965174,0.260743,0.137824,-0.011341,0.007422,0.011625,0.116322,-0.448366,
1624910424.000000,466836214.000000,0.109872,-0.623798,-0.032468,0.016277,0.014094,-0.965466,0.259636,0.141739,-0.009077,0.004830,-0.006366,0.104835,-0.452894,
1624910424.000000,471839190.000000,0.109231,-0.624121,-0.032480,0.016452,0.014200,-0.965754,0.258549,0.145697,-0.006795,0.002129,-0.016099,0.062248,-0.453674,
1624910424.000000,476843357.000000,0.108637,-0.624406,-0.032475,0.016538,0.014288,-0.966047,0.257442,0.138319,-0.007422,0.003247,-0.019173,0.033635,-0.457055,
1624910424.000000,481846094.000000,0.108019,-0.624720,-0.032489,0.016667,0.014376,-0.966334,0.256346,0.137995,-0.006302,0.002482,0.006205,0.126418,-0.448457,
1624910424.000000,486849070.000000,0.107404,-0.625036,-0.032504,0.017059,0.014498,-0.966611,0.255267,0.137686,-0.005192,0.002368,-0.026321,0.171909,-0.437822,
1624910424.000000,491852283.000000,0.106175,-0.625405,-0.032524,0.017349,0.014760,-0.966856,0.254305,0.130440,-0.007178,0.004612,-0.035541,0.085820,-0.429213,
1624910424.000000,536880255.000000,0.101091,-0.627384,-0.030615,0.017040,0.014178,-0.969318,0.244808,0.089581,-0.017392,0.034562,0.009302,-0.229057,-0.429211,
1624910424.000000,541883945.000000,0.100592,-0.627564,-0.030497,0.016463,0.014017,-0.969593,0.243768,0.096175,-0.016186,0.028497,0.011757,-0.255072,-0.432418,
1624910424.000000,546886921.000000,0.100130,-0.627724,-0.030377,0.015909,0.013863,-0.969865,0.242727,0.095397,-0.015447,0.025282,0.025348,-0.152074,-0.433412,
1624910424.000000,551890135.000000,0.099673,-0.627885,-0.030273,0.015769,0.013766,-0.970130,0.241680,0.094674,-0.014708,0.022292,0.028822,0.017196,-0.427096,
1624910424.000000,556893110.000000,0.097497,-0.628434,-0.030256,0.016059,0.013959,-0.970368,0.240693,0.128155,-0.009488,0.015085,0.024321,0.125270,-0.418459,
1624910424.000000,561896086.000000,0.096895,-0.628702,-0.030205,0.016386,0.014012,-0.970617,0.239663,0.134076,-0.008262,0.014359,0.008457,0.122298,-0.430130,
1624910424.000000,566899061.000000,0.096270,-0.628988,-0.030162,0.016642,0.014094,-0.970877,0.238586,0.139847,-0.006994,0.013522,-0.000223,0.118521,-0.453634,
1624910424.000000,571902990.000000,0.095702,-0.629264,-0.030163,0.016894,0.014184,-0.971146,0.237465,0.134186,-0.003891,0.006968,-0.008597,0.078869,-0.461145,
1624910424.000000,576906204.000000,0.095097,-0.629562,-0.030161,0.016982,0.014262,-0.971413,0.236357,0.135358,-0.001884,0.004102,-0.012980,0.027479,-0.447283,
1624910424.000000,581909180.000000,0.094490,-0.629870,-0.030175,0.017051,0.014334,-0.971673,0.235277,0.136387,0.000120,0.001230,-0.015010,0.062452,-0.447151,
1624910424.000000,641947031.000000,0.084831,-0.632998,-0.028195,0.017092,0.014109,-0.974703,0.222405,0.096258,-0.012727,0.024856,0.028150,-0.240284,-0.431171,
1624910424.000000,646950006.000000,0.084379,-0.633150,-0.028081,0.016577,0.013905,-0.974954,0.221353,0.090129,-0.011426,0.020404,0.030976,-0.189262,-0.433376,
1624910424.000000,651953220.000000,0.082935,-0.633173,-0.027971,0.016213,0.013955,-0.975180,0.220379,0.132631,-0.013002,0.016730,0.018808,-0.053837,-0.418458,
1624910424.000000,656955957.000000,0.082293,-0.633411,-0.027914,0.016273,0.013938,-0.975409,0.219358,0.136689,-0.012577,0.016267,0.019966,0.099022,-0.425729,
1624910424.000000,661958933.000000,0.081637,-0.633655,-0.027856,0.016588,0.013979,-0.975641,0.218299,0.140673,-0.012133,0.015932,0.019954,0.134258,-0.430222,
1624910424.000000,666962147.000000,0.080966,-0.633955,-0.027885,0.016876,0.014028,-0.975871,0.217242,0.146719,-0.006823,0.007304,0.004045,0.112624,-0.438545,
1624910424.000000,671965122.000000,0.080278,-0.634244,-0.027883,0.017092,0.014115,-0.976111,0.216138,0.151151,-0.004842,0.004535,-0.014162,0.070451,-0.463144,
1624910424.000000,676969051.000000,0.079572,-0.634550,-0.027899,0.017218,0.014201,-0.976360,0.214993,0.155825,-0.002825,0.001442,-0.007804,0.072163,-0.467478,
1624910424.000000,681972265.000000,0.078918,-0.634830,-0.027897,0.017353,0.014277,-0.976605,0.213865,0.149054,-0.002528,0.002833,-0.018260,0.027293,-0.453562,
