1624910691.000000,199164391.000000,0.000035,-0.000137,0.000444,-0.004462,0.026795,-0.000134,0.999631,-0.000253,-0.002035,0.010889,-0.000543,0.011842,0.001724,
1624910691.000000,204167366.000000,0.000036,-0.000147,0.000502,-0.004459,0.026833,-0.000132,0.999630,-0.000369,-0.002048,0.011563,0.000607,0.001666,-0.001449,
1624910691.000000,209170580.000000,0.000031,-0.000156,0.000567,-0.004457,0.026805,-0.000134,0.999631,-0.001069,-0.002064,0.012760,0.002670,-0.012507,0.003805,
1624910691.000000,214173079.000000,0.000028,-0.000166,0.000633,-0.004452,0.026796,-0.000122,0.999631,-0.001218,-0.002076,0.013461,-0.002571,0.005658,0.000732,
1624910691.000000,219176054.000000,-0.000002,0.000101,0.000061,-0.004483,0.026819,-0.000111,0.999630,-0.002347,0.002076,0.004636,-0.006912,-0.009009,0.002720,
1624910691.000000,224179268.000000,-0.000002,0.000114,0.000081,-0.004493,0.026785,-0.000097,0.999631,-0.001284,0.002363,0.004897,-0.000509,-0.000929,0.003914,
1624910691.000000,229182243.000000,-0.000008,0.000127,0.000106,-0.004488,0.026799,-0.000093,0.999631,-0.001223,0.002450,0.005326,0.002732,-0.001563,0.000636,
1624910691.000000,234185219.000000,-0.000014,0.000139,0.000134,-0.004484,0.026785,-0.000096,0.999631,-0.001181,0.002537,0.005852,0.000576,0.004407,-0.004637,
1624910691.000000,239189386.000000,-0.000021,0.000152,0.000165,-0.004484,0.026809,-0.000110,0.999631,-0.001208,0.002623,0.006407,0.000565,0.003695,-0.003646,
1624910691.000000,244192123.000000,-0.000020,0.000166,0.000200,-0.004482,0.026794,-0.000109,0.999631,-0.000538,0.002710,0.007096,0.000582,-0.011366,0.003866,
1624910691.000000,289220333.000000,-0.000030,0.000027,0.000164,-0.004460,0.026799,-0.000106,0.999631,-0.000414,-0.000114,0.007058,-0.002560,-0.003646,-0.002543,
1624910691.000000,294223547.000000,-0.000030,0.000027,0.000203,-0.004469,0.026771,-0.000113,0.999632,-0.000462,-0.000224,0.007915,0.000525,-0.002026,-0.002557,
1624910691.000000,299226284.000000,-0.000030,0.000026,0.000247,-0.004462,0.026791,-0.000115,0.999631,-0.000456,-0.000333,0.008806,0.000654,0.007888,0.001714,
1624910691.000000,304229259.000000,-0.000028,0.000026,0.000293,-0.004464,0.026788,-0.000112,0.999631,-0.000190,-0.000198,0.009532,0.000545,-0.011315,-0.001442,
1624910691.000000,309232473.000000,-0.000026,0.000025,0.000343,-0.004454,0.026770,-0.000122,0.999632,-0.000158,-0.000210,0.010219,0.006990,0.008637,-0.004697,
1624910691.000000,314235449.000000,-0.000023,0.000025,0.000396,-0.004445,0.026799,-0.000129,0.999631,-0.000077,-0.000222,0.011049,-0.003606,-0.002597,-0.000422,
1624910691.000000,319239378.000000,0.000112,-0.000132,0.000312,-0.004457,0.026761,-0.000127,0.999632,0.002361,-0.002763,0.009728,-0.005883,-0.022101,0.001737,
1624910691.000000,324242592.000000,0.000129,-0.000146,0.000356,-0.004477,0.026444,-0.000128,0.999640,0.002812,-0.002969,0.010078,-0.018456,-0.331976,-0.006769,
1624910691.000000,329245090.000000,0.000136,-0.000161,0.000406,-0.004557,0.025213,-0.000194,0.999672,0.002538,-0.003177,0.010613,-0.040980,-0.565510,-0.063087,
1624910691.000000,334248066.000000,0.000419,-0.000224,0.000445,-0.004669,0.023792,-0.000442,0.999706,0.040569,-0.010089,0.010623,-0.037809,-0.576810,-0.138955,
1624910691.000000,424304247.000000,0.007091,-0.001723,-0.000194,-0.004333,0.025691,-0.016498,0.999524,0.069534,-0.020215,-0.009906,0.002704,-0.142496,-0.392928,
1624910691.000000,429307461.000000,0.007632,-0.001844,-0.000175,-0.004309,0.025403,-0.017497,0.999515,0.089911,-0.019606,-0.002784,0.040091,-0.060302,-0.400597,
1624910691.000000,434310436.000000,0.008092,-0.001956,-0.000221,-0.004233,0.025462,-0.018513,0.999495,0.095301,-0.018602,-0.004422,0.026413,0.121047,-0.416409,
1624910691.000000,439314604.000000,0.008581,-0.002066,-0.000274,-0.004226,0.025828,-0.019569,0.999466,0.100878,-0.017566,-0.005819,0.002690,0.117783,-0.417692,
1624910691.000000,444317102.000000,0.009092,-0.002158,-0.000353,-0.004248,0.026094,-0.020622,0.999438,0.105505,-0.014421,-0.009972,-0.003590,0.156374,-0.435508,
1624910691.000000,449320078.000000,0.010368,-0.002543,0.000530,-0.004184,0.026444,-0.021784,0.999404,0.119804,-0.015907,0.008156,-0.021594,0.103983,-0.446746,
1624910691.000000,454323053.000000,0.010975,-0.002645,0.000530,-0.004257,0.026609,-0.022893,0.999375,0.124164,-0.013954,0.006611,0.000458,0.101009,-0.444437,
1624910691.000000,459326267.000000,0.011465,-0.002773,0.000516,-0.004277,0.026929,-0.024022,0.999340,0.112687,-0.016645,0.003550,-0.022387,0.115311,-0.459360,
1624910691.000000,464329243.000000,0.012019,-0.002882,0.000511,-0.004402,0.027079,-0.025172,0.999307,0.111366,-0.016246,0.002558,-0.032650,0.005580,-0.455241,
1624910691.000000,469333410.000000,0.012566,-0.002990,0.000501,-0.004506,0.027062,-0.026296,0.999278,0.110075,-0.015861,0.001441,-0.042734,0.018831,-0.450796,
1624910691.000000,514361382.000000,0.022207,-0.004822,0.000009,-0.004032,0.027035,-0.036249,0.998969,0.133600,-0.029976,0.008042,0.032647,-0.126841,-0.423560,
1624910691.000000,519364357.000000,0.022857,-0.005021,0.000009,-0.003998,0.026756,-0.037316,0.998937,0.131086,-0.030495,0.005187,0.023143,-0.091752,-0.428968,
1624910691.000000,524391174.000000,0.023660,-0.005189,0.000026,-0.003988,0.026607,-0.038385,0.998901,0.146148,-0.025822,0.006733,0.014548,-0.010390,-0.423659,
1624910691.000000,529394150.000000,0.024387,-0.005372,0.000017,-0.003992,0.026652,-0.039433,0.998859,0.149199,-0.024675,0.005123,-0.000278,0.029298,-0.415091,
1624910691.000000,534397364.000000,0.025127,-0.005552,-0.000008,-0.004004,0.026658,-0.040473,0.998817,0.152067,-0.023520,0.002965,0.027153,-0.033324,-0.420383,
1624910691.000000,539400101.000000,0.025892,-0.005727,-0.000062,-0.003932,0.026598,-0.041549,0.998775,0.156314,-0.021888,-0.001467,0.040358,0.039953,-0.440644,
1624910691.000000,544403076.000000,0.026669,-0.005900,-0.000116,-0.003909,0.026886,-0.042667,0.998720,0.159639,-0.020501,-0.004216,-0.017245,0.176476,-0.447134,
1624910691.000000,549407244.000000,0.028315,-0.005971,0.000043,-0.003955,0.027405,-0.043913,0.998652,0.176677,-0.016655,0.007600,-0.026125,0.096288,-0.426037,
1624910691.000000,554409981.000000,0.029097,-0.006125,-0.000008,-0.004006,0.027515,-0.044960,0.998602,0.169285,-0.015597,0.001897,-0.002299,0.035797,-0.421593,
1624910691.000000,559412956.000000,0.029933,-0.006277,-0.000057,-0.004066,0.027661,-0.046034,0.998549,0.169547,-0.014283,-0.001307,-0.039493,0.085048,-0.438759,
1624910691.000000,609444141.000000,0.037038,-0.007863,-0.000467,-0.003851,0.028014,-0.057020,0.997972,0.135583,-0.025303,0.036646,0.029289,-0.245108,-0.415366,
1624910691.000000,614447117.000000,0.037005,-0.007930,-0.000886,-0.003854,0.027527,-0.058131,0.997922,0.113859,-0.024361,0.026776,0.020126,-0.198993,-0.431706,
1624910691.000000,619450092.000000,0.037719,-0.008129,-0.000936,-0.003867,0.027124,-0.059205,0.997870,0.126909,-0.023958,0.012605,0.020923,-0.128697,-0.426348,
1624910691.000000,624454260.000000,0.038338,-0.008325,-0.000915,-0.003835,0.026867,-0.060265,0.997813,0.127122,-0.024255,0.009213,0.036020,-0.066371,-0.425200,
1624910691.000000,629456997.000000,0.038958,-0.008523,-0.000905,-0.003800,0.026806,-0.061327,0.997750,0.127359,-0.024551,0.006394,0.008419,0.031022,-0.422092,
1624910691.000000,634459972.000000,0.039649,-0.008711,-0.000844,-0.003795,0.026959,-0.062373,0.997682,0.136974,-0.021710,0.013007,0.032469,0.072735,-0.415644,
1624910691.000000,639463186.000000,0.040328,-0.008903,-0.000815,-0.003712,0.027106,-0.063416,0.997612,0.140930,-0.020722,0.012858,0.022500,0.052329,-0.419886,
1624910691.000000,644466162.000000,0.041026,-0.009094,-0.000791,-0.003727,0.027213,-0.064487,0.997541,0.144752,-0.019714,0.012612,-0.000468,0.040605,-0.441179,
1624910691.000000,649469137.000000,0.041894,-0.009145,-0.000541,-0.003763,0.027507,-0.065686,0.997454,0.157231,-0.015340,0.011522,-0.003339,0.048935,-0.452105,
1624910691.000000,654472113.000000,0.042676,-0.009324,-0.000528,-0.003814,0.027653,-0.066809,0.997375,0.161013,-0.014250,0.010802,-0.020456,0.070163,-0.446732,
1624910691.000000,699500084.000000,0.048221,-0.011356,-0.000720,-0.003805,0.028565,-0.076962,0.996617,0.129065,-0.031333,0.045026,0.067976,0.116432,-0.437310,
1624910691.000000,704504013.000000,0.048840,-0.011614,-0.000512,-0.003660,0.028712,-0.078046,0.996530,0.125629,-0.033364,0.052943,0.066821,0.031844,-0.425633,
1624910691.000000,709507227.000000,0.049439,-0.011880,-0.000268,-0.003548,0.028624,-0.079085,0.996451,0.122070,-0.035420,0.060518,0.042510,-0.122095,-0.403259,
1624910691.000000,714509964.000000,0.049564,-0.011876,-0.000971,-0.003529,0.028127,-0.080156,0.996379,0.102740,-0.025031,0.010421,0.017842,-0.257326,-0.407549,
1624910691.000000,719512939.000000,0.050040,-0.012079,-0.000953,-0.003561,0.027470,-0.081197,0.996313,0.097178,-0.024518,0.006453,0.027429,-0.232119,-0.425809,
1624910691.000000,724516153.000000,0.050487,-0.012276,-0.000954,-0.003552,0.026977,-0.082266,0.996239,0.091707,-0.024021,0.002570,0.028660,-0.168994,-0.429009,
1624910691.000000,729519129.000000,0.051221,-0.012529,-0.000873,-0.003545,0.026655,-0.083324,0.996160,0.118611,-0.024628,0.010609,0.023207,-0.063570,-0.417295,
1624910691.000000,734522104.000000,0.051802,-0.012752,-0.000852,-0.003516,0.026646,-0.084364,0.996073,0.123162,-0.024417,0.010242,0.022191,0.048157,-0.423544,
1624910691.000000,739526272.000000,0.052406,-0.012978,-0.000834,-0.003471,0.026834,-0.085433,0.995976,0.127738,-0.024178,0.009887,0.024289,0.105209,-0.426931,
1624910691.000000,744529009.000000,0.053043,-0.013180,-0.000864,-0.003434,0.027095,-0.086498,0.995878,0.133742,-0.019432,0.003706,0.002057,0.095833,-0.431033,
1624910691.000000,789556980.000000,0.059978,-0.014984,-0.001599,-0.003929,0.028031,-0.096622,0.994919,0.137219,-0.022414,0.024493,0.031639,-0.007584,-0.462208,
1624910691.000000,794559956.000000,0.060629,-0.015232,-0.001489,-0.003798,0.028161,-0.097783,0.994802,0.136130,-0.025235,0.034940,0.083019,0.125155,-0.459178,
1624910691.000000,799563169.000000,0.061279,-0.015495,-0.001315,-0.003577,0.028491,-0.098909,0.994682,0.135257,-0.028056,0.046244,0.079924,0.124583,-0.441989,
1624910691.000000,804565907.000000,0.061851,-0.015701,-0.001259,-0.003398,0.028745,-0.099990,0.994567,0.123709,-0.022568,0.032756,0.075361,0.123673,-0.418628,
1624910691.000000,809568882.000000,0.062431,-0.015931,-0.001124,-0.003238,0.028964,-0.101013,0.994458,0.118782,-0.022124,0.033398,0.042696,0.017814,-0.403605,
1624910691.000000,814573050.000000,0.063546,-0.016527,-0.001797,-0.003203,0.028859,-0.102074,0.994353,0.119135,-0.023922,0.014637,0.011380,-0.216960,-0.391065,
1624910691.000000,819576025.000000,0.064206,-0.016795,-0.001805,-0.003266,0.028114,-0.103056,0.994273,0.127553,-0.024648,0.009059,0.023272,-0.343621,-0.410044,
1624910691.000000,824579239.000000,0.064804,-0.017046,-0.001800,-0.003304,0.027308,-0.104129,0.994183,0.126931,-0.024588,0.006825,0.036089,-0.262002,-0.450709,
1624910691.000000,829581976.000000,0.065406,-0.017300,-0.001800,-0.003291,0.026885,-0.105259,0.994076,0.126963,-0.024513,0.004998,0.028692,-0.057287,-0.446576,
1624910691.000000,834584951.000000,0.066002,-0.017554,-0.001810,-0.003265,0.026925,-0.106338,0.993960,0.126655,-0.024454,0.003150,0.013687,0.063015,-0.422941,
1624910691.000000,924641848.000000,0.077754,-0.022319,-0.001318,-0.003028,0.027728,-0.125809,0.991662,0.120556,-0.037105,0.065362,0.030464,-0.361416,-0.419009,
1624910691.000000,929645061.000000,0.078707,-0.022650,-0.001588,-0.003045,0.026987,-0.126873,0.991547,0.149007,-0.030961,0.031399,0.031107,-0.230877,-0.443379,
1624910691.000000,934648037.000000,0.079393,-0.022988,-0.001460,-0.003078,0.026615,-0.127974,0.991416,0.152296,-0.031178,0.030505,0.018846,-0.035409,-0.428759,
1624910691.000000,939651012.000000,0.080098,-0.023334,-0.001344,-0.003026,0.026745,-0.129001,0.991279,0.155798,-0.031404,0.029330,0.025522,0.118963,-0.407102,
1624910691.000000,944654226.000000,0.080828,-0.023689,-0.001237,-0.002949,0.027067,-0.130018,0.991138,0.159762,-0.031615,0.028073,0.026470,0.132533,-0.411497,
1624910691.000000,949656963.000000,0.080884,-0.023372,-0.002090,-0.002976,0.027422,-0.131161,0.990977,0.156009,-0.013120,-0.001932,0.009572,0.162564,-0.432862,
1624910691.000000,954659939.000000,0.081633,-0.023637,-0.002145,-0.002958,0.027789,-0.132259,0.990821,0.161852,-0.010782,-0.004460,-0.006490,0.086228,-0.447870,
1624910691.000000,959664106.000000,0.082413,-0.023900,-0.002217,-0.003007,0.027845,-0.133371,0.990670,0.167806,-0.008413,-0.007181,-0.013912,-0.015430,-0.448897,
1624910691.000000,964666128.000000,0.083062,-0.024134,-0.002238,-0.003086,0.027810,-0.134491,0.990520,0.156507,-0.007812,-0.003943,-0.020295,-0.001451,-0.459480,
1624910691.000000,969670296.000000,0.083803,-0.024377,-0.002300,-0.003147,0.027942,-0.135630,0.990360,0.156870,-0.005978,-0.004632,-0.012898,0.128665,-0.453250,
1624910692.000000,19701004.000000,0.089076,-0.027290,-0.002211,-0.002514,0.029106,-0.146553,0.988771,0.103337,-0.024079,0.015783,0.024308,-0.206572,-0.401036,
1624910692.000000,24673462.000000,0.089590,-0.027563,-0.002186,-0.002598,0.028451,-0.147559,0.988640,0.105203,-0.023042,0.011819,0.005254,-0.277053,-0.410699,
1624910692.000000,29676676.000000,0.090057,-0.027825,-0.002152,-0.002716,0.027735,-0.148590,0.988506,0.102207,-0.022609,0.009943,0.022053,-0.318572,-0.427654,
1624910692.000000,34679413.000000,0.090513,-0.028082,-0.002126,-0.002774,0.027018,-0.149656,0.988365,0.099453,-0.022176,0.008163,0.027752,-0.182130,-0.425697,
1624910692.000000,39682388.000000,0.091129,-0.028379,-0.002094,-0.002770,0.026846,-0.150697,0.988212,0.122024,-0.020431,0.009938,0.025327,0.020515,-0.421249,
1624910692.000000,44685602.000000,0.091701,-0.028662,-0.002077,-0.002706,0.027031,-0.151735,0.988048,0.128943,-0.019428,0.009174,0.018082,0.139740,-0.411803,
1624910692.000000,49689531.000000,0.093677,-0.029115,-0.002582,-0.002800,0.027381,-0.152816,0.987871,0.158597,-0.014749,0.002072,0.013644,0.183439,-0.412715,
1624910692.000000,54692745.000000,0.094426,-0.029428,-0.002609,-0.002757,0.027751,-0.153864,0.987698,0.165125,-0.013624,0.001009,-0.013839,0.094532,-0.437262,
1624910692.000000,59695721.000000,0.095071,-0.029664,-0.002631,-0.002799,0.027888,-0.154968,0.987522,0.156612,-0.008709,0.000206,0.008076,0.039794,-0.453332,
1624910692.000000,64698458.000000,0.095809,-0.029944,-0.002685,-0.002779,0.027969,-0.156097,0.987342,0.158898,-0.006465,-0.002406,-0.005086,0.023376,-0.459662,
1624910692.000000,109726667.000000,0.101199,-0.033060,-0.002843,-0.002547,0.028969,-0.166217,0.985660,0.136776,-0.029511,0.041884,0.073322,0.232552,-0.445935,
1624910692.000000,114730835.000000,0.101398,-0.033439,-0.002492,-0.002354,0.029462,-0.167290,0.985465,0.128321,-0.038269,0.053773,0.047754,0.105469,-0.405463,
1624910692.000000,119733810.000000,0.101852,-0.033660,-0.002612,-0.002305,0.029404,-0.168259,0.985301,0.111796,-0.025867,0.019929,0.022171,-0.145000,-0.384086,
1624910692.000000,124736547.000000,0.102330,-0.033961,-0.002552,-0.002390,0.028816,-0.169221,0.985154,0.105365,-0.024333,0.015146,0.017851,-0.290643,-0.404292,
1624910692.000000,129739761.000000,0.102777,-0.034244,-0.002514,-0.002500,0.028054,-0.170249,0.984998,0.098910,-0.022811,0.010259,0.019025,-0.307281,-0.424724,
1624910692.000000,134742498.000000,0.103350,-0.034592,-0.002414,-0.002593,0.027369,-0.171294,0.984836,0.116746,-0.025011,0.018710,0.028522,-0.222670,-0.421490,
1624910692.000000,139745474.000000,0.103869,-0.034910,-0.002349,-0.002609,0.026972,-0.172333,0.984666,0.119970,-0.024949,0.018975,0.030776,-0.086802,-0.425642,
1624910692.000000,144748688.000000,0.104404,-0.035235,-0.002283,-0.002574,0.026952,-0.173382,0.984483,0.123321,-0.024869,0.019376,0.022176,0.095171,-0.417284,
1624910692.000000,149751425.000000,0.104540,-0.035826,-0.001838,-0.002559,0.027144,-0.174426,0.984293,0.137029,-0.023071,0.013759,0.006295,0.155349,-0.421337,
1624910692.000000,154754400.000000,0.105159,-0.036169,-0.001806,-0.002524,0.027481,-0.175485,0.984095,0.143115,-0.020645,0.011054,0.001925,0.130269,-0.434286,
1624910692.000000,214792728.000000,0.112800,-0.040067,-0.002116,-0.002094,0.029222,-0.188906,0.981558,0.115104,-0.027346,0.035967,0.060761,0.114795,-0.435357,
1624910692.000000,219795704.000000,0.113281,-0.040405,-0.001967,-0.002006,0.029368,-0.189937,0.981355,0.110134,-0.027365,0.035799,0.014704,-0.014079,-0.393944,
1624910692.000000,224798679.000000,0.113737,-0.040734,-0.001819,-0.002071,0.029060,-0.190879,0.981181,0.105069,-0.027430,0.035378,0.011458,-0.231693,-0.390407,
1624910692.000000,229802847.000000,0.114205,-0.041056,-0.001738,-0.002184,0.028368,-0.191871,0.981008,0.104124,-0.025979,0.027616,0.027563,-0.273695,-0.413079,
1624910692.000000,234805822.000000,0.114638,-0.041370,-0.001637,-0.002265,0.027770,-0.192907,0.980821,0.100654,-0.025561,0.024539,0.017002,-0.209345,-0.434266,
1624910692.000000,239808559.000000,0.115059,-0.041678,-0.001555,-0.002329,0.027326,-0.193976,0.980623,0.097558,-0.025148,0.021074,0.039060,-0.133309,-0.425946,
1624910692.000000,244811773.000000,0.115642,-0.042035,-0.001488,-0.002294,0.027116,-0.195004,0.980425,0.120700,-0.022451,0.019670,0.020421,-0.015693,-0.418227,
1624910692.000000,249814510.000000,0.116883,-0.042833,-0.002135,-0.002321,0.027380,-0.196040,0.980211,0.145530,-0.021811,0.015617,0.006052,0.119976,-0.427920,
1624910692.000000,254817486.000000,0.117532,-0.043218,-0.002095,-0.002234,0.027755,-0.197092,0.979989,0.151598,-0.020359,0.014808,0.021272,0.166957,-0.424780,
1624910692.000000,259820700.000000,0.118159,-0.043554,-0.002115,-0.002160,0.028106,-0.198138,0.979769,0.150165,-0.015265,0.007817,-0.003178,0.121142,-0.433159,
1624910692.000000,309852600.000000,0.125135,-0.046727,-0.002776,-0.002038,0.029248,-0.209336,0.977404,0.137799,-0.020517,0.032818,0.091700,0.004473,-0.454687,
1624910692.000000,314855814.000000,0.124732,-0.047567,-0.002053,-0.001770,0.029137,-0.210407,0.977178,0.125174,-0.035709,0.058501,0.074401,-0.005640,-0.453433,
1624910692.000000,319858789.000000,0.125240,-0.047995,-0.001765,-0.001667,0.029125,-0.211527,0.976937,0.122689,-0.038486,0.068160,0.018279,-0.012934,-0.453645,
1624910692.000000,324861526.000000,0.125768,-0.048298,-0.001856,-0.001719,0.028990,-0.212611,0.976705,0.120393,-0.026106,0.032694,0.017653,-0.087672,-0.432275,
1624910692.000000,329864502.000000,0.126265,-0.048662,-0.001742,-0.001729,0.028664,-0.213647,0.976489,0.117997,-0.024268,0.027402,0.039566,-0.169023,-0.416238,
1624910692.000000,334867716.000000,0.126749,-0.049012,-0.001647,-0.001779,0.028223,-0.214681,0.976275,0.115093,-0.022452,0.022626,0.019129,-0.138939,-0.438519,
1624910692.000000,339871645.000000,0.127279,-0.049392,-0.001493,-0.001823,0.028014,-0.215764,0.976042,0.121933,-0.022992,0.029917,0.010548,-0.034512,-0.433530,
1624910692.000000,344874859.000000,0.127928,-0.050036,-0.002126,-0.001888,0.028065,-0.216805,0.975810,0.136085,-0.022938,0.014393,0.029861,-0.074358,-0.429973,
1624910692.000000,349877834.000000,0.128506,-0.050431,-0.002086,-0.001865,0.027901,-0.217873,0.975577,0.138605,-0.021984,0.013681,0.036314,0.021565,-0.439766,
1624910692.000000,354880571.000000,0.129159,-0.050815,-0.002117,-0.001791,0.028121,-0.218957,0.975328,0.147284,-0.016627,0.006312,-0.004068,0.117510,-0.450315,
1624910692.000000,389902592.000000,0.132908,-0.053600,-0.002596,-0.001868,0.029192,-0.226554,0.973559,0.137670,-0.020432,-0.001763,-0.034958,0.030565,-0.452352,
1624910692.000000,394905567.000000,0.133483,-0.054000,-0.002655,-0.001947,0.029329,-0.227655,0.973298,0.137316,-0.021265,-0.001922,-0.005507,0.039872,-0.443000,
1624910692.000000,399908543.000000,0.134041,-0.054429,-0.002546,-0.001893,0.029359,-0.228720,0.973048,0.135561,-0.026574,0.020485,0.060883,0.011770,-0.439521,
1624910692.000000,404911757.000000,0.134590,-0.054857,-0.002455,-0.001722,0.029362,-0.229809,0.972791,0.134178,-0.029207,0.029728,0.090717,0.036194,-0.446111,
1624910692.000000,409914732.000000,0.135127,-0.055295,-0.002318,-0.001495,0.029516,-0.230899,0.972529,0.132804,-0.031838,0.039292,0.074769,0.154604,-0.444966,
1624910692.000000,414917469.000000,0.135448,-0.055488,-0.001467,-0.001246,0.029877,-0.231954,0.972267,0.121795,-0.034905,0.076267,0.058652,0.057445,-0.417357,
1624910692.000000,419921637.000000,0.135872,-0.055775,-0.001506,-0.001168,0.029717,-0.232944,0.972035,0.110050,-0.025913,0.045284,0.054486,-0.131571,-0.402204,
1624910692.000000,424924612.000000,0.136305,-0.056136,-0.001315,-0.001186,0.029304,-0.233939,0.971809,0.105251,-0.025231,0.043823,0.024755,-0.166350,-0.415106,
1624910692.000000,429927588.000000,0.136719,-0.056485,-0.001129,-0.001308,0.028839,-0.234957,0.971577,0.100562,-0.024571,0.042342,-0.004175,-0.234568,-0.419425,
1624910692.000000,434930801.000000,0.137195,-0.056862,-0.000964,-0.001463,0.028246,-0.235970,0.971349,0.109197,-0.023862,0.038863,0.034028,-0.202751,-0.414066,
1624910692.000000,494968653.000000,0.147411,-0.061267,-0.004281,-0.001508,0.029583,-0.248756,0.968113,0.159917,-0.000732,0.002036,-0.017895,-0.050825,-0.459760,
1624910692.000000,499971390.000000,0.148100,-0.061657,-0.004293,-0.001544,0.029471,-0.249883,0.967826,0.158050,-0.002544,0.008860,0.045987,-0.009764,-0.464195,
1624910692.000000,504974604.000000,0.148781,-0.062054,-0.004266,-0.001391,0.029476,-0.251001,0.967537,0.156390,-0.004358,0.016078,0.083561,0.033237,-0.456621,
1624910692.000000,509977579.000000,0.149426,-0.062433,-0.004212,-0.001187,0.029583,-0.252107,0.967246,0.149900,-0.004940,0.022732,0.075955,0.126822,-0.452385,
1624910692.000000,514980555.000000,0.151032,-0.062833,-0.005313,-0.000916,0.029744,-0.253163,0.966966,0.152508,-0.002678,0.012937,0.079163,0.129689,-0.440708,
1624910692.000000,519983768.000000,0.151684,-0.063219,-0.005280,-0.000744,0.029835,-0.254203,0.966690,0.149033,-0.004039,0.017525,0.050568,-0.042980,-0.411959,
1624910692.000000,524986744.000000,0.152318,-0.063603,-0.005223,-0.000787,0.029457,-0.255184,0.966444,0.145445,-0.005437,0.021944,0.024748,-0.235295,-0.406461,
1624910692.000000,529990435.000000,0.152933,-0.063883,-0.005472,-0.000927,0.028796,-0.256197,0.966195,0.138657,0.002665,-0.006389,0.028027,-0.264173,-0.433185,
1624910692.000000,534993649.000000,0.153526,-0.064204,-0.005557,-0.001035,0.028250,-0.257265,0.965927,0.133857,0.003998,-0.011613,0.019614,-0.162149,-0.442901,
1624910692.000000,539996624.000000,0.154106,-0.064512,-0.005668,-0.001106,0.027937,-0.258317,0.965656,0.129463,0.005311,-0.016864,0.019452,-0.108725,-0.423677,
1624910692.000000,625049591.000000,0.166385,-0.071348,-0.008241,-0.000184,0.029692,-0.276506,0.960553,0.134170,0.008354,0.003809,0.033764,-0.224215,-0.395090,
1624910692.000000,630052567.000000,0.166951,-0.071652,-0.008262,-0.000355,0.028878,-0.277475,0.960299,0.125851,0.009166,0.001493,0.034933,-0.355234,-0.428840,
1624910692.000000,635055542.000000,0.167610,-0.072021,-0.008286,-0.000536,0.028109,-0.278565,0.960006,0.139341,0.008895,0.001729,0.018950,-0.271501,-0.461305,
1624910692.000000,640058756.000000,0.168224,-0.072357,-0.008319,-0.000650,0.027609,-0.279658,0.959702,0.140286,0.009306,0.000790,0.042156,-0.108690,-0.447244,
1624910692.000000,645061493.000000,0.168842,-0.072696,-0.008354,-0.000587,0.027525,-0.280700,0.959401,0.141379,0.009708,0.000397,0.026668,0.045473,-0.413211,
1624910692.000000,650065660.000000,0.169834,-0.073594,-0.008831,-0.000523,0.027746,-0.281736,0.959091,0.163975,0.009003,-0.015568,0.010426,0.145753,-0.409878,
1624910692.000000,655068636.000000,0.170629,-0.073979,-0.008998,-0.000410,0.028124,-0.282734,0.958786,0.172355,0.015892,-0.020913,0.007485,0.156495,-0.417516,
1624910692.000000,660071611.000000,0.171400,-0.074379,-0.009159,-0.000333,0.028416,-0.283755,0.958476,0.176733,0.018296,-0.023562,0.014762,0.083277,-0.439732,
1624910692.000000,665074825.000000,0.172196,-0.074784,-0.009333,-0.000296,0.028512,-0.284835,0.958152,0.181229,0.020741,-0.026072,0.005420,0.015233,-0.451666,
1624910692.000000,670077801.000000,0.172963,-0.075177,-0.009492,-0.000363,0.028518,-0.285926,0.957827,0.177888,0.020765,-0.025060,-0.034113,-0.014363,-0.467419,
1624910692.000000,715105534.000000,0.178545,-0.078673,-0.009668,0.000134,0.029431,-0.295745,0.954813,0.159940,0.003806,0.033844,0.099290,0.150689,-0.426024,
1624910692.000000,720109463.000000,0.179220,-0.079117,-0.009524,0.000368,0.029601,-0.296761,0.954493,0.159317,0.001711,0.041994,0.050468,0.021704,-0.419774,
1624910692.000000,725112677.000000,0.179889,-0.079569,-0.009339,0.000361,0.029443,-0.297752,0.954189,0.158738,-0.000400,0.050020,0.021295,-0.127010,-0.405964,
1624910692.000000,730115652.000000,0.180474,-0.079798,-0.009861,0.000233,0.028909,-0.298723,0.953902,0.146990,0.009140,0.003024,0.031115,-0.325682,-0.414336,
1624910692.000000,735118389.000000,0.181095,-0.080174,-0.009894,0.000021,0.028004,-0.299745,0.953608,0.143806,0.009555,-0.000950,0.050231,-0.336522,-0.437914,
1624910692.000000,740121603.000000,0.181706,-0.080541,-0.009930,-0.000082,0.027407,-0.300814,0.953289,0.140724,0.009967,-0.004058,0.022809,-0.127005,-0.455998,
1624910692.000000,745124578.000000,0.182448,-0.080966,-0.009932,-0.000129,0.027325,-0.301893,0.952950,0.160042,0.014290,0.001332,-0.002085,0.036532,-0.439103,
1624910692.000000,750128746.000000,0.182568,-0.081524,-0.010322,-0.000178,0.027371,-0.302998,0.952598,0.163696,0.014986,-0.007991,0.030097,0.147265,-0.422009,
1624910692.000000,755131721.000000,0.183289,-0.081941,-0.010408,0.000017,0.027713,-0.304004,0.952268,0.169202,0.017007,-0.009671,0.045289,0.124586,-0.420994,
1624910692.000000,760134697.000000,0.184038,-0.082365,-0.010505,0.000153,0.027968,-0.305021,0.951935,0.174595,0.019063,-0.011070,0.015372,0.151982,-0.434810,
1624910692.000000,810165882.000000,0.190651,-0.087240,-0.011538,0.000321,0.028711,-0.315924,0.948350,0.162768,0.005870,0.015791,0.083747,0.202492,-0.481804,
1624910692.000000,815168858.000000,0.190171,-0.087559,-0.011188,0.000726,0.029019,-0.317094,0.947950,0.150366,-0.002690,0.032187,0.077251,0.205584,-0.438587,
1624910692.000000,820171595.000000,0.190765,-0.088027,-0.011049,0.000964,0.029276,-0.318073,0.947613,0.148595,-0.004713,0.040144,0.049797,0.025602,-0.395588,
1624910692.000000,825175524.000000,0.191260,-0.088348,-0.011152,0.000972,0.029048,-0.319015,0.947304,0.130475,0.001350,0.015512,0.054723,-0.172124,-0.401011,
1624910692.000000,830178499.000000,0.191773,-0.088728,-0.011126,0.000894,0.028445,-0.320000,0.946990,0.123582,0.001895,0.011808,0.045634,-0.289541,-0.428742,
1624910692.000000,835181475.000000,0.192261,-0.089087,-0.011111,0.000691,0.027732,-0.321046,0.946657,0.116787,0.002425,0.008423,0.013345,-0.259213,-0.448014,
1624910692.000000,840184689.000000,0.192882,-0.089539,-0.011097,0.000493,0.027231,-0.322119,0.946307,0.137912,0.003794,0.008751,-0.013139,-0.181194,-0.459666,
1624910692.000000,845187664.000000,0.192973,-0.090266,-0.011245,0.000221,0.026681,-0.323214,0.945950,0.148903,0.001830,-0.000417,0.039907,-0.011416,-0.449237,
1624910692.000000,850190401.000000,0.193577,-0.090718,-0.011301,0.000384,0.026808,-0.324259,0.945588,0.152956,0.002800,-0.002660,0.048053,0.128251,-0.434190,
1624910692.000000,855193615.000000,0.194215,-0.091151,-0.011358,0.000546,0.027154,-0.325272,0.945230,0.156509,0.007703,-0.003952,0.018744,0.183909,-0.417237,
1624910692.000000,895219803.000000,0.198494,-0.094867,-0.011716,0.000424,0.028176,-0.333945,0.942171,0.150344,0.007586,-0.009467,-0.019364,-0.037848,-0.461920,
1624910692.000000,900222778.000000,0.199103,-0.095315,-0.011810,0.000406,0.028111,-0.335067,0.941775,0.151712,0.007706,-0.009948,0.061410,0.003566,-0.478234,
1624910692.000000,905225754.000000,0.199665,-0.095804,-0.011716,0.000607,0.028105,-0.336196,0.941372,0.149338,-0.001217,0.016832,0.091788,0.044098,-0.480147,
1624910692.000000,910228729.000000,0.200237,-0.096291,-0.011643,0.000849,0.028244,-0.337336,0.940960,0.148861,-0.004702,0.028053,0.088090,0.163245,-0.479202,
1624910692.000000,915231705.000000,0.199689,-0.097685,-0.010178,0.001325,0.028618,-0.338455,0.940547,0.142679,-0.026426,0.074345,0.062841,0.172732,-0.453809,
1624910692.000000,920234680.000000,0.200120,-0.098062,-0.010199,0.001534,0.028830,-0.339471,0.940173,0.126756,-0.016364,0.044336,0.079448,0.045021,-0.404766,
1624910692.000000,925237894.000000,0.200559,-0.098529,-0.010022,0.001652,0.028620,-0.340407,0.939841,0.121774,-0.015710,0.042426,0.064105,-0.192937,-0.400266,
1624910692.000000,930240870.000000,0.200977,-0.098975,-0.009850,0.001497,0.027981,-0.341385,0.939506,0.116445,-0.015077,0.040644,0.028435,-0.250514,-0.426069,
1624910692.000000,935244560.000000,0.201459,-0.099458,-0.009746,0.001306,0.027450,-0.342420,0.939145,0.125633,-0.012767,0.031224,-0.014887,-0.229943,-0.456889,
1624910692.000000,940247536.000000,0.201907,-0.099912,-0.009632,0.001036,0.026958,-0.343504,0.938763,0.125675,-0.011450,0.027456,-0.005803,-0.170555,-0.456020,
1624910692.000000,985275745.000000,0.204668,-0.105282,-0.010733,0.001086,0.027715,-0.353114,0.935169,0.138928,-0.013957,-0.000419,-0.018503,-0.005918,-0.455019,
1624910692.000000,990278721.000000,0.205139,-0.105795,-0.010722,0.001017,0.027740,-0.354178,0.934766,0.138553,-0.013947,0.002594,-0.042359,0.026699,-0.457094,
1624910692.000000,995281458.000000,0.205608,-0.106309,-0.010688,0.000882,0.027818,-0.355248,0.934358,0.138228,-0.013945,0.005939,-0.020882,-0.039273,-0.461366,
1624910693.000000,284672.000000,0.206045,-0.106874,-0.010553,0.000877,0.027706,-0.356342,0.933944,0.138646,-0.020935,0.021928,0.065979,0.028058,-0.476236,
1624910693.000000,5287647.000000,0.206486,-0.107416,-0.010474,0.001123,0.027822,-0.357473,0.933508,0.138248,-0.023215,0.027544,0.101144,0.080649,-0.481675,
1624910693.000000,10291815.000000,0.206933,-0.107981,-0.010352,0.001405,0.027914,-0.358571,0.933084,0.138701,-0.025485,0.033841,0.106366,0.113231,-0.445502,
1624910693.000000,15294790.000000,0.206856,-0.109289,-0.009552,0.001904,0.028295,-0.359570,0.932687,0.142039,-0.039593,0.064978,0.054395,0.149995,-0.436687,
1624910693.000000,20297766.000000,0.207271,-0.109932,-0.009265,0.002056,0.028485,-0.360583,0.932290,0.142608,-0.041892,0.072765,0.055844,0.010372,-0.415790,
1624910693.000000,25300503.000000,0.207679,-0.110587,-0.008926,0.002133,0.028224,-0.361530,0.931931,0.143191,-0.044203,0.080874,0.083095,-0.157713,-0.405803,
1624910693.000000,30303717.000000,0.207965,-0.110846,-0.009410,0.002058,0.027687,-0.362513,0.931565,0.122503,-0.030278,0.028160,0.027676,-0.249724,-0.433692,
1624910693.000000,125363588.000000,0.215003,-0.121127,-0.008936,0.002533,0.027943,-0.382226,0.923643,0.111344,-0.028830,0.026489,0.044851,-0.116651,-0.413523,
1624910693.000000,130366802.000000,0.215293,-0.121614,-0.008831,0.002365,0.027549,-0.383194,0.923254,0.106436,-0.027654,0.022291,-0.004907,-0.178229,-0.420029,
1624910693.000000,135369778.000000,0.215567,-0.122080,-0.008755,0.002159,0.027143,-0.384171,0.922860,0.101494,-0.026493,0.017372,-0.002430,-0.198518,-0.428461,
1624910693.000000,140372515.000000,0.215900,-0.122611,-0.008622,0.001985,0.026709,-0.385177,0.922454,0.112050,-0.026682,0.024259,0.044204,-0.130541,-0.440248,
1624910693.000000,145375729.000000,0.217055,-0.123560,-0.009031,0.001906,0.026497,-0.386200,0.922032,0.131225,-0.023764,0.027382,0.043560,-0.013463,-0.423311,
1624910693.000000,150378704.000000,0.217439,-0.124111,-0.008928,0.001963,0.026503,-0.387165,0.921627,0.132518,-0.023062,0.028142,0.024070,0.020753,-0.420939,
1624910693.000000,155382395.000000,0.217916,-0.124699,-0.008949,0.002015,0.026594,-0.388157,0.921207,0.143454,-0.017816,0.015615,0.001877,0.102610,-0.437083,
1624910693.000000,160385609.000000,0.218369,-0.125281,-0.008915,0.002092,0.026929,-0.389180,0.920766,0.147993,-0.015638,0.012535,-0.023807,0.141673,-0.454071,
1624910693.000000,165388584.000000,0.218843,-0.125874,-0.008903,0.002124,0.027193,-0.390224,0.920316,0.152856,-0.013436,0.008850,0.000565,0.063948,-0.444636,
1624910693.000000,170391321.000000,0.219283,-0.126440,-0.008876,0.002151,0.027244,-0.391231,0.919887,0.147775,-0.013410,0.009484,0.013689,-0.001932,-0.436945,
1624910693.000000,215419769.000000,0.222807,-0.131192,-0.008857,0.002509,0.027959,-0.400494,0.915869,0.119853,-0.023928,0.046246,0.054965,0.118503,-0.425440,
1624910693.000000,220422745.000000,0.223137,-0.131718,-0.008639,0.002672,0.028051,-0.401449,0.915448,0.116633,-0.023404,0.048696,0.070712,0.018253,-0.412468,
1624910693.000000,225426674.000000,0.223455,-0.132227,-0.008405,0.002784,0.027897,-0.402403,0.915033,0.113147,-0.022900,0.051349,0.063720,-0.102166,-0.413684,
1624910693.000000,230429649.000000,0.223760,-0.132724,-0.008163,0.002720,0.027532,-0.403356,0.914625,0.109709,-0.022421,0.053511,0.036731,-0.148341,-0.417876,
1624910693.000000,235432625.000000,0.224091,-0.133209,-0.008069,0.002588,0.027167,-0.404324,0.914209,0.110251,-0.018840,0.037458,-0.003492,-0.173066,-0.425384,
1624910693.000000,240435600.000000,0.224399,-0.133679,-0.007888,0.002364,0.026753,-0.405298,0.913790,0.107932,-0.017349,0.035007,0.020503,-0.175715,-0.424327,
1624910693.000000,245438814.000000,0.224916,-0.134261,-0.009061,0.002155,0.026448,-0.406254,0.913375,0.109791,-0.011654,0.001006,0.017935,-0.047581,-0.424230,
1624910693.000000,250441790.000000,0.225340,-0.134857,-0.008930,0.002148,0.026432,-0.407221,0.912944,0.125806,-0.013844,0.014790,0.018502,-0.001029,-0.418997,
1624910693.000000,255444527.000000,0.225720,-0.135380,-0.008884,0.002214,0.026382,-0.408175,0.912520,0.129435,-0.013418,0.016220,0.069801,0.020235,-0.417822,
1624910693.000000,260447741.000000,0.226109,-0.135913,-0.008815,0.002366,0.026462,-0.409165,0.912073,0.132592,-0.012980,0.019158,0.001130,0.089524,-0.455049,
1624910693.000000,305476665.000000,0.229990,-0.140985,-0.009142,0.002132,0.027720,-0.418398,0.907838,0.138852,-0.006498,0.006245,0.075986,0.045716,-0.469883,
1624910693.000000,310479641.000000,0.229688,-0.142315,-0.008727,0.002506,0.027737,-0.419408,0.907371,0.133946,-0.018862,0.029107,0.103007,0.089274,-0.460530,
1624910693.000000,315482378.000000,0.230056,-0.142893,-0.008609,0.002780,0.027868,-0.420432,0.906892,0.132543,-0.020015,0.034203,0.068812,0.150548,-0.445342,
1624910693.000000,320485592.000000,0.230416,-0.143470,-0.008468,0.003049,0.028174,-0.421432,0.906417,0.131090,-0.021178,0.039259,0.056846,0.115922,-0.427430,
1624910693.000000,325488567.000000,0.230705,-0.143759,-0.008823,0.003186,0.028159,-0.422372,0.905980,0.112931,-0.011415,0.004895,0.067681,-0.073424,-0.400674,
1624910693.000000,330491543.000000,0.231020,-0.144221,-0.008838,0.003163,0.027784,-0.423282,0.905566,0.108128,-0.010265,0.001058,0.060256,-0.174411,-0.404870,
1624910693.000000,335495710.000000,0.231321,-0.144657,-0.008862,0.003026,0.027319,-0.424231,0.905137,0.102944,-0.009126,-0.002121,0.010276,-0.199501,-0.429462,
1624910693.000000,340498686.000000,0.231604,-0.145065,-0.008895,0.002771,0.026904,-0.425211,0.904690,0.097408,-0.008010,-0.005081,-0.018794,-0.164734,-0.428513,
1624910693.000000,345501661.000000,0.231542,-0.146306,-0.008390,0.002521,0.026691,-0.426141,0.904260,0.122261,-0.015562,0.012475,0.017434,-0.146174,-0.429337,
1624910693.000000,350504637.000000,0.231870,-0.146829,-0.008357,0.002486,0.026435,-0.427109,0.903810,0.123400,-0.014124,0.011191,0.060279,0.003327,-0.416718,
1624910693.000000,395532608.000000,0.234872,-0.152308,-0.008642,0.002787,0.028107,-0.436030,0.899489,0.133715,-0.005967,-0.001806,-0.042271,-0.019277,-0.439995,
1624910693.000000,400535345.000000,0.235263,-0.152847,-0.008681,0.002629,0.027963,-0.437019,0.899014,0.132862,-0.004531,-0.001755,-0.009950,-0.135668,-0.443136,
1624910693.000000,405538559.000000,0.235600,-0.153436,-0.008516,0.002506,0.027682,-0.438040,0.898526,0.131930,-0.014930,0.026571,0.064147,-0.033936,-0.466560,
1624910693.000000,410542488.000000,0.236008,-0.154700,-0.008580,0.002789,0.027721,-0.439055,0.898028,0.139696,-0.024803,0.036718,0.095669,0.098938,-0.471972,
1624910693.000000,415545464.000000,0.236341,-0.155339,-0.008405,0.003076,0.027922,-0.440097,0.897511,0.139349,-0.028070,0.046968,0.067562,0.161903,-0.449520,
1624910693.000000,420548677.000000,0.236669,-0.155860,-0.008412,0.003349,0.028229,-0.441085,0.897015,0.129429,-0.021201,0.030360,0.042062,0.131727,-0.431341,
1624910693.000000,425551653.000000,0.236981,-0.156434,-0.008281,0.003518,0.028369,-0.442037,0.896541,0.125816,-0.021196,0.032552,0.068447,0.043266,-0.412243,
1624910693.000000,430554390.000000,0.237281,-0.156995,-0.008137,0.003646,0.028222,-0.442948,0.896096,0.122157,-0.021212,0.034822,0.081673,-0.123582,-0.398313,
1624910693.000000,435557604.000000,0.237599,-0.157544,-0.008082,0.003536,0.027707,-0.443859,0.895661,0.121588,-0.017678,0.023757,0.039962,-0.242044,-0.415316,
1624910693.000000,440560579.000000,0.237900,-0.158078,-0.008001,0.003279,0.027191,-0.444820,0.895201,0.119093,-0.016287,0.020240,-0.020749,-0.188905,-0.437818,
1624910693.000000,485589743.000000,0.239304,-0.162851,-0.007332,0.003357,0.027752,-0.453537,0.890799,0.133982,-0.005865,0.005958,-0.042052,0.210864,-0.436505,
1624910693.000000,490592718.000000,0.239682,-0.163412,-0.007351,0.003422,0.028251,-0.454487,0.890299,0.134460,-0.004968,0.006561,-0.056116,0.116465,-0.418487,
1624910693.000000,495595455.000000,0.240060,-0.163972,-0.007356,0.003277,0.028384,-0.455408,0.889824,0.134687,-0.004092,0.007402,-0.091858,-0.032135,-0.421522,
1624910693.000000,500598431.000000,0.240385,-0.164517,-0.007225,0.003026,0.028279,-0.456353,0.889344,0.127870,-0.009120,0.025889,0.030607,-0.137403,-0.424920,
1624910693.000000,505601645.000000,0.240723,-0.165067,-0.007130,0.003026,0.027817,-0.457327,0.888858,0.125907,-0.010586,0.031149,0.101492,-0.144473,-0.456613,
1624910693.000000,510604620.000000,0.240536,-0.165528,-0.009155,0.003080,0.027354,-0.458367,0.888337,0.119375,-0.019633,0.017143,0.045202,0.077893,-0.515371,
1624910693.000000,515607595.000000,0.240862,-0.166070,-0.009072,0.003336,0.027765,-0.459504,0.887735,0.122179,-0.015611,0.024286,0.018530,0.275071,-0.480592,
1624910693.000000,520611525.000000,0.241161,-0.166622,-0.008966,0.003643,0.028275,-0.460491,0.887206,0.122684,-0.015369,0.031198,0.045094,0.150358,-0.421445,
1624910693.000000,525614500.000000,0.241459,-0.167174,-0.008832,0.003877,0.028346,-0.461405,0.886728,0.122757,-0.015149,0.037356,0.123954,0.047089,-0.397130,
1624910693.000000,530612707.000000,0.241680,-0.167626,-0.008845,0.004122,0.028236,-0.462296,0.886267,0.105785,-0.015265,0.018468,0.069279,-0.069132,-0.409755,
1624910693.000000,625671625.000000,0.247469,-0.177405,-0.010359,0.004254,0.028285,-0.480812,0.876357,0.105398,0.000318,-0.002263,0.079127,0.119234,-0.424884,
1624910693.000000,630675554.000000,0.247751,-0.177849,-0.010413,0.004428,0.028315,-0.481702,0.875867,0.102025,-0.000169,-0.001304,0.038905,-0.037694,-0.391665,
1624910693.000000,635678768.000000,0.248012,-0.178267,-0.010465,0.004328,0.028072,-0.482565,0.875399,0.097774,-0.000689,-0.000725,0.024590,-0.134690,-0.400231,
1624910693.000000,640681744.000000,0.248285,-0.178665,-0.010601,0.004146,0.027649,-0.483467,0.874916,0.095274,0.002584,-0.013326,0.022865,-0.251467,-0.418437,
1624910693.000000,645684719.000000,0.247314,-0.180473,-0.009569,0.003817,0.027158,-0.484379,0.874429,0.096940,-0.013723,0.010021,0.048091,-0.214549,-0.429068,
1624910693.000000,650687695.000000,0.247512,-0.180919,-0.009555,0.003698,0.026749,-0.485320,0.873919,0.094464,-0.012734,0.007480,0.029381,-0.141185,-0.423809,
1624910693.000000,655690670.000000,0.247826,-0.181510,-0.009520,0.003609,0.026569,-0.486239,0.873415,0.114233,-0.009914,0.010326,0.018176,0.052348,-0.418373,
1624910693.000000,660694599.000000,0.248094,-0.182033,-0.009521,0.003758,0.026824,-0.487140,0.872904,0.118763,-0.008284,0.008750,-0.011120,0.110544,-0.401454,
1624910693.000000,665697813.000000,0.248375,-0.182565,-0.009532,0.003781,0.026974,-0.488008,0.872414,0.123003,-0.006652,0.006398,0.022235,0.040106,-0.405489,
1624910693.000000,670700788.000000,0.248666,-0.183082,-0.009588,0.003892,0.026956,-0.488934,0.871896,0.123061,-0.003845,-0.001221,0.061355,-0.017511,-0.441830,
1624910693.000000,710725784.000000,0.252018,-0.188370,-0.010670,0.004049,0.028160,-0.496861,0.867363,0.130555,-0.001579,0.004408,0.025575,-0.019049,-0.470683,
1624910693.000000,715728760.000000,0.252342,-0.188940,-0.010673,0.004112,0.028047,-0.497881,0.866782,0.130078,-0.001770,0.006071,0.079055,-0.040800,-0.457987,
1624910693.000000,720731974.000000,0.252563,-0.189525,-0.010387,0.004266,0.027923,-0.498879,0.866211,0.124134,-0.012544,0.036730,0.098152,0.075821,-0.469428,
1624910693.000000,725734949.000000,0.252815,-0.190095,-0.010211,0.004607,0.028125,-0.499907,0.865610,0.121100,-0.015966,0.046681,0.071622,0.161943,-0.459169,
1624910693.000000,730738640.000000,0.253048,-0.190666,-0.009986,0.004852,0.028331,-0.500857,0.865053,0.118429,-0.019423,0.056580,0.047924,0.074620,-0.419490,
1624910693.000000,735741854.000000,0.253294,-0.191137,-0.009965,0.004892,0.028244,-0.501739,0.864544,0.107596,-0.010783,0.030063,0.032114,-0.138107,-0.395007,
1624910693.000000,740744591.000000,0.253515,-0.191622,-0.009852,0.004645,0.027760,-0.502605,0.864058,0.102055,-0.009462,0.025583,0.015003,-0.236646,-0.412996,
1624910693.000000,745747566.000000,0.253727,-0.192080,-0.009762,0.004362,0.027241,-0.503530,0.863537,0.096576,-0.008152,0.020852,0.027711,-0.238918,-0.431367,
1624910693.000000,750750780.000000,0.257589,-0.192657,-0.011935,0.003934,0.027122,-0.504524,0.862963,0.117024,0.028174,-0.004450,0.025710,-0.191644,-0.429274,
1624910693.000000,755753756.000000,0.258002,-0.193101,-0.011989,0.003785,0.026808,-0.505446,0.862434,0.118977,0.029112,-0.004944,0.029692,-0.064513,-0.423885,
1624910693.000000,805785894.000000,0.263246,-0.196616,-0.014748,0.004293,0.028588,-0.514975,0.856718,0.131619,0.054841,-0.034689,-0.034325,-0.003170,-0.436755,
1624910693.000000,810788870.000000,0.263789,-0.197060,-0.014964,0.004187,0.028538,-0.515930,0.856145,0.131387,0.055565,-0.035350,0.012603,-0.044566,-0.460168,
1624910693.000000,815791845.000000,0.262623,-0.197900,-0.014582,0.004135,0.028197,-0.516932,0.855552,0.119742,0.032993,0.011494,0.070166,0.007476,-0.470007,
1624910693.000000,820794821.000000,0.263041,-0.198354,-0.014533,0.004323,0.028172,-0.517932,0.854947,0.117733,0.030351,0.022094,0.084093,0.056418,-0.457182,
1624910693.000000,825797796.000000,0.263445,-0.198809,-0.014430,0.004568,0.028246,-0.518899,0.854357,0.115739,0.027701,0.032890,0.077552,0.113406,-0.444342,
1624910693.000000,830800772.000000,0.263835,-0.199134,-0.014584,0.004848,0.028418,-0.519842,0.853776,0.103575,0.032041,0.011354,0.062700,0.104325,-0.434783,
1624910693.000000,835803747.000000,0.264207,-0.199508,-0.014556,0.004963,0.028438,-0.520741,0.853227,0.098175,0.031424,0.012249,0.026505,-0.059825,-0.396545,
1624910693.000000,840807676.000000,0.264562,-0.199856,-0.014527,0.004765,0.028088,-0.521571,0.852732,0.092321,0.030763,0.012744,0.014594,-0.238347,-0.395132,
1624910693.000000,845810652.000000,0.263483,-0.199999,-0.015294,0.004296,0.027427,-0.522484,0.852197,0.089695,0.031492,-0.019289,0.025372,-0.327401,-0.421076,
1624910693.000000,850813866.000000,0.263820,-0.200317,-0.015419,0.003955,0.026763,-0.523403,0.851656,0.087525,0.032089,-0.021009,0.043449,-0.217580,-0.433882,
1624910693.000000,890838623.000000,0.265695,-0.202930,-0.016249,0.004399,0.027552,-0.530972,0.846930,0.112093,0.040395,-0.034582,0.003113,-0.005137,-0.453132,
1624910693.000000,895841837.000000,0.266113,-0.203342,-0.016461,0.004373,0.027571,-0.531929,0.846329,0.112514,0.040234,-0.035718,-0.010791,0.053536,-0.450007,
1624910693.000000,900844812.000000,0.266530,-0.203755,-0.016676,0.004431,0.027826,-0.532883,0.845720,0.112808,0.040076,-0.036647,-0.034299,0.132736,-0.457416,
1624910693.000000,905847788.000000,0.266932,-0.204149,-0.016829,0.004496,0.028153,-0.533846,0.845101,0.109423,0.039466,-0.028808,-0.030127,0.115638,-0.451157,
1624910693.000000,910851955.000000,0.267337,-0.204551,-0.017001,0.004521,0.028332,-0.534789,0.844499,0.108521,0.039115,-0.026322,-0.005539,0.008752,-0.447795,
1624910693.000000,915854692.000000,0.266929,-0.205152,-0.017118,0.004389,0.027937,-0.535828,0.843854,0.099975,0.032756,-0.019809,0.052912,0.009954,-0.455528,
1624910693.000000,920857668.000000,0.267284,-0.205530,-0.017236,0.004574,0.027943,-0.536802,0.843233,0.098726,0.032349,-0.016293,0.080868,0.065928,-0.460918,
1624910693.000000,925860882.000000,0.267543,-0.205846,-0.017066,0.004806,0.027963,-0.537767,0.842616,0.087298,0.025710,0.012955,0.097632,0.050928,-0.444967,
1624910693.000000,930863857.000000,0.267837,-0.206185,-0.017010,0.005005,0.027909,-0.538687,0.842029,0.083231,0.023491,0.022647,0.063917,0.003241,-0.424640,
1624910693.000000,935866833.000000,0.268112,-0.206509,-0.016905,0.005040,0.027820,-0.539579,0.841460,0.078922,0.021246,0.032272,0.036783,-0.031876,-0.423546,
1624910694.000000,25923967.000000,0.273256,-0.212464,-0.019896,0.004770,0.027335,-0.556512,0.830376,0.085469,0.024368,0.005603,0.089264,0.135641,-0.462881,
1624910694.000000,30926704.000000,0.273537,-0.212733,-0.020020,0.005149,0.027588,-0.557451,0.829735,0.075046,0.028129,-0.005309,0.062803,0.132199,-0.435157,
1624910694.000000,35929680.000000,0.273802,-0.213014,-0.020068,0.005305,0.027617,-0.558323,0.829147,0.069779,0.027976,-0.003243,0.065645,-0.013281,-0.404187,
1624910694.000000,40932894.000000,0.274057,-0.213273,-0.020100,0.005291,0.027376,-0.559161,0.828590,0.064284,0.027796,-0.000787,0.031040,-0.159985,-0.406230,
1624910694.000000,45935869.000000,0.273596,-0.212676,-0.019517,0.004976,0.026897,-0.560204,0.827903,0.048061,0.028485,-0.003245,0.008219,-0.225198,-0.416326,
1624910694.000000,50940037.000000,0.273888,-0.212917,-0.019717,0.004658,0.026402,-0.561076,0.827330,0.053633,0.032580,-0.018893,0.023337,-0.238632,-0.422675,
1624910694.000000,55942774.000000,0.274135,-0.213095,-0.019839,0.004385,0.025924,-0.561962,0.826745,0.051065,0.033604,-0.023153,0.028700,-0.162777,-0.430143,
1624910694.000000,60945511.000000,0.274380,-0.213261,-0.019981,0.004274,0.025672,-0.562853,0.826147,0.048642,0.034616,-0.027385,0.033958,-0.055264,-0.424864,
1624910694.000000,65948486.000000,0.274682,-0.213536,-0.020085,0.004320,0.025629,-0.563722,0.825556,0.065059,0.036659,-0.022091,0.031913,0.069369,-0.416277,
1624910694.000000,70951700.000000,0.274975,-0.213779,-0.020218,0.004494,0.025843,-0.564578,0.824963,0.070110,0.038121,-0.022576,0.001046,0.132443,-0.414148,
1624910694.000000,115979910.000000,0.276473,-0.215595,-0.021024,0.004762,0.026885,-0.573246,0.818929,0.082588,0.041767,-0.031273,0.012727,0.001572,-0.468267,
1624910694.000000,120982647.000000,0.276806,-0.215905,-0.021204,0.004840,0.026834,-0.574211,0.818253,0.082836,0.042487,-0.031130,0.073835,0.011129,-0.470358,
1624910694.000000,125986814.000000,0.276915,-0.216119,-0.020762,0.005035,0.026820,-0.575173,0.817577,0.068633,0.029005,0.013314,0.075903,0.106105,-0.462912,
1624910694.000000,130989790.000000,0.277162,-0.216393,-0.020685,0.005355,0.027004,-0.576112,0.816907,0.065801,0.026587,0.023536,0.076777,0.135579,-0.454349,
1624910694.000000,135992765.000000,0.277396,-0.216663,-0.020558,0.005643,0.027116,-0.577030,0.816254,0.063130,0.024162,0.033701,0.077982,0.087300,-0.436306,
1624910694.000000,140995979.000000,0.277645,-0.216834,-0.020651,0.005749,0.027055,-0.577890,0.815646,0.051974,0.030970,0.006976,0.031195,-0.120553,-0.401131,
1624910694.000000,145998955.000000,0.277360,-0.216728,-0.020879,0.005474,0.026500,-0.578886,0.814959,0.036414,0.028990,-0.020422,0.020278,-0.252328,-0.410865,
1624910694.000000,151001692.000000,0.277548,-0.216828,-0.021013,0.005117,0.025946,-0.579764,0.814355,0.029408,0.030136,-0.026507,0.013251,-0.270588,-0.442021,
1624910694.000000,156004906.000000,0.277732,-0.216897,-0.021180,0.004750,0.025418,-0.580672,0.813727,0.022768,0.031270,-0.032791,0.032013,-0.202241,-0.438852,
1624910694.000000,161008835.000000,0.278010,-0.217286,-0.021231,0.004595,0.025076,-0.581560,0.813104,0.051198,0.030295,-0.023136,0.029320,-0.095753,-0.432322,
1624910694.000000,206036568.000000,0.280941,-0.220703,-0.022418,0.005360,0.026534,-0.589917,0.807010,0.079416,0.041681,-0.030245,-0.021832,0.106687,-0.456241,
1624910694.000000,211039543.000000,0.281034,-0.221050,-0.022580,0.005188,0.026263,-0.590977,0.806244,0.074749,0.035985,-0.026144,-0.031361,0.001370,-0.453383,
1624910694.000000,216042757.000000,0.281313,-0.221347,-0.022735,0.005040,0.026220,-0.591893,0.805574,0.074952,0.036316,-0.026233,-0.010284,-0.076212,-0.458708,
1624910694.000000,221045732.000000,0.281516,-0.221650,-0.022614,0.005011,0.026129,-0.592844,0.804878,0.071458,0.027539,0.003846,0.063287,0.067254,-0.489532,
1624910694.000000,226048708.000000,0.281745,-0.221943,-0.022599,0.005342,0.026264,-0.593834,0.804141,0.069573,0.024936,0.012699,0.092362,0.120843,-0.471774,
1624910694.000000,231052876.000000,0.281959,-0.222234,-0.022533,0.005650,0.026351,-0.594752,0.803457,0.067788,0.022319,0.021975,0.090998,0.128917,-0.448962,
1624910694.000000,236055613.000000,0.282176,-0.222412,-0.022587,0.005986,0.026513,-0.595653,0.802782,0.052482,0.027028,0.007672,0.057143,0.105606,-0.438569,
1624910694.000000,241058826.000000,0.282378,-0.222609,-0.022564,0.006099,0.026529,-0.596512,0.802143,0.045673,0.027282,0.008141,0.043987,-0.037819,-0.416108,
1624910694.000000,246061802.000000,0.282632,-0.223023,-0.022629,0.006202,0.026297,-0.597580,0.801354,0.037463,0.026715,0.000938,0.022117,-0.267905,-0.404730,
1624910694.000000,251064777.000000,0.282840,-0.223247,-0.022699,0.005730,0.025644,-0.598418,0.800753,0.043618,0.027211,-0.005550,0.019659,-0.323674,-0.431375,
1624910694.000000,296092510.000000,0.285494,-0.226383,-0.023882,0.005618,0.025498,-0.606650,0.794540,0.085388,0.046402,-0.027940,-0.012985,0.088590,-0.445763,
1624910694.000000,301096678.000000,0.285783,-0.226701,-0.024001,0.005708,0.025722,-0.607531,0.793859,0.081185,0.043362,-0.023908,-0.017291,0.084936,-0.449912,
1624910694.000000,306099653.000000,0.286094,-0.227028,-0.024147,0.005753,0.025910,-0.608433,0.793162,0.080499,0.043902,-0.024355,-0.024729,0.086449,-0.456464,
1624910694.000000,311102629.000000,0.286312,-0.228115,-0.024257,0.005675,0.025766,-0.609513,0.792337,0.080940,0.035072,-0.019420,-0.037433,0.002339,-0.461108,
1624910694.000000,316105843.000000,0.286506,-0.228469,-0.024178,0.005501,0.025694,-0.610433,0.791632,0.078353,0.026784,0.000779,0.000642,-0.107351,-0.468595,
1624910694.000000,321108818.000000,0.286729,-0.228814,-0.024181,0.005419,0.025489,-0.611383,0.790906,0.077142,0.024562,0.006554,0.066958,-0.003010,-0.493018,
1624910694.000000,326111555.000000,0.286941,-0.229160,-0.024151,0.005694,0.025546,-0.612373,0.790135,0.076229,0.022348,0.012837,0.094702,0.164277,-0.493242,
1624910694.000000,331114769.000000,0.287148,-0.229459,-0.024073,0.006148,0.025794,-0.613314,0.789394,0.069188,0.022769,0.021557,0.089315,0.204537,-0.452658,
1624910694.000000,336118698.000000,0.287343,-0.229764,-0.023966,0.006507,0.025974,-0.614173,0.788717,0.065782,0.021570,0.028623,0.067991,0.056494,-0.419524,
1624910694.000000,341121912.000000,0.287528,-0.230055,-0.023824,0.006551,0.025834,-0.614998,0.788078,0.062153,0.020350,0.035568,0.051948,-0.083235,-0.418444,
1624910694.000000,386149883.000000,0.289288,-0.234226,-0.026506,0.006228,0.024727,-0.623356,0.781522,0.096429,0.031892,-0.032446,-0.023387,0.028658,-0.465288,
1624910694.000000,391152859.000000,0.289555,-0.234660,-0.026685,0.006123,0.024750,-0.624260,0.780800,0.099839,0.034195,-0.035090,-0.023536,-0.006609,-0.462031,
1624910694.000000,396155834.000000,0.289779,-0.235003,-0.026836,0.006114,0.024834,-0.625164,0.780074,0.089825,0.032991,-0.032368,-0.004211,0.049451,-0.467341,
1624910694.000000,401158810.000000,0.290032,-0.235385,-0.027035,0.006176,0.024977,-0.626068,0.779344,0.088269,0.034087,-0.034127,-0.013719,0.086223,-0.454680,
1624910694.000000,406162739.000000,0.290287,-0.235759,-0.027235,0.006240,0.025200,-0.626939,0.778636,0.086671,0.035175,-0.035547,-0.035146,0.077025,-0.449160,
1624910694.000000,411165476.000000,0.290035,-0.237305,-0.028482,0.006067,0.024888,-0.628028,0.777769,0.088249,0.025799,-0.033907,-0.032928,-0.006843,-0.464647,
1624910694.000000,416168690.000000,0.290249,-0.237698,-0.028679,0.005949,0.024840,-0.628943,0.777032,0.086777,0.026845,-0.034102,0.013896,-0.044521,-0.475310,
1624910694.000000,421171665.000000,0.290467,-0.238083,-0.028875,0.005921,0.024691,-0.629876,0.776281,0.085274,0.027879,-0.034263,0.059903,-0.066183,-0.481693,
1624910694.000000,426174641.000000,0.290457,-0.238569,-0.028331,0.006027,0.024566,-0.630824,0.775513,0.085591,0.010450,0.017321,0.091750,0.128510,-0.492317,
1624910694.000000,431177855.000000,0.290587,-0.238968,-0.028251,0.006520,0.024829,-0.631773,0.774728,0.083775,0.007556,0.027620,0.095078,0.207069,-0.474363,
1624910694.000000,491215944.000000,0.292750,-0.244797,-0.031290,0.006347,0.023801,-0.642542,0.765854,0.098259,0.025715,-0.035078,-0.014769,0.024237,-0.466411,
1624910694.000000,496218920.000000,0.292960,-0.245255,-0.031486,0.006344,0.023883,-0.643434,0.765102,0.098901,0.027574,-0.036363,-0.021869,0.048477,-0.464375,
1624910694.000000,501221895.000000,0.293150,-0.245693,-0.031651,0.006414,0.024087,-0.644314,0.764355,0.095737,0.025642,-0.032893,-0.004164,0.126976,-0.459003,
1624910694.000000,506225586.000000,0.293353,-0.246133,-0.031833,0.006582,0.024338,-0.645187,0.763609,0.094812,0.025979,-0.033271,-0.025966,0.083115,-0.456882,
1624910694.000000,511228561.000000,0.293555,-0.246569,-0.032023,0.006510,0.024474,-0.646062,0.762865,0.093785,0.026318,-0.033913,-0.049977,-0.014024,-0.466428,
1624910694.000000,516231775.000000,0.293231,-0.248059,-0.032965,0.006318,0.024044,-0.647107,0.761994,0.094916,0.014374,-0.036493,0.007711,-0.048007,-0.477475,
1624910694.000000,521234751.000000,0.293273,-0.248505,-0.032881,0.006323,0.023915,-0.648027,0.761216,0.090996,0.004063,-0.008059,0.077206,-0.001508,-0.484933,
1624910694.000000,526237726.000000,0.293356,-0.248944,-0.032925,0.006505,0.023838,-0.648948,0.760432,0.088945,0.001252,-0.000489,0.081568,0.047605,-0.472219,
1624910694.000000,531240702.000000,0.293424,-0.249374,-0.032931,0.006771,0.023879,-0.649850,0.759657,0.086590,-0.001568,0.007027,0.091853,0.147733,-0.484765,
1624910694.000000,536243677.000000,0.293509,-0.249725,-0.033012,0.007170,0.024058,-0.650763,0.758866,0.076174,0.001984,-0.001348,0.057185,0.124453,-0.452204,
1624910694.000000,626300573.000000,0.295463,-0.256578,-0.034251,0.006837,0.023229,-0.666719,0.744915,0.075729,0.000543,0.003458,0.099643,0.106785,-0.482861,
1624910694.000000,631303787.000000,0.295461,-0.256921,-0.034055,0.007177,0.023262,-0.667594,0.744127,0.070278,-0.005145,0.024904,0.088244,0.112614,-0.458095,
1624910694.000000,636306763.000000,0.295470,-0.257274,-0.033916,0.007496,0.023378,-0.668438,0.743362,0.067784,-0.007842,0.034100,0.071841,0.133949,-0.446473,
1624910694.000000,641309738.000000,0.295464,-0.257622,-0.033727,0.007675,0.023395,-0.669248,0.742631,0.065544,-0.010552,0.043618,0.028590,-0.086488,-0.417762,
1624910694.000000,646312475.000000,0.295507,-0.257882,-0.033722,0.007297,0.022974,-0.670017,0.741955,0.054065,-0.002383,0.019916,0.011006,-0.306364,-0.416474,
1624910694.000000,651316643.000000,0.295712,-0.258009,-0.034504,0.006983,0.022486,-0.670972,0.741109,0.034940,0.003373,-0.013496,0.016719,-0.315647,-0.452016,
1624910694.000000,656319618.000000,0.295746,-0.258165,-0.034598,0.006561,0.021969,-0.671832,0.740349,0.028446,0.004898,-0.019520,0.036814,-0.190529,-0.460696,
1624910694.000000,661322832.000000,0.295793,-0.258635,-0.034575,0.006399,0.021683,-0.672677,0.739590,0.057957,0.003532,-0.008560,0.026451,-0.075667,-0.449906,
1624910694.000000,666325808.000000,0.295839,-0.258931,-0.034628,0.006373,0.021620,-0.673501,0.738843,0.062288,0.004216,-0.008598,0.022887,0.048879,-0.438210,
1624910694.000000,671328783.000000,0.295890,-0.259246,-0.034682,0.006592,0.021799,-0.674309,0.738098,0.066414,0.004915,-0.008566,0.017874,0.172115,-0.443448,
1624910694.000000,721359968.000000,0.293330,-0.269917,-0.031502,0.007432,0.022864,-0.682813,0.730198,0.103491,-0.027328,0.045863,0.059409,-0.009705,-0.470112,
1624910694.000000,726363897.000000,0.293225,-0.270443,-0.031262,0.007617,0.022827,-0.683686,0.729380,0.100412,-0.030243,0.056410,0.095430,0.085318,-0.475641,
1624910694.000000,731367111.000000,0.293106,-0.270963,-0.030960,0.007933,0.022848,-0.684538,0.728576,0.097775,-0.033158,0.067731,0.078738,0.095918,-0.452153,
1624910694.000000,736369610.000000,0.293023,-0.271412,-0.030814,0.008155,0.022906,-0.685345,0.727813,0.088194,-0.027552,0.049230,0.049541,0.065021,-0.436064,
1624910694.000000,741372585.000000,0.292917,-0.271857,-0.030587,0.008263,0.022885,-0.686129,0.727073,0.082593,-0.027125,0.047976,0.041236,-0.025854,-0.420203,
1624910694.000000,746375561.000000,0.291686,-0.274994,-0.029842,0.008334,0.022872,-0.686789,0.726449,0.092038,-0.032980,0.037761,0.031537,-0.186875,-0.402871,
1624910694.000000,751379728.000000,0.291551,-0.275451,-0.029673,0.007921,0.022394,-0.687527,0.725770,0.086163,-0.032585,0.035185,0.008086,-0.295181,-0.407107,
1624910694.000000,756382704.000000,0.291423,-0.276020,-0.029484,0.007439,0.021885,-0.688291,0.725066,0.093730,-0.032131,0.036212,0.022804,-0.213971,-0.430571,
1624910694.000000,761385918.000000,0.291290,-0.276499,-0.029325,0.007182,0.021536,-0.689085,0.724324,0.091603,-0.031713,0.034101,0.027403,-0.156717,-0.433900,
1624910694.000000,766388655.000000,0.291158,-0.276966,-0.029179,0.006992,0.021269,-0.689867,0.723590,0.089532,-0.031305,0.031894,0.038793,-0.049825,-0.428428,
1624910694.000000,806413889.000000,0.291008,-0.286950,-0.028647,0.008167,0.022995,-0.696333,0.717304,0.154996,-0.013719,0.020881,-0.019448,0.015796,-0.447345,
1624910694.000000,811416864.000000,0.290962,-0.287725,-0.028580,0.008073,0.023053,-0.697138,0.716521,0.152808,-0.014172,0.019775,-0.032685,0.011819,-0.452747,
1624910694.000000,816419840.000000,0.292691,-0.290082,-0.030302,0.008004,0.023156,-0.697837,0.715837,0.150206,-0.007900,0.026770,-0.010146,-0.010346,-0.449439,
1624910694.000000,821422815.000000,0.292668,-0.290838,-0.030177,0.007955,0.023083,-0.698647,0.715049,0.148357,-0.009655,0.032983,0.058792,-0.018697,-0.459976,
1624910694.000000,826426744.000000,0.292636,-0.291588,-0.030014,0.008086,0.022955,-0.699483,0.714234,0.146599,-0.011394,0.039784,0.082809,0.017899,-0.463343,
1624910694.000000,831429720.000000,0.292614,-0.292305,-0.029801,0.008291,0.022920,-0.700311,0.713421,0.141394,-0.010245,0.049120,0.087586,0.108506,-0.464258,
1624910694.000000,836432934.000000,0.292579,-0.293017,-0.029566,0.008615,0.022988,-0.701124,0.712617,0.137718,-0.010855,0.055767,0.059303,0.065149,-0.431479,
1624910694.000000,841435909.000000,0.292539,-0.293709,-0.029300,0.008666,0.022917,-0.701869,0.711884,0.133816,-0.011516,0.062017,0.048090,-0.046129,-0.417234,
1624910694.000000,846438885.000000,0.292523,-0.294354,-0.029223,0.008564,0.022696,-0.702629,0.711143,0.127329,-0.007466,0.036914,0.015644,-0.141995,-0.427100,
1624910694.000000,851441622.000000,0.294529,-0.298086,-0.031271,0.008402,0.022583,-0.703310,0.710475,0.146032,0.012281,0.008749,0.013957,-0.201682,-0.430034,
1624910694.000000,896470785.000000,0.296544,-0.307515,-0.032784,0.008182,0.022524,-0.710232,0.703559,0.181159,0.034743,-0.010820,-0.025125,0.024638,-0.452264,
1624910694.000000,901473761.000000,0.296711,-0.308422,-0.032879,0.008205,0.022680,-0.711026,0.702752,0.181243,0.036135,-0.011373,-0.016929,0.077141,-0.456436,
1624910694.000000,906476974.000000,0.296882,-0.309329,-0.032975,0.008314,0.022852,-0.711828,0.701933,0.181384,0.037530,-0.011869,-0.011235,0.084526,-0.455475,
1624910694.000000,911479712.000000,0.297040,-0.310240,-0.033034,0.008379,0.023011,-0.712622,0.701120,0.181525,0.036113,-0.006313,-0.017862,0.042200,-0.455371,
1624910694.000000,916482687.000000,0.297467,-0.312610,-0.034634,0.008253,0.022979,-0.713325,0.700408,0.184314,0.038133,-0.019069,-0.021027,0.046067,-0.471170,
1624910694.000000,921485901.000000,0.297638,-0.313530,-0.034774,0.008341,0.023121,-0.714155,0.699556,0.184070,0.038411,-0.018482,0.022452,0.091895,-0.471323,
1624910694.000000,926488876.000000,0.297737,-0.314365,-0.034664,0.008561,0.023188,-0.714966,0.698722,0.173413,0.029877,0.008941,0.075994,0.060386,-0.456291,
1624910694.000000,931492805.000000,0.297860,-0.315230,-0.034640,0.008763,0.023122,-0.715761,0.697908,0.169878,0.027269,0.017905,0.088754,0.049200,-0.449896,
1624910694.000000,936496019.000000,0.297969,-0.316078,-0.034566,0.008991,0.023095,-0.716549,0.697096,0.166247,0.024650,0.027320,0.069564,0.068673,-0.450968,
1624910694.000000,941498756.000000,0.298111,-0.316841,-0.034628,0.009141,0.023063,-0.717326,0.696296,0.154148,0.028870,0.010280,0.058753,-0.017934,-0.430836,
1624910694.000000,986526728.000000,0.298622,-0.326172,-0.035518,0.008296,0.021921,-0.723926,0.689479,0.197896,0.045503,-0.012504,-0.014817,0.086161,-0.469769,
1624910694.000000,991529703.000000,0.298791,-0.327072,-0.035668,0.008421,0.022140,-0.724746,0.688609,0.192147,0.046034,-0.017737,-0.021157,0.093173,-0.476372,
1624910694.000000,996533871.000000,0.298974,-0.328046,-0.035810,0.008527,0.022327,-0.725549,0.687755,0.194039,0.047862,-0.020112,-0.004170,0.101015,-0.460252,
1624910695.000000,1536608.000000,0.299163,-0.329029,-0.035962,0.008679,0.022507,-0.726330,0.686923,0.195822,0.049687,-0.022252,-0.005028,0.070935,-0.452776,
1624910695.000000,6539822.000000,0.299340,-0.329968,-0.036082,0.008773,0.022671,-0.727105,0.686096,0.189771,0.048177,-0.018284,-0.014803,0.129254,-0.452792,
1624910695.000000,11542797.000000,0.299526,-0.330924,-0.036225,0.008976,0.022966,-0.727878,0.685263,0.188462,0.048660,-0.018325,-0.030648,0.103172,-0.453875,
1624910695.000000,16545773.000000,0.299705,-0.332351,-0.037604,0.008769,0.022883,-0.728557,0.684546,0.182392,0.048466,-0.032994,-0.034008,-0.021668,-0.448417,
1624910695.000000,21548986.000000,0.299849,-0.333228,-0.037614,0.008603,0.022822,-0.729327,0.683731,0.176562,0.044122,-0.012804,0.006420,-0.085317,-0.454717,
1624910695.000000,26551723.000000,0.300008,-0.334114,-0.037708,0.008538,0.022674,-0.730119,0.682891,0.173927,0.043056,-0.007298,0.063002,0.012853,-0.466528,
1624910695.000000,31555653.000000,0.300161,-0.334990,-0.037767,0.008771,0.022674,-0.730917,0.682034,0.171515,0.041984,-0.001097,0.072738,0.103814,-0.461223,
1624910695.000000,121531725.000000,0.297429,-0.347331,-0.037502,0.009023,0.022431,-0.744121,0.667607,0.159462,0.034608,-0.015530,-0.017024,-0.072866,-0.448927,
1624910695.000000,126534939.000000,0.297516,-0.348145,-0.037614,0.008792,0.022239,-0.744883,0.666766,0.159852,0.035755,-0.016020,0.039287,-0.063239,-0.466962,
1624910695.000000,131537914.000000,0.297363,-0.348738,-0.036935,0.008923,0.022167,-0.745677,0.665879,0.144730,0.017651,0.036478,0.081162,0.083592,-0.474619,
1624910695.000000,136541843.000000,0.297365,-0.349466,-0.036761,0.009242,0.022205,-0.746456,0.665000,0.141674,0.014797,0.046755,0.085256,0.131958,-0.456422,
1624910695.000000,141545057.000000,0.297354,-0.350183,-0.036529,0.009569,0.022253,-0.747197,0.664162,0.138777,0.011926,0.057340,0.075699,0.070842,-0.431910,
1624910695.000000,146548033.000000,0.297398,-0.350838,-0.036469,0.009688,0.022181,-0.747908,0.663361,0.128756,0.018537,0.037421,0.046931,-0.018696,-0.427547,
1624910695.000000,151550770.000000,0.296856,-0.351790,-0.037720,0.009528,0.021906,-0.748506,0.662697,0.120089,0.022661,0.005048,0.029734,-0.142213,-0.424321,
1624910695.000000,156553984.000000,0.296899,-0.352385,-0.037727,0.009146,0.021523,-0.749213,0.661917,0.114130,0.023480,0.002827,0.010713,-0.273829,-0.425273,
1624910695.000000,161556959.000000,0.296928,-0.353096,-0.037745,0.008614,0.021069,-0.749931,0.661125,0.124553,0.024051,0.001004,0.005215,-0.236202,-0.433868,
1624910695.000000,166559935.000000,0.296970,-0.353728,-0.037771,0.008297,0.020764,-0.750657,0.660314,0.123888,0.024800,-0.000927,0.030835,-0.114734,-0.439180,
1624910695.000000,221594810.000000,0.295301,-0.362336,-0.038567,0.009395,0.022053,-0.758458,0.651281,0.143689,0.029110,-0.016596,-0.041725,0.031497,-0.464308,
1624910695.000000,226598024.000000,0.295298,-0.363023,-0.038546,0.009345,0.022100,-0.759215,0.650397,0.138847,0.024837,-0.003065,0.018994,-0.023820,-0.461193,
1624910695.000000,231601000.000000,0.295311,-0.363723,-0.038590,0.009326,0.021966,-0.759962,0.649529,0.136862,0.023860,0.000289,0.057690,-0.038718,-0.456800,
1624910695.000000,236603737.000000,0.295320,-0.364412,-0.038615,0.009437,0.021876,-0.760713,0.648651,0.134713,0.022878,0.003863,0.080824,0.110177,-0.465364,
1624910695.000000,241607904.000000,0.295309,-0.365055,-0.038559,0.009862,0.021943,-0.761464,0.647761,0.127790,0.018775,0.015881,0.118207,0.124435,-0.450564,
1624910695.000000,246610880.000000,0.293986,-0.365700,-0.038234,0.010195,0.021845,-0.762061,0.647056,0.124654,0.008315,0.032421,0.061057,0.057505,-0.422516,
1624910695.000000,251613855.000000,0.293926,-0.366318,-0.038093,0.010217,0.021831,-0.762738,0.646258,0.120923,0.006033,0.038837,-0.006677,-0.074142,-0.419271,
1624910695.000000,256617069.000000,0.293967,-0.366853,-0.038243,0.009885,0.021576,-0.763426,0.645459,0.109924,0.015241,0.009105,0.025300,-0.234773,-0.425756,
1624910695.000000,261620045.000000,0.293955,-0.367394,-0.038237,0.009424,0.021071,-0.764120,0.644661,0.103896,0.016498,0.003737,0.050211,-0.279317,-0.421508,
1624910695.000000,266622782.000000,0.293954,-0.367905,-0.038251,0.008975,0.020593,-0.764805,0.643870,0.097801,0.017728,-0.001002,0.023451,-0.217801,-0.421438,
1624910695.000000,311651945.000000,0.291433,-0.374472,-0.038318,0.009432,0.021275,-0.771078,0.636315,0.153805,0.023126,-0.021899,-0.032917,0.127311,-0.448812,
1624910695.000000,316654921.000000,0.290410,-0.374169,-0.037951,0.009680,0.021546,-0.771704,0.635543,0.131679,0.015488,-0.004969,-0.019544,0.102091,-0.456288,
1624910695.000000,321657896.000000,0.290356,-0.374823,-0.038018,0.009750,0.021676,-0.772423,0.634664,0.130630,0.015215,-0.005139,-0.025357,0.049961,-0.450900,
1624910695.000000,326660872.000000,0.290302,-0.375467,-0.038091,0.009766,0.021805,-0.773143,0.633781,0.129242,0.014937,-0.005634,-0.002559,0.011587,-0.466786,
1624910695.000000,331663847.000000,0.290247,-0.376099,-0.038156,0.009781,0.021767,-0.773888,0.632872,0.127621,0.014656,-0.005622,0.041617,0.018254,-0.461701,
1624910695.000000,336666822.000000,0.290128,-0.376689,-0.037936,0.009900,0.021684,-0.774616,0.631982,0.122103,0.005593,0.027095,0.104081,-0.010508,-0.465656,
1624910695.000000,341670990.000000,0.290027,-0.377280,-0.037830,0.010077,0.021479,-0.775369,0.631063,0.119075,0.002390,0.036511,0.104684,0.086659,-0.471246,
1624910695.000000,346673965.000000,0.288924,-0.378576,-0.037616,0.010481,0.021560,-0.775932,0.630361,0.117841,-0.006828,0.057580,0.046734,0.162283,-0.445423,
1624910695.000000,351676702.000000,0.288919,-0.379103,-0.037765,0.010687,0.021664,-0.776608,0.629521,0.108157,0.004892,0.023720,0.023094,-0.012448,-0.416532,
1624910695.000000,356679916.000000,0.288838,-0.379631,-0.037678,0.010471,0.021435,-0.777257,0.628731,0.102901,0.006068,0.021301,0.026484,-0.199831,-0.405892,
1624910695.000000,401708126.000000,0.288280,-0.386372,-0.038915,0.009676,0.020771,-0.783261,0.621270,0.134636,0.026530,-0.019659,-0.013014,0.023156,-0.457969,
1624910695.000000,406711817.000000,0.288259,-0.387055,-0.039050,0.009650,0.020824,-0.783965,0.620380,0.135102,0.028758,-0.021976,-0.021372,0.011163,-0.452544,
1624910695.000000,411714792.000000,0.286667,-0.388278,-0.038753,0.009861,0.021011,-0.784626,0.619535,0.150537,0.025186,-0.022002,-0.014155,0.079139,-0.458768,
1624910695.000000,416717768.000000,0.286618,-0.389037,-0.038904,0.010024,0.021193,-0.785331,0.618632,0.152458,0.027477,-0.024232,-0.006517,0.105925,-0.448277,
1624910695.000000,421720743.000000,0.286576,-0.389808,-0.039066,0.010172,0.021376,-0.786016,0.617753,0.154367,0.029769,-0.026386,-0.018291,0.085591,-0.450167,
1624910695.000000,426723957.000000,0.286390,-0.390327,-0.038740,0.010200,0.021521,-0.786713,0.616859,0.138720,0.015973,0.006845,-0.041705,-0.006298,-0.448284,
1624910695.000000,431726933.000000,0.286297,-0.391029,-0.038698,0.010104,0.021546,-0.787412,0.615967,0.137756,0.014696,0.014227,0.024962,0.012889,-0.472476,
1624910695.000000,436729908.000000,0.286198,-0.391728,-0.038627,0.010300,0.021498,-0.788161,0.615007,0.136908,0.013448,0.021173,0.105473,0.073199,-0.482460,
1624910695.000000,441732645.000000,0.286097,-0.392343,-0.038542,0.010623,0.021439,-0.788880,0.614081,0.126540,0.010311,0.027040,0.097948,0.126652,-0.446067,
1624910695.000000,446736813.000000,0.283953,-0.391986,-0.037896,0.011087,0.021466,-0.789430,0.613365,0.107918,-0.005430,0.020956,0.064708,0.074489,-0.435041,
1624910695.000000,491765022.000000,0.281862,-0.397514,-0.037327,0.010163,0.020359,-0.795217,0.605898,0.131938,0.009942,0.001195,-0.010935,0.111802,-0.442515,
1624910695.000000,496767998.000000,0.281738,-0.398173,-0.037355,0.010221,0.020468,-0.795893,0.605005,0.134930,0.012349,-0.001210,-0.003566,0.017507,-0.454169,
1624910695.000000,501770973.000000,0.281619,-0.398849,-0.037391,0.010202,0.020498,-0.796585,0.604093,0.138011,0.014772,-0.003365,-0.018163,-0.009559,-0.457446,
1624910695.000000,506773949.000000,0.281493,-0.399490,-0.037377,0.010177,0.020570,-0.797272,0.603183,0.134064,0.013123,0.002611,-0.002632,0.071473,-0.457361,
1624910695.000000,511777639.000000,0.280618,-0.400695,-0.037794,0.010394,0.020819,-0.797893,0.602349,0.136000,0.012688,-0.013071,0.002011,0.069449,-0.446629,
1624910695.000000,516780853.000000,0.280493,-0.401363,-0.037890,0.010484,0.020957,-0.798567,0.601450,0.135850,0.013476,-0.013503,-0.024867,0.110533,-0.461346,
1624910695.000000,521783829.000000,0.280365,-0.401995,-0.037980,0.010666,0.021221,-0.799260,0.600516,0.131931,0.012590,-0.013099,-0.033397,0.091794,-0.454227,
1624910695.000000,526786566.000000,0.280241,-0.402646,-0.038075,0.010667,0.021349,-0.799926,0.599624,0.131079,0.012819,-0.013209,-0.028046,-0.002398,-0.447491,
1624910695.000000,531789780.000000,0.280117,-0.403289,-0.038176,0.010560,0.021344,-0.800604,0.598720,0.130035,0.013045,-0.013782,0.007015,-0.062466,-0.451970,
1624910695.000000,536782742.000000,0.279942,-0.403908,-0.038070,0.010520,0.021228,-0.801298,0.597796,0.126944,0.004504,0.014322,0.069935,0.041632,-0.482634,
1624910695.000000,626839876.000000,0.273712,-0.416641,-0.037209,0.011014,0.020996,-0.812734,0.582152,0.136443,0.009865,-0.001735,-0.032609,0.050505,-0.456779,
1624910695.000000,631842852.000000,0.273512,-0.417288,-0.037148,0.011061,0.021145,-0.813402,0.581212,0.134814,0.005567,0.012281,-0.017677,0.003086,-0.452805,
1624910695.000000,636845827.000000,0.273317,-0.417934,-0.037102,0.010975,0.021087,-0.814055,0.580301,0.133870,0.004094,0.018169,0.045081,-0.028061,-0.455653,
1624910695.000000,641848803.000000,0.273115,-0.418574,-0.037024,0.011106,0.020970,-0.814738,0.579343,0.132838,0.002637,0.024224,0.101804,0.070056,-0.479296,
1624910695.000000,646851778.000000,0.272332,-0.419354,-0.036768,0.011410,0.020870,-0.815354,0.578475,0.133214,-0.003263,0.035625,0.098585,0.186639,-0.462248,
1624910695.000000,651855707.000000,0.272095,-0.419987,-0.036606,0.011860,0.020978,-0.815994,0.577558,0.132383,-0.004734,0.041632,0.056890,0.123710,-0.427957,
1624910695.000000,656858921.000000,0.271850,-0.420609,-0.036417,0.011947,0.020937,-0.816596,0.576706,0.131436,-0.006246,0.047386,0.035473,-0.083434,-0.404562,
1624910695.000000,661861897.000000,0.271834,-0.420992,-0.036856,0.011658,0.020658,-0.817187,0.575885,0.110585,0.003841,0.004141,0.031309,-0.197264,-0.415089,
1624910695.000000,666864872.000000,0.271674,-0.421504,-0.036873,0.011221,0.020304,-0.817805,0.575028,0.104812,0.004829,-0.001063,0.013262,-0.247605,-0.425974,
1624910695.000000,671868086.000000,0.271526,-0.421992,-0.036921,0.010713,0.019932,-0.818418,0.574178,0.099368,0.005792,-0.006698,0.024757,-0.223667,-0.416295,
1624910695.000000,721899986.000000,0.267862,-0.429173,-0.037289,0.011540,0.020738,-0.824499,0.565365,0.139474,0.015632,-0.007998,-0.010202,0.085416,-0.434042,
1624910695.000000,726903200.000000,0.267659,-0.429809,-0.037313,0.011567,0.020863,-0.825117,0.564458,0.135586,0.012450,-0.003785,-0.039141,0.007530,-0.448908,
1624910695.000000,731906176.000000,0.267472,-0.430456,-0.037357,0.011438,0.020931,-0.825760,0.563517,0.133630,0.012315,-0.002795,-0.038142,-0.054798,-0.459698,
1624910695.000000,736908674.000000,0.267287,-0.431093,-0.037405,0.011285,0.020903,-0.826413,0.562562,0.131666,0.012177,-0.002560,0.018250,-0.018187,-0.471291,
1624910695.000000,741911650.000000,0.267059,-0.431712,-0.037281,0.011348,0.020833,-0.827080,0.561583,0.130084,0.005205,0.021513,0.065423,0.014353,-0.466131,
1624910695.000000,746914864.000000,0.266493,-0.432065,-0.036071,0.011477,0.020765,-0.827637,0.560762,0.126451,-0.001852,0.052889,0.092869,0.152248,-0.457335,
1624910695.000000,751918793.000000,0.266246,-0.432659,-0.035810,0.012001,0.020820,-0.828276,0.559805,0.124952,-0.004720,0.064311,0.123797,0.165477,-0.452073,
1624910695.000000,756922007.000000,0.266132,-0.433140,-0.035873,0.012354,0.020747,-0.828896,0.558882,0.108486,0.004283,0.031528,0.080405,0.063628,-0.425491,
1624910695.000000,761924982.000000,0.265955,-0.433650,-0.035750,0.012328,0.020663,-0.829481,0.558017,0.102572,0.005216,0.028316,-0.017852,-0.155736,-0.416777,
1624910695.000000,766927719.000000,0.265793,-0.434129,-0.035661,0.011724,0.020372,-0.830072,0.557161,0.096510,0.006108,0.023487,-0.008715,-0.309711,-0.418020,
1624910695.000000,811955929.000000,0.263089,-0.439484,-0.034553,0.011395,0.020161,-0.835517,0.548976,0.133672,0.018527,0.009473,-0.020214,0.059484,-0.460476,
1624910695.000000,816959143.000000,0.261991,-0.440361,-0.034399,0.011697,0.020376,-0.836097,0.548078,0.142335,0.018427,0.000187,-0.013638,0.078779,-0.443359,
1624910695.000000,821963072.000000,0.261807,-0.440951,-0.034366,0.011879,0.020561,-0.836699,0.547149,0.133581,0.016767,0.004782,-0.010516,0.136103,-0.446447,
1624910695.000000,826965809.000000,0.261619,-0.441593,-0.034373,0.012168,0.020809,-0.837305,0.546204,0.132219,0.017306,0.004603,-0.012586,0.165927,-0.441318,
1624910695.000000,831969023.000000,0.261434,-0.442231,-0.034377,0.012285,0.021008,-0.837895,0.545289,0.130893,0.017827,0.004971,-0.062514,-0.055718,-0.433689,
1624910695.000000,836971998.000000,0.261229,-0.442840,-0.034259,0.011859,0.020941,-0.838497,0.544375,0.127013,0.013612,0.021263,-0.025872,-0.168977,-0.450752,
1624910695.000000,841974974.000000,0.261031,-0.443446,-0.034166,0.011621,0.020754,-0.839135,0.543403,0.124794,0.012247,0.027038,0.055711,-0.058796,-0.481674,
1624910695.000000,846978188.000000,0.260220,-0.444170,-0.033943,0.011770,0.020658,-0.839748,0.542456,0.120180,0.007287,0.033190,0.136322,0.147656,-0.482769,
1624910695.000000,851981640.000000,0.259993,-0.444713,-0.033720,0.012374,0.020634,-0.840391,0.541446,0.115915,0.003649,0.046332,0.134689,0.204852,-0.463491,
1624910695.000000,856984854.000000,0.259767,-0.445251,-0.033491,0.012830,0.020645,-0.841003,0.540484,0.113064,0.001528,0.054271,0.083064,0.117188,-0.439009,
1624910695.000000,902013063.000000,0.256828,-0.450572,-0.033427,0.011599,0.019854,-0.846143,0.532459,0.130823,0.016687,-0.003792,-0.003003,0.084298,-0.453853,
1624910695.000000,907016039.000000,0.256617,-0.451206,-0.033483,0.011727,0.020026,-0.846761,0.531466,0.134650,0.018410,-0.008821,-0.024648,0.093920,-0.482578,
1624910695.000000,912019730.000000,0.256404,-0.451861,-0.033570,0.011888,0.020209,-0.847400,0.530436,0.138201,0.020159,-0.013673,-0.012708,0.095220,-0.473194,
1624910695.000000,917022943.000000,0.255056,-0.452797,-0.033227,0.012261,0.020408,-0.847983,0.529488,0.121585,0.016951,0.001040,-0.022319,0.063440,-0.432484,
1624910695.000000,922025919.000000,0.254871,-0.453377,-0.033248,0.012342,0.020548,-0.848543,0.528583,0.119839,0.018297,0.001638,-0.009766,0.069668,-0.431199,
1624910695.000000,927028894.000000,0.254694,-0.453953,-0.033265,0.012482,0.020681,-0.849124,0.527641,0.117943,0.019638,0.002361,-0.015828,0.086815,-0.448485,
1624910695.000000,932032108.000000,0.254476,-0.454514,-0.033241,0.012536,0.020835,-0.849718,0.526676,0.117191,0.016046,0.006771,-0.042689,-0.001836,-0.459057,
1624910695.000000,937035084.000000,0.254288,-0.455072,-0.033225,0.012315,0.020844,-0.850330,0.525692,0.115531,0.015910,0.008791,-0.026793,-0.123115,-0.469742,
1624910695.000000,942037821.000000,0.254103,-0.455620,-0.033209,0.012093,0.020718,-0.850960,0.524682,0.113781,0.015777,0.009956,0.049875,-0.012568,-0.486735,
1624910695.000000,947041035.000000,0.253870,-0.456127,-0.033013,0.012342,0.020640,-0.851601,0.523639,0.110423,0.006647,0.035469,0.117275,0.123287,-0.477319,
1624910696.000000,2075911.000000,0.249063,-0.465270,-0.031929,0.012128,0.019745,-0.857765,0.513519,0.149009,0.019240,0.017148,-0.007499,0.100032,-0.465140,
1624910696.000000,7078886.000000,0.248830,-0.465909,-0.031891,0.012259,0.019917,-0.858376,0.512488,0.142124,0.020689,0.013628,-0.025741,0.102427,-0.478259,
1624910696.000000,12081861.000000,0.248587,-0.466590,-0.031861,0.012442,0.020129,-0.858981,0.511460,0.142584,0.022621,0.011316,-0.029778,0.093707,-0.482222,
1624910696.000000,17086029.000000,0.247523,-0.466901,-0.032048,0.012636,0.020266,-0.859569,0.510461,0.145451,0.021889,0.008506,-0.009823,0.104579,-0.445246,
1624910696.000000,22089005.000000,0.247271,-0.467515,-0.031991,0.012847,0.020423,-0.860108,0.509542,0.137939,0.018712,0.012341,-0.009415,0.078070,-0.422333,
1624910696.000000,27091742.000000,0.247024,-0.468163,-0.031956,0.012891,0.020536,-0.860656,0.508609,0.136029,0.018904,0.012709,-0.023590,0.030620,-0.440744,
1624910696.000000,32094955.000000,0.246781,-0.468802,-0.031919,0.012847,0.020624,-0.861226,0.507641,0.134106,0.019098,0.013083,-0.042549,-0.037583,-0.460914,
1624910696.000000,37097931.000000,0.246542,-0.469433,-0.031866,0.012611,0.020611,-0.861826,0.506629,0.132208,0.019294,0.014149,-0.001438,-0.100667,-0.481212,
1624910696.000000,42100906.000000,0.246222,-0.470047,-0.031611,0.012469,0.020444,-0.862443,0.505587,0.133037,0.009859,0.038396,0.071423,-0.029775,-0.483372,
1624910696.000000,47104120.000000,0.244868,-0.470541,-0.032289,0.012643,0.020286,-0.862995,0.504646,0.130152,-0.001688,0.055019,0.109766,0.161174,-0.475760,
1624910696.000000,87129831.000000,0.241737,-0.475434,-0.031885,0.011836,0.019232,-0.867359,0.497170,0.130136,0.011936,0.015138,0.001878,0.083818,-0.426654,
1624910696.000000,92132807.000000,0.241456,-0.476040,-0.031835,0.012011,0.019315,-0.867884,0.496246,0.135740,0.013830,0.014296,0.025513,0.104920,-0.419272,
1624910696.000000,97135782.000000,0.241169,-0.476671,-0.031787,0.012254,0.019408,-0.868412,0.495311,0.140889,0.015741,0.013902,0.014959,0.073995,-0.447849,
1624910696.000000,102138996.000000,0.240910,-0.477268,-0.031770,0.012387,0.019498,-0.868987,0.494296,0.136526,0.017575,0.009306,-0.001207,0.108884,-0.474767,
1624910696.000000,107141972.000000,0.240638,-0.477906,-0.031755,0.012609,0.019678,-0.869574,0.493250,0.138222,0.019500,0.006886,-0.021302,0.071109,-0.483143,
1624910696.000000,112144947.000000,0.240368,-0.478555,-0.031757,0.012599,0.019785,-0.870163,0.492205,0.140114,0.021436,0.004261,-0.031052,0.008409,-0.470481,
1624910696.000000,117147684.000000,0.240182,-0.480083,-0.032507,0.012830,0.019985,-0.870724,0.491197,0.143396,0.026553,-0.007999,-0.017147,0.100750,-0.454288,
1624910696.000000,122151852.000000,0.239925,-0.480765,-0.032584,0.013128,0.020211,-0.871276,0.490202,0.143201,0.027265,-0.008228,-0.004362,0.180958,-0.454319,
1624910696.000000,127154827.000000,0.239670,-0.481447,-0.032651,0.013422,0.020429,-0.871825,0.489207,0.143061,0.027976,-0.007958,-0.021290,0.088876,-0.449057,
1624910696.000000,132158041.000000,0.239407,-0.482088,-0.032617,0.013400,0.020553,-0.872374,0.488223,0.137715,0.023923,0.006533,-0.052318,-0.030389,-0.459573,
1624910696.000000,222214937.000000,0.231297,-0.492060,-0.030584,0.013484,0.019993,-0.881996,0.470640,0.132095,0.018326,0.004332,-0.014063,0.149464,-0.457396,
1624910696.000000,227217913.000000,0.230992,-0.492640,-0.030566,0.013742,0.020197,-0.882519,0.469641,0.130059,0.016225,0.007273,-0.026538,0.093405,-0.445510,
1624910696.000000,232221127.000000,0.230697,-0.493224,-0.030548,0.013752,0.020317,-0.883041,0.468655,0.128648,0.015955,0.009108,-0.020544,-0.030873,-0.448736,
1624910696.000000,237223864.000000,0.230405,-0.493796,-0.030530,0.013640,0.020278,-0.883580,0.467641,0.126890,0.015682,0.010234,0.026525,-0.011339,-0.476371,
1624910696.000000,242226839.000000,0.230103,-0.494300,-0.030328,0.013746,0.020206,-0.884148,0.466567,0.118346,0.008520,0.035725,0.088255,0.052006,-0.481929,
1624910696.000000,247230053.000000,0.228429,-0.493675,-0.030396,0.014067,0.020044,-0.884625,0.465660,0.112222,-0.004391,0.052378,0.100188,0.025554,-0.450807,
1624910696.000000,252233982.000000,0.228090,-0.494130,-0.030124,0.014221,0.019897,-0.885147,0.464668,0.108827,-0.007453,0.064010,0.081869,0.062064,-0.449539,
1624910696.000000,257236958.000000,0.227876,-0.494563,-0.030208,0.014404,0.019834,-0.885668,0.463672,0.098810,0.002911,0.027185,0.043642,-0.000413,-0.430707,
1624910696.000000,262240171.000000,0.227613,-0.494982,-0.030098,0.014214,0.019684,-0.886156,0.462750,0.093600,0.004249,0.023038,0.017872,-0.176983,-0.414390,
1624910696.000000,267242908.000000,0.227373,-0.495373,-0.030015,0.013690,0.019396,-0.886652,0.461827,0.087789,0.005544,0.018452,0.009491,-0.270420,-0.429443,
1624910696.000000,317275047.000000,0.222391,-0.499816,-0.029234,0.013724,0.019587,-0.891713,0.451969,0.129504,0.013396,-0.002149,-0.011794,0.057165,-0.453750,
1624910696.000000,322277784.000000,0.222070,-0.500329,-0.029206,0.013845,0.019730,-0.892227,0.450944,0.124795,0.011703,0.003715,-0.026785,0.098470,-0.461289,
1624910696.000000,327280760.000000,0.221749,-0.500863,-0.029211,0.014024,0.019923,-0.892740,0.449912,0.123538,0.011989,0.004674,-0.021543,0.089336,-0.456002,
1624910696.000000,332283974.000000,0.221432,-0.501393,-0.029212,0.014090,0.020022,-0.893245,0.448902,0.122317,0.012264,0.005480,-0.007589,-0.005090,-0.448473,
1624910696.000000,337286949.000000,0.221098,-0.501879,-0.029058,0.014015,0.019983,-0.893754,0.447893,0.117171,0.006387,0.027067,0.038040,-0.022572,-0.459096,
1624910696.000000,342289925.000000,0.220771,-0.502365,-0.028926,0.014124,0.019894,-0.894279,0.446844,0.114359,0.004201,0.035744,0.074533,0.096220,-0.474089,
1624910696.000000,347292900.000000,0.220441,-0.502836,-0.028750,0.014465,0.019869,-0.894800,0.445790,0.111842,0.002016,0.044610,0.086097,0.105564,-0.450766,
1624910696.000000,352296829.000000,0.218170,-0.502598,-0.028843,0.014716,0.019727,-0.895219,0.444947,0.102246,-0.007297,0.038204,0.074502,-0.009261,-0.431203,
1624910696.000000,357299805.000000,0.217837,-0.502981,-0.028667,0.014664,0.019551,-0.895703,0.443981,0.096696,-0.007937,0.040300,0.054155,-0.056268,-0.430260,
1624910696.000000,362303019.000000,0.217515,-0.503341,-0.028475,0.014513,0.019395,-0.896181,0.443027,0.091287,-0.008607,0.042653,0.016997,-0.118117,-0.421751,
1624910696.000000,402327776.000000,0.212244,-0.506909,-0.027582,0.013643,0.018847,-0.899933,0.435407,0.132483,0.001258,0.017779,-0.008743,0.162258,-0.450451,
1624910696.000000,407330990.000000,0.211835,-0.507445,-0.027525,0.013914,0.019038,-0.900414,0.434394,0.135451,0.003646,0.015249,-0.018191,0.071797,-0.451331,
1624910696.000000,412334681.000000,0.211426,-0.507997,-0.027481,0.013978,0.019156,-0.900906,0.433366,0.138413,0.006056,0.012601,-0.022509,0.081065,-0.455748,
1624910696.000000,417337894.000000,0.209567,-0.507944,-0.028756,0.014416,0.019318,-0.901344,0.432433,0.143546,0.004789,-0.026471,-0.015045,0.076098,-0.443859,
1624910696.000000,422340870.000000,0.209139,-0.508519,-0.028929,0.014478,0.019401,-0.901816,0.431441,0.146346,0.007221,-0.030735,-0.005415,0.020283,-0.437396,
1624910696.000000,427343845.000000,0.208708,-0.509113,-0.029133,0.014457,0.019467,-0.902292,0.430443,0.149271,0.009673,-0.035302,-0.043587,-0.003852,-0.451237,
1624910696.000000,432346821.000000,0.208284,-0.509365,-0.028738,0.014371,0.019579,-0.902779,0.429417,0.130534,-0.004290,0.002525,-0.020722,0.000227,-0.452440,
1624910696.000000,437350035.000000,0.207852,-0.509857,-0.028754,0.014409,0.019580,-0.903261,0.428402,0.129120,-0.005338,0.006463,0.043683,0.040562,-0.449108,
1624910696.000000,442352772.000000,0.207420,-0.510339,-0.028735,0.014575,0.019513,-0.903744,0.427381,0.127614,-0.006392,0.011131,0.078732,0.058739,-0.448118,
1624910696.000000,447355747.000000,0.206488,-0.511151,-0.028757,0.014795,0.019399,-0.904162,0.426492,0.114676,-0.010836,0.032414,0.084100,0.121995,-0.442673,
1624910696.000000,492385149.000000,0.201618,-0.513524,-0.028440,0.013583,0.018342,-0.908192,0.417930,0.123270,-0.007722,-0.001763,0.007539,0.089688,-0.429791,
1624910696.000000,497387886.000000,0.201182,-0.513974,-0.028470,0.013728,0.018435,-0.908643,0.416941,0.127120,-0.006044,-0.003995,0.005031,0.046230,-0.440399,
1624910696.000000,502390862.000000,0.200742,-0.514441,-0.028511,0.013845,0.018486,-0.909110,0.415915,0.130804,-0.004333,-0.006335,0.005382,0.099612,-0.460658,
1624910696.000000,507394075.000000,0.200301,-0.514923,-0.028573,0.014088,0.018653,-0.909584,0.414862,0.134113,-0.002590,-0.009159,-0.028813,0.100699,-0.451216,
1624910696.000000,512396812.000000,0.198872,-0.515681,-0.027866,0.014426,0.018899,-0.910016,0.413891,0.127644,-0.002194,-0.005004,-0.006814,0.053462,-0.442402,
1624910696.000000,517400742.000000,0.198449,-0.516154,-0.027933,0.014525,0.018973,-0.910473,0.412879,0.127149,-0.000780,-0.007841,-0.020082,0.067115,-0.442505,
1624910696.000000,522403955.000000,0.198033,-0.516628,-0.028015,0.014678,0.019142,-0.910929,0.411857,0.126547,0.000632,-0.010711,-0.012204,0.108634,-0.456258,
1624910696.000000,527406693.000000,0.197613,-0.517062,-0.028065,0.014826,0.019259,-0.911395,0.410813,0.123481,-0.001602,-0.009163,-0.029645,0.008533,-0.445827,
1624910696.000000,532409668.000000,0.197198,-0.517519,-0.028129,0.014717,0.019349,-0.911852,0.409799,0.122976,-0.001308,-0.009157,-0.029254,0.008231,-0.461437,
1624910696.000000,537412882.000000,0.196782,-0.517977,-0.028199,0.014784,0.019422,-0.912330,0.408728,0.122717,-0.001002,-0.009646,0.011634,0.040248,-0.457638,
1624910696.000000,627469778.000000,0.186769,-0.527388,-0.025881,0.015420,0.019157,-0.920051,0.391027,0.129910,0.009712,0.003153,-0.028254,0.042209,-0.441148,
1624910696.000000,632472754.000000,0.186357,-0.527886,-0.025892,0.015372,0.019231,-0.920482,0.390009,0.127605,0.010194,0.002609,-0.034167,-0.052050,-0.445381,
1624910696.000000,637475967.000000,0.185918,-0.528381,-0.025827,0.015126,0.019256,-0.920923,0.388974,0.128770,0.007170,0.013127,-0.029182,-0.086406,-0.460282,
1624910696.000000,642478704.000000,0.185493,-0.528866,-0.025779,0.015030,0.019232,-0.921378,0.387900,0.127773,0.006260,0.016992,0.048565,0.049072,-0.469942,
1624910696.000000,647482872.000000,0.184514,-0.528346,-0.025865,0.015244,0.019128,-0.921787,0.386924,0.122737,-0.001115,0.026516,0.081050,0.140112,-0.460262,
1624910696.000000,652485847.000000,0.184100,-0.528723,-0.025554,0.015650,0.019132,-0.922218,0.385880,0.114936,-0.005368,0.050491,0.067798,0.181843,-0.433629,
1624910696.000000,657488823.000000,0.183673,-0.529117,-0.025298,0.016059,0.019132,-0.922624,0.384892,0.112225,-0.007366,0.060539,0.078517,0.076796,-0.419665,
1624910696.000000,662491798.000000,0.183248,-0.529496,-0.024989,0.016125,0.018981,-0.923030,0.383922,0.109427,-0.009371,0.070815,0.063754,-0.028249,-0.416564,
1624910696.000000,667495012.000000,0.182911,-0.529842,-0.024875,0.015934,0.018824,-0.923434,0.382964,0.097626,-0.003598,0.046205,0.006187,-0.202844,-0.417581,
1624910696.000000,672497749.000000,0.182564,-0.530175,-0.024672,0.015263,0.018564,-0.923849,0.382002,0.091270,-0.002552,0.043056,0.022812,-0.307080,-0.427191,
1624910696.000000,722530127.000000,0.175272,-0.534924,-0.026642,0.015551,0.018709,-0.927901,0.372031,0.139223,0.006283,-0.006570,-0.017238,0.095440,-0.433470,
1624910696.000000,727533102.000000,0.174797,-0.535398,-0.026667,0.015678,0.018851,-0.928304,0.371014,0.135412,0.005037,-0.003360,-0.020748,0.062169,-0.448292,
1624910696.000000,732535601.000000,0.174322,-0.535883,-0.026708,0.015786,0.018971,-0.928723,0.369952,0.134173,0.005365,-0.003132,-0.024741,0.066535,-0.457014,
1624910696.000000,737538815.000000,0.173857,-0.536359,-0.026749,0.015803,0.019091,-0.929138,0.368903,0.132963,0.005686,-0.002973,-0.035568,-0.042046,-0.445203,
1624910696.000000,742541790.000000,0.173397,-0.536832,-0.026792,0.015575,0.019088,-0.929551,0.367870,0.131885,0.006003,-0.002604,-0.000502,-0.068647,-0.453630,
1624910696.000000,747544765.000000,0.172239,-0.537738,-0.027812,0.015437,0.018946,-0.929944,0.366887,0.135015,-0.007360,0.030653,0.068827,0.092681,-0.473917,
1624910696.000000,752548933.000000,0.171712,-0.538173,-0.027663,0.015873,0.018906,-0.930377,0.365773,0.134177,-0.010053,0.040701,0.096703,0.197329,-0.466559,
1624910696.000000,757551908.000000,0.171180,-0.538597,-0.027460,0.016305,0.018860,-0.930784,0.364719,0.133560,-0.012749,0.051104,0.079543,0.085074,-0.424971,
1624910696.000000,762554646.000000,0.170811,-0.538951,-0.027457,0.016407,0.018753,-0.931165,0.363745,0.116640,-0.007078,0.034484,0.047557,0.003582,-0.422577,
1624910696.000000,767557859.000000,0.170369,-0.539314,-0.027299,0.016353,0.018655,-0.931558,0.362745,0.110542,-0.007291,0.036792,0.034673,-0.093984,-0.427169,
1624910696.000000,817589998.000000,0.166598,-0.545456,-0.027630,0.015555,0.018411,-0.935436,0.352674,0.138422,0.027960,-0.014313,-0.018275,0.085084,-0.448285,
1624910696.000000,822592974.000000,0.166218,-0.545956,-0.027644,0.015784,0.018597,-0.935829,0.351610,0.131274,0.027709,-0.006266,-0.018795,0.119931,-0.454793,
1624910696.000000,827595949.000000,0.165819,-0.546490,-0.027713,0.016017,0.018728,-0.936221,0.350547,0.130519,0.029012,-0.006159,-0.004542,0.112997,-0.446268,
1624910696.000000,832598925.000000,0.165428,-0.547026,-0.027774,0.016210,0.018857,-0.936605,0.349503,0.129648,0.030304,-0.005588,-0.019584,0.056276,-0.446175,
1624910696.000000,837602139.000000,0.165037,-0.547527,-0.027799,0.016247,0.018978,-0.936995,0.348448,0.125842,0.027108,-0.000397,-0.042997,0.047047,-0.452643,
1624910696.000000,842605829.000000,0.164650,-0.548037,-0.027829,0.016257,0.019108,-0.937384,0.347393,0.123844,0.026592,0.002339,-0.016623,-0.036617,-0.444152,
1624910696.000000,847608805.000000,0.164183,-0.548986,-0.029226,0.015754,0.018921,-0.937777,0.346363,0.126203,0.030407,-0.007917,0.043234,-0.080148,-0.462106,
1624910696.000000,852611780.000000,0.163804,-0.549505,-0.029287,0.015740,0.018772,-0.938191,0.345250,0.124971,0.029898,-0.005906,0.077440,0.062988,-0.478315,
1624910696.000000,857614756.000000,0.163386,-0.549953,-0.029053,0.016128,0.018722,-0.938596,0.344133,0.121261,0.020985,0.024488,0.085872,0.205555,-0.461224,
1624910696.000000,862617731.000000,0.162986,-0.550422,-0.028938,0.016636,0.018708,-0.938977,0.343069,0.119243,0.018004,0.034606,0.081621,0.140242,-0.434534,
1624910696.000000,907645702.000000,0.160214,-0.553639,-0.030457,0.015370,0.017960,-0.942200,0.334215,0.113566,0.038994,-0.029407,0.004928,0.104781,-0.445097,
1624910696.000000,912649870.000000,0.159162,-0.554348,-0.029923,0.015633,0.018116,-0.942581,0.333121,0.130800,0.045086,-0.019453,-0.017441,0.090699,-0.459156,
1624910696.000000,917652845.000000,0.158867,-0.554862,-0.030030,0.015753,0.018241,-0.942956,0.332045,0.123360,0.045715,-0.018947,-0.018625,0.028452,-0.450535,
1624910696.000000,922656059.000000,0.158532,-0.555427,-0.030158,0.015747,0.018293,-0.943328,0.330982,0.124365,0.047418,-0.020198,-0.004666,0.017275,-0.454730,
1624910696.000000,927659035.000000,0.158194,-0.556003,-0.030292,0.015878,0.018380,-0.943702,0.329905,0.125495,0.049126,-0.021149,-0.012060,0.131806,-0.449544,
1624910696.000000,932662010.000000,0.157860,-0.556556,-0.030413,0.016189,0.018569,-0.944061,0.328851,0.123258,0.047742,-0.019436,-0.028132,0.114736,-0.441952,
1624910696.000000,937664986.000000,0.157528,-0.557121,-0.030543,0.016269,0.018697,-0.944423,0.327798,0.122910,0.048205,-0.019358,-0.023917,0.000555,-0.449442,
1624910696.000000,942668676.000000,0.157198,-0.557686,-0.030671,0.016188,0.018752,-0.944797,0.326718,0.122463,0.048676,-0.019244,-0.024844,-0.016533,-0.468604,
1624910696.000000,947671652.000000,0.155703,-0.558014,-0.031368,0.015804,0.018536,-0.945175,0.325654,0.112535,0.033989,-0.001573,0.015424,0.031262,-0.475075,
1624910696.000000,952674866.000000,0.155360,-0.558487,-0.031390,0.015881,0.018471,-0.945559,0.324537,0.110777,0.031274,0.007281,0.066848,-0.004261,-0.466493,
1624910696.000000,997702837.000000,0.151003,-0.561558,-0.032509,0.014660,0.017177,-0.948684,0.315419,0.095233,0.030096,-0.020497,0.022181,0.039667,-0.426093,
1624910697.000000,2705812.000000,0.150704,-0.561968,-0.032634,0.014864,0.017227,-0.949014,0.314412,0.099460,0.031117,-0.020223,0.015594,0.111100,-0.416469,
1624910697.000000,7709980.000000,0.150394,-0.562392,-0.032757,0.015106,0.017294,-0.949341,0.313407,0.103395,0.032153,-0.019816,0.003026,0.094891,-0.436529,
1624910697.000000,12712955.000000,0.149815,-0.562478,-0.032778,0.015649,0.017427,-0.949711,0.312251,0.123156,0.039504,-0.025560,-0.018237,0.099759,-0.449616,
1624910697.000000,17715931.000000,0.149434,-0.563006,-0.032944,0.015856,0.017568,-0.950058,0.311174,0.127133,0.042057,-0.029192,-0.010868,0.086433,-0.460067,
1624910697.000000,22719145.000000,0.149043,-0.563556,-0.033131,0.015967,0.017635,-0.950413,0.310080,0.131141,0.044629,-0.032873,0.002068,0.023739,-0.447515,
1624910697.000000,27721882.000000,0.148692,-0.564032,-0.033233,0.016005,0.017688,-0.950753,0.309029,0.124035,0.041783,-0.025429,-0.022369,0.058256,-0.447199,
1624910697.000000,32724857.000000,0.148317,-0.564561,-0.033383,0.016212,0.017847,-0.951101,0.307939,0.124190,0.042608,-0.024705,-0.013117,0.141395,-0.462340,
1624910697.000000,37728071.000000,0.147939,-0.565096,-0.033527,0.016544,0.018000,-0.951445,0.306845,0.124791,0.043441,-0.023785,-0.017996,0.142585,-0.445316,
1624910697.000000,42732000.000000,0.147574,-0.565589,-0.033613,0.016695,0.018174,-0.951776,0.305801,0.119437,0.039982,-0.014730,-0.056592,-0.003415,-0.437674,
1624910697.000000,87759733.000000,0.142142,-0.567726,-0.035065,0.015625,0.016779,-0.954757,0.296504,0.066803,0.021551,-0.039519,0.009465,-0.118668,-0.427273,
1624910697.000000,92762709.000000,0.141689,-0.568134,-0.035122,0.015414,0.016679,-0.955070,0.295507,0.088894,0.020050,-0.027356,0.024788,-0.098658,-0.409069,
1624910697.000000,97765923.000000,0.141373,-0.568466,-0.035284,0.015189,0.016559,-0.955372,0.294549,0.091171,0.020520,-0.028368,0.035219,-0.050073,-0.398379,
1624910697.000000,102768898.000000,0.141056,-0.568803,-0.035445,0.015232,0.016496,-0.955673,0.293573,0.092990,0.021014,-0.029117,0.030104,0.066124,-0.424918,
1624910697.000000,107773066.000000,0.140718,-0.569191,-0.035634,0.015468,0.016547,-0.955991,0.292519,0.100192,0.025546,-0.032901,0.004404,0.130648,-0.443282,
1624910697.000000,112776041.000000,0.138970,-0.570465,-0.035472,0.015835,0.016662,-0.956305,0.291465,0.128978,0.030279,-0.026213,-0.009328,0.088301,-0.443161,
1624910697.000000,117778778.000000,0.138514,-0.570955,-0.035639,0.015954,0.016754,-0.956627,0.290395,0.134460,0.032546,-0.029083,-0.017728,0.046580,-0.451639,
1624910697.000000,122781992.000000,0.138159,-0.571355,-0.035769,0.016096,0.016860,-0.956952,0.289309,0.122534,0.031563,-0.027155,-0.004038,0.120569,-0.448552,
1624910697.000000,127784967.000000,0.137741,-0.571822,-0.035941,0.016377,0.016977,-0.957266,0.288244,0.122753,0.032812,-0.029213,-0.016509,0.082409,-0.438867,
1624910697.000000,132787943.000000,0.137324,-0.572293,-0.036129,0.016417,0.017061,-0.957579,0.287195,0.122850,0.034059,-0.031653,-0.003107,0.002968,-0.437815,
1624910697.000000,227848053.000000,0.126668,-0.579305,-0.039431,0.016443,0.016018,-0.963327,0.267348,0.127054,0.033163,-0.027908,-0.018031,0.074518,-0.450839,
1624910697.000000,232850790.000000,0.126232,-0.579725,-0.039555,0.016667,0.016142,-0.963616,0.266283,0.122966,0.030656,-0.023258,-0.000189,0.116541,-0.440895,
1624910697.000000,237854958.000000,0.125786,-0.580167,-0.039702,0.016889,0.016215,-0.963907,0.265206,0.122856,0.031009,-0.023323,-0.007249,0.067714,-0.444300,
1624910697.000000,242857933.000000,0.125342,-0.580610,-0.039849,0.016991,0.016327,-0.964198,0.264134,0.122727,0.031365,-0.023346,-0.032073,0.067230,-0.446331,
1624910697.000000,247860909.000000,0.123269,-0.580456,-0.040978,0.016728,0.016184,-0.964463,0.263190,0.108999,0.016664,-0.029594,-0.041357,0.009769,-0.442080,
1624910697.000000,252864122.000000,0.122848,-0.580794,-0.041136,0.016623,0.016226,-0.964753,0.262128,0.107092,0.015630,-0.026197,0.027517,-0.045179,-0.442025,
1624910697.000000,257867098.000000,0.122431,-0.581121,-0.041274,0.016542,0.016055,-0.965052,0.261044,0.104985,0.014573,-0.022652,0.083531,-0.051020,-0.459058,
1624910697.000000,262869835.000000,0.122017,-0.581407,-0.041266,0.016601,0.015860,-0.965359,0.259914,0.100472,0.008784,-0.000891,0.103389,0.121768,-0.469812,
1624910697.000000,267874002.000000,0.121609,-0.581687,-0.041265,0.017069,0.015757,-0.965654,0.258790,0.097305,0.005837,0.009001,0.072839,0.139701,-0.444292,
1624910697.000000,272876978.000000,0.121204,-0.581947,-0.041217,0.017260,0.015689,-0.965930,0.257749,0.094098,0.002859,0.018592,0.054226,0.033166,-0.418546,
1624910697.000000,317904949.000000,0.115098,-0.585395,-0.042532,0.016348,0.014848,-0.968328,0.248703,0.125703,0.020230,-0.024443,0.006101,0.133697,-0.453789,
1624910697.000000,322907686.000000,0.114587,-0.585789,-0.042692,0.016619,0.014970,-0.968605,0.247598,0.130331,0.021898,-0.027273,-0.023948,0.066755,-0.452717,
1624910697.000000,327911854.000000,0.114184,-0.586126,-0.042816,0.016634,0.015057,-0.968879,0.246516,0.120330,0.022769,-0.025707,-0.015454,0.009467,-0.438846,
1624910697.000000,332913876.000000,0.113712,-0.586513,-0.042976,0.016672,0.015106,-0.969147,0.245455,0.120885,0.024201,-0.027400,-0.001457,0.034405,-0.441942,
1624910697.000000,337918043.000000,0.113239,-0.586905,-0.043141,0.016830,0.015191,-0.969418,0.244368,0.121377,0.025638,-0.028613,-0.022708,0.140945,-0.449524,
1624910697.000000,342921019.000000,0.112767,-0.587278,-0.043284,0.017113,0.015361,-0.969683,0.243280,0.120127,0.023751,-0.026133,-0.025093,0.044984,-0.442051,
1624910697.000000,347923994.000000,0.110943,-0.587663,-0.043919,0.016598,0.015201,-0.969929,0.242346,0.116728,0.017776,-0.033944,-0.031057,-0.000505,-0.450390,
1624910697.000000,352926970.000000,0.110474,-0.588009,-0.044123,0.016647,0.015284,-0.970205,0.241229,0.116468,0.017861,-0.035615,0.013298,0.046168,-0.466512,
1624910697.000000,357929945.000000,0.110016,-0.588262,-0.044021,0.016741,0.015209,-0.970484,0.240103,0.109416,0.009144,-0.004204,0.070180,0.014232,-0.452706,
1624910697.000000,362932920.000000,0.109553,-0.588550,-0.044043,0.016800,0.015043,-0.970755,0.239013,0.107407,0.006464,0.004521,0.083913,0.027625,-0.449318,
1624910697.000000,407961845.000000,0.105226,-0.591486,-0.043924,0.015906,0.013851,-0.973058,0.229593,0.098246,0.016655,-0.005874,0.028761,0.095976,-0.427087,
1624910697.000000,412964821.000000,0.103032,-0.593253,-0.044063,0.016181,0.013857,-0.973274,0.228656,0.129059,0.022341,-0.007684,0.003573,0.082625,-0.431181,
1624910697.000000,417967796.000000,0.102570,-0.593614,-0.044159,0.016342,0.013946,-0.973521,0.227587,0.124750,0.024270,-0.012101,-0.014863,0.067799,-0.444058,
1624910697.000000,422970772.000000,0.102061,-0.594004,-0.044252,0.016482,0.014027,-0.973775,0.226480,0.126824,0.025958,-0.014305,-0.006174,0.068785,-0.466354,
1624910697.000000,427974939.000000,0.101539,-0.594410,-0.044355,0.016625,0.014090,-0.974035,0.225345,0.129492,0.027680,-0.016478,0.001267,0.055194,-0.449563,
1624910697.000000,432977915.000000,0.101008,-0.594828,-0.044475,0.016740,0.014141,-0.974281,0.224270,0.132189,0.029396,-0.018891,-0.008243,0.064440,-0.444903,
1624910697.000000,437981129.000000,0.100529,-0.595189,-0.044547,0.016921,0.014251,-0.974530,0.223165,0.125060,0.027066,-0.014839,-0.025377,0.105927,-0.451600,
1624910697.000000,442983866.000000,0.098632,-0.596005,-0.045368,0.016835,0.014168,-0.974768,0.222132,0.122921,0.022613,-0.023470,-0.008316,0.104917,-0.447231,
1624910697.000000,447986841.000000,0.098131,-0.596369,-0.045501,0.016969,0.014247,-0.975011,0.221047,0.122599,0.022941,-0.023655,-0.033437,0.000194,-0.439783,
1624910697.000000,452990055.000000,0.097645,-0.596677,-0.045440,0.016807,0.014328,-0.975256,0.219972,0.117562,0.018225,-0.004498,-0.014934,-0.083020,-0.450343,
