1629325925.000000,563054119.000000,-0.023060,-1.180196,0.000000,0.000000,0.000000,0.011929,0.999929,-0.000767,0.000000,0.000000,0.000000,0.000000,-0.000176,
1629325925.000000,597054119.000000,-0.023035,-1.180195,0.000000,0.000000,0.000000,0.011934,0.999929,0.000744,0.000000,0.000000,0.000000,0.000000,0.000264,
1629325936.000000,10465051.000000,-0.023060,-1.180196,0.000000,0.000000,0.000000,0.011933,0.999929,0.000000,0.000000,0.000000,0.000000,0.000000,-0.000540,
1629325936.000000,43465051.000000,-0.023060,-1.180196,0.000000,0.000000,0.000000,0.011936,0.999929,0.000000,0.000000,0.000000,0.000000,0.000000,0.000182,
1629325936.000000,76465051.000000,-0.023060,-1.180196,0.000000,0.000000,0.000000,0.011935,0.999929,0.000000,0.000000,0.000000,0.000000,0.000000,-0.000089,
1629325936.000000,110465051.000000,-0.023060,-1.180196,0.000000,0.000000,0.000000,0.011933,0.999929,0.000000,0.000000,0.000000,0.000000,0.000000,-0.000076,
1629325936.000000,143465051.000000,-0.023035,-1.180195,0.000000,0.000000,0.000000,0.011938,0.999929,0.000767,0.000000,0.000000,0.000000,0.000000,0.000271,
1629325936.000000,176465051.000000,-0.023060,-1.180196,0.000000,0.000000,0.000000,0.011938,0.999929,-0.000767,0.000000,0.000000,0.000000,0.000000,-0.000022,
1629325936.000000,209465051.000000,-0.023060,-1.180196,0.000000,0.000000,0.000000,0.011935,0.999929,0.000000,0.000000,0.000000,0.000000,0.000000,-0.000168,
1629325936.000000,242465051.000000,-0.023035,-1.180195,0.000000,0.000000,0.000000,0.011934,0.999929,0.000767,0.000000,0.000000,0.000000,0.000000,-0.000055,
1629325936.000000,277465051.000000,-0.023060,-1.180196,0.000000,0.000000,0.000000,0.011940,0.999929,-0.000744,0.000000,0.000000,0.000000,0.000000,0.000379,
1629325936.000000,310465051.000000,-0.023060,-1.180196,0.000000,0.000000,0.000000,0.011940,0.999929,0.000000,0.000000,0.000000,0.000000,0.000000,-0.000018,
1629325936.000000,343465051.000000,-0.023060,-1.180196,0.000000,0.000000,0.000000,0.011938,0.999929,0.000000,0.000000,0.000000,0.000000,0.000000,-0.000096,
1629325936.000000,376465051.000000,-0.023060,-1.180196,0.000000,0.000000,0.000000,0.011937,0.999929,0.000000,0.000000,0.000000,0.000000,0.000000,-0.000075,
1629325936.000000,409465051.000000,-0.022478,-1.180182,0.000000,0.000000,0.000000,0.011628,0.999932,0.017641,0.000000,0.000000,0.000000,0.000000,-0.018738,
1629325936.000000,442465051.000000,-0.020960,-1.180153,0.000000,0.000000,0.000000,0.007474,0.999972,0.046019,0.000000,0.000000,0.000000,0.000000,-0.251770,
1629325936.000000,476465051.000000,-0.018935,-1.180136,0.000000,0.000000,0.000000,0.001106,0.999999,0.059555,0.000000,0.000000,0.000000,0.000000,-0.374596,
1629325936.000000,509465051.000000,-0.016936,-1.180145,0.000000,0.000000,0.000000,-0.005778,0.999983,0.060592,0.000000,0.000000,0.000000,0.000000,-0.417191,
1629325936.000000,542465051.000000,-0.014861,-1.180184,0.000000,0.000000,0.000000,-0.012635,0.999920,0.062893,0.000000,0.000000,0.000000,0.000000,-0.415621,
1629325936.000000,575940883.000000,-0.012761,-1.180253,0.000000,0.000000,0.000000,-0.020338,0.999793,0.065650,0.000000,0.000000,0.000000,0.000000,-0.481518,
1629325936.000000,609940883.000000,-0.010662,-1.180352,0.000000,0.000000,0.000000,-0.027089,0.999633,0.061788,0.000000,0.000000,0.000000,0.000000,-0.397223,
1629325936.000000,642940883.000000,-0.008566,-1.180481,0.000000,0.000000,0.000000,-0.034139,0.999417,0.063660,0.000000,0.000000,0.000000,0.000000,-0.427478,
1629325936.000000,675940883.000000,-0.006420,-1.180643,0.000000,0.000000,0.000000,-0.041332,0.999145,0.065194,0.000000,0.000000,0.000000,0.000000,-0.436252,
1629325936.000000,708940883.000000,-0.004303,-1.180835,0.000000,0.000000,0.000000,-0.048744,0.998811,0.064427,0.000000,0.000000,0.000000,0.000000,-0.449647,
1629325936.000000,741940883.000000,-0.002214,-1.181054,0.000000,0.000000,0.000000,-0.055816,0.998441,0.063660,0.000000,0.000000,0.000000,0.000000,-0.429182,
1629325936.000000,774940883.000000,-0.000052,-1.181312,0.000000,0.000000,0.000000,-0.063087,0.998008,0.065961,0.000000,0.000000,0.000000,0.000000,-0.441452,
1629325936.000000,808940883.000000,0.002030,-1.181592,0.000000,0.000000,0.000000,-0.070379,0.997520,0.061788,0.000000,0.000000,0.000000,0.000000,-0.429941,
1629325936.000000,841940883.000000,0.004058,-1.181894,0.000000,0.000000,0.000000,-0.077112,0.997022,0.062126,0.000000,0.000000,0.000000,0.000000,-0.409171,
1629325936.000000,874940883.000000,0.006181,-1.182240,0.000000,0.000000,0.000000,-0.084181,0.996450,0.065194,0.000000,0.000000,0.000000,0.000000,-0.429791,
1629325936.000000,907940883.000000,0.008349,-1.182626,0.000000,0.000000,0.000000,-0.091785,0.995779,0.066728,0.000000,0.000000,0.000000,0.000000,-0.462638,
1629325936.000000,940940883.000000,0.010511,-1.183045,0.000000,0.000000,0.000000,-0.099451,0.995042,0.066728,0.000000,0.000000,0.000000,0.000000,-0.466771,
1629325936.000000,973940883.000000,0.012740,-1.183513,0.000000,0.000000,0.000000,-0.107136,0.994244,0.069029,0.000000,0.000000,0.000000,0.000000,-0.468265,
1629325937.000000,6940883.000000,0.014839,-1.183987,0.000000,0.000000,0.000000,-0.114561,0.993416,0.065194,0.000000,0.000000,0.000000,0.000000,-0.452760,
1629325937.000000,40940883.000000,0.016856,-1.184474,0.000000,0.000000,0.000000,-0.121601,0.992579,0.061043,0.000000,0.000000,0.000000,0.000000,-0.417060,
1629325937.000000,73940883.000000,0.018965,-1.185014,0.000000,0.000000,0.000000,-0.128793,0.991672,0.065961,0.000000,0.000000,0.000000,0.000000,-0.439303,
1629325937.000000,106940883.000000,0.021041,-1.185579,0.000000,0.000000,0.000000,-0.136102,0.990695,0.065194,0.000000,0.000000,0.000000,0.000000,-0.446966,
1629325937.000000,139940883.000000,0.023084,-1.186168,0.000000,0.000000,0.000000,-0.143807,0.989606,0.064427,0.000000,0.000000,0.000000,0.000000,-0.471583,
1629325937.000000,173940883.000000,0.025118,-1.186787,0.000000,0.000000,0.000000,-0.150490,0.988611,0.062532,0.000000,0.000000,0.000000,0.000000,-0.397474,
1629325937.000000,206940883.000000,0.027167,-1.187443,0.000000,0.000000,0.000000,-0.157841,0.987464,0.065194,0.000000,0.000000,0.000000,0.000000,-0.450901,
1629325937.000000,239940883.000000,0.029158,-1.188112,0.000000,0.000000,0.000000,-0.164803,0.986326,0.063660,0.000000,0.000000,0.000000,0.000000,-0.427545,
1629325937.000000,272940883.000000,0.031164,-1.188817,0.000000,0.000000,0.000000,-0.171837,0.985125,0.064427,0.000000,0.000000,0.000000,0.000000,-0.432423,
1629325937.000000,305940883.000000,0.033135,-1.189543,0.000000,0.000000,0.000000,-0.179070,0.983836,0.063660,0.000000,0.000000,0.000000,0.000000,-0.445308,
1629325937.000000,338940883.000000,0.035096,-1.190298,0.000000,0.000000,0.000000,-0.186547,0.982446,0.063660,0.000000,0.000000,0.000000,0.000000,-0.460919,
1629325937.000000,372940883.000000,0.037069,-1.191090,0.000000,0.000000,0.000000,-0.193016,0.981196,0.062532,0.000000,0.000000,0.000000,0.000000,-0.387548,
1629325937.000000,405940883.000000,0.039007,-1.191900,0.000000,0.000000,0.000000,-0.200205,0.979754,0.063660,0.000000,0.000000,0.000000,0.000000,-0.444410,
1629325937.000000,438940883.000000,0.040957,-1.192748,0.000000,0.000000,0.000000,-0.207121,0.978315,0.064427,0.000000,0.000000,0.000000,0.000000,-0.428077,
1629325937.000000,471940883.000000,0.042894,-1.193624,0.000000,0.000000,0.000000,-0.214113,0.976809,0.064427,0.000000,0.000000,0.000000,0.000000,-0.433524,
1629325937.000000,504940883.000000,0.044796,-1.194516,0.000000,0.000000,0.000000,-0.221202,0.975228,0.063660,0.000000,0.000000,0.000000,0.000000,-0.440178,
1629325937.000000,537940883.000000,0.046662,-1.195425,0.000000,0.000000,0.000000,-0.228080,0.973643,0.062893,0.000000,0.000000,0.000000,0.000000,-0.427746,
1629325937.000000,571940883.000000,0.048583,-1.196394,0.000000,0.000000,0.000000,-0.234938,0.972010,0.063277,0.000000,0.000000,0.000000,0.000000,-0.414731,
1629325937.000000,604940883.000000,0.050467,-1.197379,0.000000,0.000000,0.000000,-0.242014,0.970273,0.064427,0.000000,0.000000,0.000000,0.000000,-0.441595,
1629325937.000000,637940883.000000,0.052315,-1.198378,0.000000,0.000000,0.000000,-0.248890,0.968532,0.063660,0.000000,0.000000,0.000000,0.000000,-0.429852,
1629325937.000000,670940883.000000,0.054148,-1.199404,0.000000,0.000000,0.000000,-0.255719,0.966751,0.063660,0.000000,0.000000,0.000000,0.000000,-0.427687,
1629325937.000000,703940883.000000,0.055966,-1.200456,0.000000,0.000000,0.000000,-0.262659,0.964889,0.063660,0.000000,0.000000,0.000000,0.000000,-0.435528,
1629325937.000000,736940883.000000,0.057770,-1.201534,0.000000,0.000000,0.000000,-0.269510,0.962998,0.063660,0.000000,0.000000,0.000000,0.000000,-0.430734,
1629325937.000000,770940883.000000,0.059579,-1.202650,0.000000,0.000000,0.000000,-0.276347,0.961058,0.062532,0.000000,0.000000,0.000000,0.000000,-0.418049,
1629325937.000000,803940883.000000,0.061394,-1.203806,0.000000,0.000000,0.000000,-0.283293,0.959033,0.065194,0.000000,0.000000,0.000000,0.000000,-0.438468,
1629325937.000000,836940883.000000,0.063170,-1.204974,0.000000,0.000000,0.000000,-0.290071,0.957005,0.064427,0.000000,0.000000,0.000000,0.000000,-0.428827,
1629325937.000000,869940883.000000,0.064909,-1.206153,0.000000,0.000000,0.000000,-0.296791,0.954943,0.063660,0.000000,0.000000,0.000000,0.000000,-0.425996,
1629325937.000000,902940883.000000,0.066652,-1.207370,0.000000,0.000000,0.000000,-0.303672,0.952777,0.064427,0.000000,0.000000,0.000000,0.000000,-0.437193,
1629325937.000000,935940883.000000,0.068479,-1.208687,0.000000,0.000000,0.000000,-0.310708,0.950505,0.068262,0.000000,0.000000,0.000000,0.000000,-0.448137,
1629325937.000000,969940883.000000,0.070186,-1.209956,0.000000,0.000000,0.000000,-0.317609,0.948222,0.062532,0.000000,0.000000,0.000000,0.000000,-0.427584,
1629325938.000000,2940883.000000,0.071894,-1.211264,0.000000,0.000000,0.000000,-0.324507,0.945883,0.065194,0.000000,0.000000,0.000000,0.000000,-0.441387,
1629325938.000000,35940883.000000,0.073543,-1.212566,0.000000,0.000000,0.000000,-0.331256,0.943541,0.063660,0.000000,0.000000,0.000000,0.000000,-0.432984,
1629325938.000000,68940883.000000,0.075154,-1.213874,0.000000,0.000000,0.000000,-0.337817,0.941212,0.062893,0.000000,0.000000,0.000000,0.000000,-0.421947,
1629325938.000000,101940883.000000,0.076765,-1.215222,0.000000,0.000000,0.000000,-0.344556,0.938766,0.063660,0.000000,0.000000,0.000000,0.000000,-0.434476,
1629325938.000000,134940883.000000,0.078358,-1.216592,0.000000,0.000000,0.000000,-0.351241,0.936285,0.063660,0.000000,0.000000,0.000000,0.000000,-0.432152,
1629325938.000000,168940883.000000,0.079931,-1.217985,0.000000,0.000000,0.000000,-0.357739,0.933822,0.061788,0.000000,0.000000,0.000000,0.000000,-0.408818,
1629325938.000000,201940883.000000,0.081502,-1.219417,0.000000,0.000000,0.000000,-0.364541,0.931188,0.064427,0.000000,0.000000,0.000000,0.000000,-0.442039,
1629325938.000000,234940883.000000,0.083034,-1.220854,0.000000,0.000000,0.000000,-0.371257,0.928530,0.063660,0.000000,0.000000,0.000000,0.000000,-0.437771,
1629325938.000000,267940883.000000,0.084564,-1.222331,0.000000,0.000000,0.000000,-0.377745,0.925910,0.064427,0.000000,0.000000,0.000000,0.000000,-0.424035,
1629325938.000000,300940883.000000,0.086090,-1.223847,0.000000,0.000000,0.000000,-0.384529,0.923113,0.065194,0.000000,0.000000,0.000000,0.000000,-0.444748,
1629325938.000000,333940883.000000,0.087576,-1.225367,0.000000,0.000000,0.000000,-0.391317,0.920256,0.064427,0.000000,0.000000,0.000000,0.000000,-0.446325,
1629325938.000000,367940883.000000,0.089023,-1.226891,0.000000,0.000000,0.000000,-0.397758,0.917490,0.061788,0.000000,0.000000,0.000000,0.000000,-0.412341,
1629325938.000000,400940883.000000,0.090499,-1.228490,0.000000,0.000000,0.000000,-0.404501,0.914537,0.065961,0.000000,0.000000,0.000000,0.000000,-0.446177,
1629325938.000000,433940883.000000,0.091918,-1.230074,0.000000,0.000000,0.000000,-0.411288,0.911506,0.064427,0.000000,0.000000,0.000000,0.000000,-0.450477,
1629325938.000000,466940883.000000,0.093347,-1.231716,0.000000,0.000000,0.000000,-0.417740,0.908567,0.065961,0.000000,0.000000,0.000000,0.000000,-0.429688,
1629325938.000000,499940883.000000,0.094751,-1.233379,0.000000,0.000000,0.000000,-0.424458,0.905448,0.065961,0.000000,0.000000,0.000000,0.000000,-0.448895,
1629325938.000000,532940883.000000,0.096099,-1.235023,0.000000,0.000000,0.000000,-0.431208,0.902252,0.064427,0.000000,0.000000,0.000000,0.000000,-0.452623,
1629325938.000000,566940883.000000,0.097439,-1.236707,0.000000,0.000000,0.000000,-0.437640,0.899150,0.063277,0.000000,0.000000,0.000000,0.000000,-0.420076,
1629325938.000000,599940883.000000,0.098769,-1.238430,0.000000,0.000000,0.000000,-0.444328,0.895864,0.065961,0.000000,0.000000,0.000000,0.000000,-0.451608,
1629325938.000000,632940883.000000,0.100058,-1.240152,0.000000,0.000000,0.000000,-0.451044,0.892502,0.065194,0.000000,0.000000,0.000000,0.000000,-0.455210,
1629325938.000000,665940883.000000,0.101321,-1.241894,0.000000,0.000000,0.000000,-0.457435,0.889243,0.065194,0.000000,0.000000,0.000000,0.000000,-0.434738,
1629325938.000000,698940883.000000,0.102574,-1.243674,0.000000,0.000000,0.000000,-0.463996,0.885837,0.065961,0.000000,0.000000,0.000000,0.000000,-0.448057,
1629325938.000000,731940883.000000,0.103771,-1.245431,0.000000,0.000000,0.000000,-0.470572,0.882362,0.064427,0.000000,0.000000,0.000000,0.000000,-0.450745,
1629325938.000000,765940883.000000,0.104929,-1.247183,0.000000,0.000000,0.000000,-0.476843,0.878989,0.061788,0.000000,0.000000,0.000000,0.000000,-0.418877,
1629325938.000000,798940883.000000,0.106103,-1.249017,0.000000,0.000000,0.000000,-0.483284,0.875464,0.065961,0.000000,0.000000,0.000000,0.000000,-0.444987,
1629325938.000000,830940883.000000,0.107222,-1.250825,0.000000,0.000000,0.000000,-0.490107,0.871662,0.066441,0.000000,0.000000,0.000000,0.000000,-0.488151,
1629325938.000000,864940883.000000,0.108289,-1.252605,0.000000,0.000000,0.000000,-0.495769,0.868455,0.061043,0.000000,0.000000,0.000000,0.000000,-0.382795,
1629325938.000000,897940883.000000,0.109356,-1.254444,0.000000,0.000000,0.000000,-0.502022,0.864855,0.064427,0.000000,0.000000,0.000000,0.000000,-0.437325,
1629325938.000000,930940883.000000,0.110385,-1.256275,0.000000,0.000000,0.000000,-0.508303,0.861178,0.063660,0.000000,0.000000,0.000000,0.000000,-0.441085,
1629325938.000000,963940883.000000,0.111375,-1.258099,0.000000,0.000000,0.000000,-0.514264,0.857632,0.062893,0.000000,0.000000,0.000000,0.000000,-0.420386,
1629325938.000000,996940883.000000,0.112387,-1.260027,0.000000,0.000000,0.000000,-0.520436,0.853901,0.065961,0.000000,0.000000,0.000000,0.000000,-0.437057,
1629325939.000000,29940883.000000,0.113324,-1.261878,0.000000,0.000000,0.000000,-0.526706,0.850048,0.062893,0.000000,0.000000,0.000000,0.000000,-0.446023,
1629325939.000000,60595964.000000,0.114257,-1.263789,0.000000,0.000000,0.000000,-0.532602,0.846366,0.062532,0.000000,0.000000,0.000000,0.000000,-0.408933,
1629325939.000000,93595964.000000,0.115174,-1.265735,0.000000,0.000000,0.000000,-0.538626,0.842545,0.065194,0.000000,0.000000,0.000000,0.000000,-0.432267,
1629325939.000000,125595964.000000,0.116010,-1.267579,0.000000,0.000000,0.000000,-0.544987,0.838444,0.063277,0.000000,0.000000,0.000000,0.000000,-0.473067,
1629325939.000000,159595964.000000,0.116831,-1.269458,0.000000,0.000000,0.000000,-0.550370,0.834921,0.060299,0.000000,0.000000,0.000000,0.000000,-0.378444,
1629325939.000000,192595964.000000,0.117674,-1.271464,0.000000,0.000000,0.000000,-0.556300,0.830982,0.065961,0.000000,0.000000,0.000000,0.000000,-0.431444,
1629325939.000000,225595964.000000,0.118461,-1.273413,0.000000,0.000000,0.000000,-0.562366,0.826888,0.063660,0.000000,0.000000,0.000000,0.000000,-0.443516,
1629325939.000000,258595964.000000,0.119219,-1.275372,0.000000,0.000000,0.000000,-0.568133,0.822937,0.063660,0.000000,0.000000,0.000000,0.000000,-0.423670,
1629325939.000000,291595964.000000,0.119967,-1.277389,0.000000,0.000000,0.000000,-0.574000,0.818855,0.065194,0.000000,0.000000,0.000000,0.000000,-0.433174,
1629325939.000000,324595964.000000,0.120669,-1.279369,0.000000,0.000000,0.000000,-0.579945,0.814656,0.063660,0.000000,0.000000,0.000000,0.000000,-0.441129,
1629325939.000000,358595964.000000,0.121327,-1.281311,0.000000,0.000000,0.000000,-0.585629,0.810579,0.060299,0.000000,0.000000,0.000000,0.000000,-0.411479,
1629325939.000000,391595964.000000,0.122004,-1.283406,0.000000,0.000000,0.000000,-0.591389,0.806387,0.066728,0.000000,0.000000,0.000000,0.000000,-0.431744,
1629325939.000000,425595964.000000,0.122642,-1.285487,0.000000,0.000000,0.000000,-0.597459,0.801899,0.064021,0.000000,0.000000,0.000000,0.000000,-0.444051,
1629325939.000000,458595964.000000,0.123236,-1.287529,0.000000,0.000000,0.000000,-0.603146,0.797631,0.064427,0.000000,0.000000,0.000000,0.000000,-0.430956,
1629325939.000000,491595964.000000,0.123801,-1.289578,0.000000,0.000000,0.000000,-0.608773,0.793345,0.064427,0.000000,0.000000,0.000000,0.000000,-0.428691,
1629325939.000000,524595964.000000,0.124330,-1.291611,0.000000,0.000000,0.000000,-0.614445,0.788959,0.063660,0.000000,0.000000,0.000000,0.000000,-0.434547,
1629325939.000000,557595964.000000,0.124836,-1.293676,0.000000,0.000000,0.000000,-0.619982,0.784616,0.064427,0.000000,0.000000,0.000000,0.000000,-0.426441,
1629325939.000000,591595964.000000,0.125307,-1.295724,0.000000,0.000000,0.000000,-0.625517,0.780211,0.061788,0.000000,0.000000,0.000000,0.000000,-0.416135,
1629325939.000000,624595964.000000,0.125760,-1.297827,0.000000,0.000000,0.000000,-0.631106,0.775696,0.065194,0.000000,0.000000,0.000000,0.000000,-0.435468,
1629325939.000000,657595964.000000,0.126168,-1.299862,0.000000,0.000000,0.000000,-0.636568,0.771220,0.062893,0.000000,0.000000,0.000000,0.000000,-0.427979,
1629325939.000000,690595964.000000,0.126547,-1.301902,0.000000,0.000000,0.000000,-0.641930,0.766763,0.062893,0.000000,0.000000,0.000000,0.000000,-0.422550,
1629325939.000000,723595964.000000,0.126910,-1.304023,0.000000,0.000000,0.000000,-0.647405,0.762146,0.065194,0.000000,0.000000,0.000000,0.000000,-0.434084,
1629325939.000000,756595964.000000,0.127227,-1.306048,0.000000,0.000000,0.000000,-0.652736,0.757585,0.062126,0.000000,0.000000,0.000000,0.000000,-0.425220,
1629325939.000000,790595964.000000,0.127524,-1.308128,0.000000,0.000000,0.000000,-0.658004,0.753015,0.061788,0.000000,0.000000,0.000000,0.000000,-0.410227,
1629325939.000000,823595964.000000,0.127796,-1.310262,0.000000,0.000000,0.000000,-0.663480,0.748194,0.065194,0.000000,0.000000,0.000000,0.000000,-0.442176,
1629325939.000000,856595964.000000,0.128027,-1.312299,0.000000,0.000000,0.000000,-0.668809,0.743434,0.062126,0.000000,0.000000,0.000000,0.000000,-0.433026,
1629325939.000000,889595964.000000,0.128241,-1.314466,0.000000,0.000000,0.000000,-0.674035,0.738699,0.065961,0.000000,0.000000,0.000000,0.000000,-0.427430,
1629325939.000000,922595964.000000,0.128420,-1.316584,0.000000,0.000000,0.000000,-0.679432,0.733738,0.064427,0.000000,0.000000,0.000000,0.000000,-0.444264,
1629325939.000000,957595964.000000,0.128573,-1.318806,0.000000,0.000000,0.000000,-0.685361,0.728204,0.063638,0.000000,0.000000,0.000000,0.000000,-0.463441,
1629325939.000000,990595964.000000,0.128686,-1.320904,0.000000,0.000000,0.000000,-0.690106,0.723708,0.063660,0.000000,0.000000,0.000000,0.000000,-0.396165,
1629325940.000000,24595964.000000,0.128773,-1.323054,0.000000,0.000000,0.000000,-0.695467,0.718558,0.063277,0.000000,0.000000,0.000000,0.000000,-0.437260,
1629325940.000000,57595964.000000,0.128829,-1.325255,0.000000,0.000000,0.000000,-0.700652,0.713503,0.066728,0.000000,0.000000,0.000000,0.000000,-0.438925,
1629325940.000000,90595964.000000,0.128852,-1.327381,0.000000,0.000000,0.000000,-0.705743,0.708468,0.064427,0.000000,0.000000,0.000000,0.000000,-0.433947,
1629325940.000000,123595964.000000,0.128844,-1.329583,0.000000,0.000000,0.000000,-0.710948,0.703244,0.066728,0.000000,0.000000,0.000000,0.000000,-0.446919,
1629325940.000000,156595964.000000,0.128805,-1.331734,0.000000,0.000000,0.000000,-0.716052,0.698047,0.065194,0.000000,0.000000,0.000000,0.000000,-0.441515,
1629325940.000000,189595964.000000,0.128736,-1.333859,0.000000,0.000000,0.000000,-0.721030,0.692904,0.064427,0.000000,0.000000,0.000000,0.000000,-0.433752,
1629325940.000000,223595964.000000,0.128634,-1.336008,0.000000,0.000000,0.000000,-0.726143,0.687543,0.063277,0.000000,0.000000,0.000000,0.000000,-0.435784,
1629325940.000000,256595964.000000,0.128499,-1.338181,0.000000,0.000000,0.000000,-0.731175,0.682190,0.065961,0.000000,0.000000,0.000000,0.000000,-0.445283,
1629325940.000000,289595964.000000,0.128337,-1.340300,0.000000,0.000000,0.000000,-0.736103,0.676870,0.064427,0.000000,0.000000,0.000000,0.000000,-0.439481,
1629325940.000000,322595964.000000,0.128139,-1.342468,0.000000,0.000000,0.000000,-0.741118,0.671375,0.065961,0.000000,0.000000,0.000000,0.000000,-0.450860,
1629325940.000000,355595964.000000,0.127908,-1.344633,0.000000,0.000000,0.000000,-0.746007,0.665938,0.065961,0.000000,0.000000,0.000000,0.000000,-0.443191,
1629325940.000000,388595964.000000,0.127656,-1.346718,0.000000,0.000000,0.000000,-0.750750,0.660587,0.063660,0.000000,0.000000,0.000000,0.000000,-0.433347,
1629325940.000000,422595964.000000,0.127370,-1.348825,0.000000,0.000000,0.000000,-0.755596,0.655038,0.062532,0.000000,0.000000,0.000000,0.000000,-0.433357,
1629325940.000000,455595964.000000,0.127053,-1.350927,0.000000,0.000000,0.000000,-0.760300,0.649573,0.064427,0.000000,0.000000,0.000000,0.000000,-0.437010,
1629325940.000000,488595964.000000,0.126706,-1.353025,0.000000,0.000000,0.000000,-0.764881,0.644172,0.064427,0.000000,0.000000,0.000000,0.000000,-0.429229,
1629325940.000000,521595964.000000,0.126325,-1.355142,0.000000,0.000000,0.000000,-0.769505,0.638641,0.065194,0.000000,0.000000,0.000000,0.000000,-0.436938,
1629325940.000000,554595964.000000,0.125923,-1.357204,0.000000,0.000000,0.000000,-0.774063,0.633109,0.063660,0.000000,0.000000,0.000000,0.000000,-0.434373,
1629325940.000000,588595964.000000,0.125497,-1.359236,0.000000,0.000000,0.000000,-0.778482,0.627667,0.061043,0.000000,0.000000,0.000000,0.000000,-0.412387,
1629325940.000000,621595964.000000,0.125026,-1.361335,0.000000,0.000000,0.000000,-0.782992,0.622031,0.065194,0.000000,0.000000,0.000000,0.000000,-0.437476,
1629325940.000000,654595964.000000,0.124536,-1.363378,0.000000,0.000000,0.000000,-0.787481,0.616338,0.063660,0.000000,0.000000,0.000000,0.000000,-0.439391,
1629325940.000000,687595964.000000,0.124017,-1.365413,0.000000,0.000000,0.000000,-0.791802,0.610778,0.063660,0.000000,0.000000,0.000000,0.000000,-0.426755,
1629325940.000000,720595964.000000,0.123462,-1.367466,0.000000,0.000000,0.000000,-0.796152,0.605097,0.064427,0.000000,0.000000,0.000000,0.000000,-0.433673,
1629325940.000000,753595964.000000,0.122885,-1.369486,0.000000,0.000000,0.000000,-0.800477,0.599363,0.063660,0.000000,0.000000,0.000000,0.000000,-0.435280,
1629325940.000000,787595964.000000,0.122280,-1.371498,0.000000,0.000000,0.000000,-0.804618,0.593792,0.061788,0.000000,0.000000,0.000000,0.000000,-0.408313,
1629325940.000000,821595964.000000,0.121615,-1.373597,0.000000,0.000000,0.000000,-0.808958,0.587867,0.064766,0.000000,0.000000,0.000000,0.000000,-0.432029,
1629325940.000000,854595964.000000,0.120944,-1.375614,0.000000,0.000000,0.000000,-0.813173,0.582023,0.064427,0.000000,0.000000,0.000000,0.000000,-0.436696,
1629325940.000000,887595964.000000,0.120269,-1.377550,0.000000,0.000000,0.000000,-0.817218,0.576328,0.062126,0.000000,0.000000,0.000000,0.000000,-0.423374,
1629325940.000000,920595964.000000,0.119541,-1.379548,0.000000,0.000000,0.000000,-0.821319,0.570469,0.064427,0.000000,0.000000,0.000000,0.000000,-0.433416,
1629325940.000000,953595964.000000,0.118776,-1.381558,0.000000,0.000000,0.000000,-0.825409,0.564536,0.065194,0.000000,0.000000,0.000000,0.000000,-0.436739,
1629325940.000000,987595964.000000,0.118010,-1.383487,0.000000,0.000000,0.000000,-0.829343,0.558739,0.061043,0.000000,0.000000,0.000000,0.000000,-0.412114,
1629325941.000000,20595964.000000,0.117187,-1.385475,0.000000,0.000000,0.000000,-0.833320,0.552790,0.065194,0.000000,0.000000,0.000000,0.000000,-0.433683,
1629325941.000000,53595964.000000,0.116336,-1.387451,0.000000,0.000000,0.000000,-0.837303,0.546740,0.065194,0.000000,0.000000,0.000000,0.000000,-0.439001,
1629325941.000000,86595964.000000,0.115468,-1.389392,0.000000,0.000000,0.000000,-0.841109,0.540866,0.064427,0.000000,0.000000,0.000000,0.000000,-0.424212,
1629325941.000000,119595964.000000,0.114583,-1.391297,0.000000,0.000000,0.000000,-0.844942,0.534858,0.063660,0.000000,0.000000,0.000000,0.000000,-0.431928,
1629325941.000000,152595964.000000,0.113659,-1.393212,0.000000,0.000000,0.000000,-0.848792,0.528727,0.064427,0.000000,0.000000,0.000000,0.000000,-0.438741,
1629325941.000000,186595964.000000,0.112720,-1.395091,0.000000,0.000000,0.000000,-0.852448,0.522812,0.061788,0.000000,0.000000,0.000000,0.000000,-0.409063,
1629325941.000000,219595964.000000,0.111743,-1.396979,0.000000,0.000000,0.000000,-0.856123,0.516772,0.064427,0.000000,0.000000,0.000000,0.000000,-0.428467,
1629325941.000000,252595964.000000,0.110750,-1.398831,0.000000,0.000000,0.000000,-0.859843,0.510558,0.063660,0.000000,0.000000,0.000000,0.000000,-0.438929,
1629325941.000000,285595964.000000,0.109744,-1.400646,0.000000,0.000000,0.000000,-0.863357,0.504594,0.062893,0.000000,0.000000,0.000000,0.000000,-0.419552,
1629325941.000000,318595964.000000,0.108688,-1.402491,0.000000,0.000000,0.000000,-0.866863,0.498546,0.064427,0.000000,0.000000,0.000000,0.000000,-0.423677,
1629325941.000000,351595964.000000,0.107618,-1.404299,0.000000,0.000000,0.000000,-0.870450,0.492257,0.063660,0.000000,0.000000,0.000000,0.000000,-0.438748,
1629325941.000000,386595964.000000,0.106496,-1.406135,0.000000,0.000000,0.000000,-0.873942,0.486031,0.061469,0.000000,0.000000,0.000000,0.000000,-0.407927,
1629325941.000000,419595964.000000,0.105335,-1.407976,0.000000,0.000000,0.000000,-0.877376,0.479803,0.065961,0.000000,0.000000,0.000000,0.000000,-0.431046,
1629325941.000000,452595964.000000,0.104188,-1.409737,0.000000,0.000000,0.000000,-0.880897,0.473308,0.063660,0.000000,0.000000,0.000000,0.000000,-0.447765,
1629325941.000000,485595964.000000,0.103045,-1.411438,0.000000,0.000000,0.000000,-0.884182,0.467143,0.062126,0.000000,0.000000,0.000000,0.000000,-0.423330,
1629325941.000000,518595964.000000,0.101820,-1.413207,0.000000,0.000000,0.000000,-0.887498,0.460811,0.065194,0.000000,0.000000,0.000000,0.000000,-0.433235,
1629325941.000000,543642963.000000,0.100554,-1.414978,0.000000,0.000000,0.000000,-0.890883,0.454233,0.064021,0.000000,0.000000,0.000000,0.000000,-0.435142,
1629325941.000000,576642963.000000,0.099324,-1.416649,0.000000,0.000000,0.000000,-0.894040,0.447987,0.062893,0.000000,0.000000,0.000000,0.000000,-0.424154,
1629325941.000000,609642963.000000,0.098039,-1.418343,0.000000,0.000000,0.000000,-0.897232,0.441559,0.064427,0.000000,0.000000,0.000000,0.000000,-0.434977,
1629325941.000000,642642963.000000,0.096682,-1.420078,0.000000,0.000000,0.000000,-0.900492,0.434873,0.066728,0.000000,0.000000,0.000000,0.000000,-0.450813,
1629325941.000000,675642963.000000,0.095365,-1.421714,0.000000,0.000000,0.000000,-0.903566,0.428449,0.063660,0.000000,0.000000,0.000000,0.000000,-0.431588,
1629325941.000000,708642963.000000,0.093975,-1.423389,0.000000,0.000000,0.000000,-0.906645,0.421894,0.065961,0.000000,0.000000,0.000000,0.000000,-0.438958,
1629325941.000000,742642963.000000,0.092544,-1.425063,0.000000,0.000000,0.000000,-0.909798,0.415051,0.064766,0.000000,0.000000,0.000000,0.000000,-0.443178,
1629325941.000000,775642963.000000,0.091139,-1.426658,0.000000,0.000000,0.000000,-0.912773,0.408468,0.064427,0.000000,0.000000,0.000000,0.000000,-0.437852,
1629325941.000000,808642963.000000,0.089694,-1.428252,0.000000,0.000000,0.000000,-0.915704,0.401853,0.065194,0.000000,0.000000,0.000000,0.000000,-0.438466,
1629325941.000000,843642963.000000,0.088121,-1.429935,0.000000,0.000000,0.000000,-0.918800,0.394724,0.065808,0.000000,0.000000,0.000000,0.000000,-0.444119,
1629325941.000000,876642963.000000,0.086682,-1.431430,0.000000,0.000000,0.000000,-0.921617,0.388100,0.062893,0.000000,0.000000,0.000000,0.000000,-0.436263,
1629325941.000000,909642963.000000,0.085150,-1.432976,0.000000,0.000000,0.000000,-0.924400,0.381426,0.065961,0.000000,0.000000,0.000000,0.000000,-0.438278,
1629325941.000000,942642963.000000,0.083577,-1.434518,0.000000,0.000000,0.000000,-0.927210,0.374541,0.066728,0.000000,0.000000,0.000000,0.000000,-0.450676,
1629325941.000000,975642963.000000,0.082055,-1.435966,0.000000,0.000000,0.000000,-0.929851,0.367936,0.063660,0.000000,0.000000,0.000000,0.000000,-0.431104,
1629325942.000000,8642963.000000,0.080476,-1.437427,0.000000,0.000000,0.000000,-0.932471,0.361244,0.065194,0.000000,0.000000,0.000000,0.000000,-0.435598,
1629325942.000000,42642963.000000,0.078894,-1.438847,0.000000,0.000000,0.000000,-0.935125,0.354319,0.062532,0.000000,0.000000,0.000000,0.000000,-0.436187,
1629325942.000000,75642963.000000,0.077311,-1.440228,0.000000,0.000000,0.000000,-0.937608,0.347695,0.063660,0.000000,0.000000,0.000000,0.000000,-0.428734,
1629325942.000000,108642963.000000,0.075689,-1.441603,0.000000,0.000000,0.000000,-0.940052,0.341032,0.064427,0.000000,0.000000,0.000000,0.000000,-0.430122,
1629325942.000000,141642963.000000,0.074047,-1.442954,0.000000,0.000000,0.000000,-0.942508,0.334183,0.064427,0.000000,0.000000,0.000000,0.000000,-0.441017,
1629325942.000000,174642963.000000,0.072426,-1.444250,0.000000,0.000000,0.000000,-0.944822,0.327583,0.062893,0.000000,0.000000,0.000000,0.000000,-0.423858,
1629325942.000000,208642963.000000,0.070727,-1.445570,0.000000,0.000000,0.000000,-0.947109,0.320912,0.063277,0.000000,0.000000,0.000000,0.000000,-0.414806,
1629325942.000000,241642963.000000,0.069030,-1.446850,0.000000,0.000000,0.000000,-0.949430,0.313979,0.064427,0.000000,0.000000,0.000000,0.000000,-0.443126,
1629325942.000000,274642963.000000,0.067355,-1.448076,0.000000,0.000000,0.000000,-0.951606,0.307321,0.062893,0.000000,0.000000,0.000000,0.000000,-0.424515,
1629325942.000000,307642963.000000,0.065622,-1.449307,0.000000,0.000000,0.000000,-0.953743,0.300625,0.064427,0.000000,0.000000,0.000000,0.000000,-0.426018,
1629325942.000000,340642963.000000,0.063850,-1.450528,0.000000,0.000000,0.000000,-0.955897,0.293702,0.065194,0.000000,0.000000,0.000000,0.000000,-0.439427,
1629325942.000000,373642963.000000,0.062146,-1.451668,0.000000,0.000000,0.000000,-0.957935,0.286986,0.062126,0.000000,0.000000,0.000000,0.000000,-0.425317,
1629325942.000000,406642963.000000,0.060383,-1.452810,0.000000,0.000000,0.000000,-0.959919,0.280279,0.063660,0.000000,0.000000,0.000000,0.000000,-0.423894,
1629325942.000000,439642963.000000,0.058583,-1.453941,0.000000,0.000000,0.000000,-0.961915,0.273348,0.064427,0.000000,0.000000,0.000000,0.000000,-0.437137,
1629325942.000000,473642963.000000,0.056788,-1.455034,0.000000,0.000000,0.000000,-0.963814,0.266574,0.061788,0.000000,0.000000,0.000000,0.000000,-0.413839,
1629325942.000000,506642963.000000,0.054978,-1.456100,0.000000,0.000000,0.000000,-0.965660,0.259811,0.063660,0.000000,0.000000,0.000000,0.000000,-0.424891,
1629325942.000000,539642963.000000,0.053110,-1.457166,0.000000,0.000000,0.000000,-0.967504,0.252856,0.065194,0.000000,0.000000,0.000000,0.000000,-0.436075,
1629325942.000000,572642963.000000,0.051270,-1.458181,0.000000,0.000000,0.000000,-0.969258,0.246047,0.063660,0.000000,0.000000,0.000000,0.000000,-0.426133,
1629325942.000000,605642963.000000,0.049417,-1.459170,0.000000,0.000000,0.000000,-0.970962,0.239234,0.063660,0.000000,0.000000,0.000000,0.000000,-0.425657,
1629325942.000000,638642963.000000,0.047505,-1.460156,0.000000,0.000000,0.000000,-0.972674,0.232177,0.065194,0.000000,0.000000,0.000000,0.000000,-0.440077,
1629325942.000000,672642963.000000,0.045601,-1.461103,0.000000,0.000000,0.000000,-0.974308,0.225221,0.062532,0.000000,0.000000,0.000000,0.000000,-0.420332,
1629325942.000000,705642963.000000,0.043707,-1.462011,0.000000,0.000000,0.000000,-0.975865,0.218376,0.063660,0.000000,0.000000,0.000000,0.000000,-0.425433,
1629325942.000000,738642963.000000,0.041754,-1.462914,0.000000,0.000000,0.000000,-0.977411,0.211348,0.065194,0.000000,0.000000,0.000000,0.000000,-0.436096,
1629325942.000000,771642963.000000,0.039812,-1.463779,0.000000,0.000000,0.000000,-0.978890,0.204387,0.064427,0.000000,0.000000,0.000000,0.000000,-0.431299,
1629325942.000000,804642963.000000,0.037904,-1.464596,0.000000,0.000000,0.000000,-0.980291,0.197559,0.062893,0.000000,0.000000,0.000000,0.000000,-0.422456,
1629325942.000000,837642963.000000,0.035915,-1.465415,0.000000,0.000000,0.000000,-0.981677,0.190551,0.065194,0.000000,0.000000,0.000000,0.000000,-0.432968,
1629325942.000000,871642963.000000,0.033984,-1.466178,0.000000,0.000000,0.000000,-0.983008,0.183561,0.061043,0.000000,0.000000,0.000000,0.000000,-0.418558,
1629325942.000000,904642963.000000,0.032044,-1.466914,0.000000,0.000000,0.000000,-0.984244,0.176817,0.062893,0.000000,0.000000,0.000000,0.000000,-0.415520,
1629325942.000000,937642963.000000,0.030045,-1.467640,0.000000,0.000000,0.000000,-0.985476,0.169813,0.064427,0.000000,0.000000,0.000000,0.000000,-0.431010,
1629325942.000000,970642963.000000,0.028061,-1.468328,0.000000,0.000000,0.000000,-0.986672,0.162720,0.063660,0.000000,0.000000,0.000000,0.000000,-0.435966,
1629325943.000000,3642963.000000,0.026115,-1.468974,0.000000,0.000000,0.000000,-0.987765,0.155950,0.062126,0.000000,0.000000,0.000000,0.000000,-0.415578,
1629325943.000000,36642963.000000,0.024063,-1.469622,0.000000,0.000000,0.000000,-0.988857,0.148866,0.065194,0.000000,0.000000,0.000000,0.000000,-0.434428,
1629325943.000000,70642963.000000,0.021978,-1.470247,0.000000,0.000000,0.000000,-0.989923,0.141608,0.064021,0.000000,0.000000,0.000000,0.000000,-0.431524,
1629325943.000000,103642963.000000,0.020006,-1.470808,0.000000,0.000000,0.000000,-0.990886,0.134703,0.062126,0.000000,0.000000,0.000000,0.000000,-0.422536,
1629325943.000000,136642963.000000,0.017880,-1.471381,0.000000,0.000000,0.000000,-0.991829,0.127572,0.066728,0.000000,0.000000,0.000000,0.000000,-0.435952,
1629325943.000000,169642963.000000,0.015844,-1.471898,0.000000,0.000000,0.000000,-0.992736,0.120309,0.063660,0.000000,0.000000,0.000000,0.000000,-0.443596,
1629325943.000000,202642963.000000,0.013800,-1.472385,0.000000,0.000000,0.000000,-0.993552,0.113375,0.063660,0.000000,0.000000,0.000000,0.000000,-0.423179,
1629325943.000000,236642963.000000,0.011676,-1.472860,0.000000,0.000000,0.000000,-0.994354,0.106118,0.064021,0.000000,0.000000,0.000000,0.000000,-0.429427,
1629325943.000000,269642963.000000,0.009570,-1.473299,0.000000,0.000000,0.000000,-0.995113,0.098744,0.065194,0.000000,0.000000,0.000000,0.000000,-0.449267,
1629325943.000000,302642963.000000,0.007507,-1.473697,0.000000,0.000000,0.000000,-0.995784,0.091732,0.063660,0.000000,0.000000,0.000000,0.000000,-0.426950,
1629325943.000000,335642963.000000,0.009675,-1.473310,0.000000,0.000000,0.000000,0.996427,-0.084463,0.066728,0.000000,0.000000,0.000000,0.000000,189.957275,
1629325943.000000,368642963.000000,0.007552,-1.473657,0.000000,0.000000,0.000000,0.997027,-0.077049,0.065194,0.000000,0.000000,0.000000,0.000000,-0.450806,
1629325943.000000,401642963.000000,0.005448,-1.473968,0.000000,0.000000,0.000000,0.997549,-0.069967,0.064427,0.000000,0.000000,0.000000,0.000000,-0.430353,
1629325943.000000,434642963.000000,0.003291,-1.474256,0.000000,0.000000,0.000000,0.998035,-0.062661,0.065961,0.000000,0.000000,0.000000,0.000000,-0.443798,
1629325943.000000,468642963.000000,0.001104,-1.474516,0.000000,0.000000,0.000000,0.998474,-0.055230,0.064766,0.000000,0.000000,0.000000,0.000000,-0.437863,
1629325943.000000,501642963.000000,-0.000985,-1.474732,0.000000,0.000000,0.000000,0.998845,-0.048056,0.063660,0.000000,0.000000,0.000000,0.000000,-0.435352,
1629325943.000000,534642963.000000,-0.003154,-1.474925,0.000000,0.000000,0.000000,0.999169,-0.040749,0.065961,0.000000,0.000000,0.000000,0.000000,-0.443321,
1629325943.000000,567642963.000000,-0.005299,-1.475085,0.000000,0.000000,0.000000,0.999444,-0.033328,0.065194,0.000000,0.000000,0.000000,0.000000,-0.450040,
1629325943.000000,600642963.000000,-0.007421,-1.475211,0.000000,0.000000,0.000000,0.999656,-0.026244,0.064427,0.000000,0.000000,0.000000,0.000000,-0.429536,
1629325943.000000,633642963.000000,-0.009545,-1.475307,0.000000,0.000000,0.000000,0.999820,-0.018970,0.064427,0.000000,0.000000,0.000000,0.000000,-0.440944,
1629325943.000000,667642963.000000,-0.011721,-1.475374,0.000000,0.000000,0.000000,0.999933,-0.011601,0.064021,0.000000,0.000000,0.000000,0.000000,-0.433536,
1629325943.000000,700642963.000000,-0.013796,-1.475407,0.000000,0.000000,0.000000,0.999989,-0.004599,0.062893,0.000000,0.000000,0.000000,0.000000,-0.424363,
1629325943.000000,733642963.000000,-0.015897,-1.475412,0.000000,0.000000,0.000000,0.999997,0.002504,0.063660,0.000000,0.000000,0.000000,0.000000,-0.430512,
1629325943.000000,766642963.000000,-0.018048,-1.475385,0.000000,0.000000,0.000000,0.999952,0.009804,0.065194,0.000000,0.000000,0.000000,0.000000,-0.442389,
