1629325584.922079,0.000000,0.500256,-0.519748,0.198387,
1629325584.927621,0.000000,0.500256,-0.519745,0.198393,
1629325584.933169,0.000000,0.500260,-0.519743,0.198378,
1629325584.938724,0.000000,0.500268,-0.519746,0.198393,
1629325584.944283,0.000000,0.500268,-0.519742,0.198384,
1629325584.949848,0.000000,0.500258,-0.519731,0.198391,
1629325584.955386,0.000000,0.500266,-0.519750,0.198399,
1629325584.960946,0.000000,0.500261,-0.519736,0.198392,
1629325584.966505,0.000000,0.500268,-0.519753,0.198391,
1629325584.972088,0.000000,0.500269,-0.519730,0.198365,
1629325584.977644,0.000000,0.500249,-0.519752,0.198435,
1629325584.983217,0.000000,0.500267,-0.519745,0.198393,
1629325584.988754,0.000000,0.500264,-0.519746,0.198396,
1629325584.994323,0.000000,0.500271,-0.519736,0.198382,
1629325584.999877,0.000000,0.500267,-0.519736,0.198384,
1629325585.005431,0.000000,0.500264,-0.519745,0.198380,
1629325585.010987,0.000000,0.500277,-0.519751,0.198386,
1629325585.016547,0.000000,0.500265,-0.519733,0.198387,
1629325585.022089,0.000000,0.500277,-0.519749,0.198400,
1629325585.029951,0.000000,0.500267,-0.519741,0.198400,
1629325585.033202,0.000000,0.500266,-0.519739,0.198403,
1629325585.038762,0.000000,0.500267,-0.519737,0.198404,
1629325585.044334,0.000000,0.500256,-0.519732,0.198396,
1629325585.049874,0.000000,0.500259,-0.519733,0.198388,
1629325585.055421,0.000000,0.500268,-0.519754,0.198406,
1629325585.060978,0.000000,0.500274,-0.519748,0.198394,
1629325585.066529,0.000000,0.500273,-0.519743,0.198389,
1629325585.072036,0.000000,0.500259,-0.519739,0.198391,
1629325585.077592,0.000000,0.500277,-0.519739,0.198374,
1629325595.672106,0.000000,0.500239,-0.519736,0.198397,
1629325595.677659,0.000000,0.500262,-0.519741,0.198392,
1629325595.683207,0.000000,0.500260,-0.519751,0.198402,
1629325595.688777,0.000000,0.500261,-0.519754,0.198435,
1629325595.694331,0.000000,0.500257,-0.519746,0.198409,
1629325595.699888,0.000000,0.500261,-0.519739,0.198398,
1629325595.705446,0.000000,0.500250,-0.519750,0.198410,
1629325595.710993,0.000000,0.500264,-0.519746,0.198397,
1629325595.716549,0.000000,0.500243,-0.519741,0.198404,
1629325595.722108,0.000000,0.500254,-0.519751,0.198403,
1629325595.772113,0.000000,0.500832,-0.519939,0.198469,
1629325595.777664,0.000000,0.501212,-0.520069,0.198553,
1629325595.783212,0.000000,0.501618,-0.520103,0.198697,
1629325595.788765,0.000000,0.502201,-0.520234,0.198763,
1629325595.794320,0.000000,0.503079,-0.520520,0.198658,
1629325595.799877,0.000000,0.504040,-0.520801,0.198419,
1629325595.805434,0.000000,0.504706,-0.520833,0.198442,
1629325595.811002,0.000000,0.505047,-0.520596,0.198944,
1629325595.816553,0.000000,0.505889,-0.520619,0.198812,
1629325595.822111,0.000000,0.506715,-0.520806,0.198764,
1629325595.872119,0.000000,0.513404,-0.521785,0.198523,
1629325595.877670,0.000000,0.514110,-0.521860,0.198556,
1629325595.883212,0.000000,0.514740,-0.521999,0.198653,
1629325595.888771,0.000000,0.515450,-0.522157,0.198704,
1629325595.894328,0.000000,0.515950,-0.522127,0.198836,
1629325595.899961,0.000000,0.516612,-0.522350,0.198899,
1629325595.905442,0.000000,0.517269,-0.522485,0.198926,
1629325595.910993,0.000000,0.518380,-0.522957,0.198472,
1629325595.916556,0.000000,0.519071,-0.523093,0.198443,
1629325595.922132,0.000000,0.519504,-0.522908,0.198774,
1629325595.972107,0.000000,0.526420,-0.524117,0.198631,
1629325595.977620,0.000000,0.527121,-0.524298,0.198667,
1629325595.983182,0.000000,0.527815,-0.524528,0.198739,
1629325595.988764,0.000000,0.528497,-0.524762,0.198848,
1629325595.994298,0.000000,0.529211,-0.524978,0.198849,
1629325595.999848,0.000000,0.529877,-0.525170,0.198841,
1629325596.005406,0.000000,0.530568,-0.525369,0.198912,
1629325596.010968,0.000000,0.531375,-0.525566,0.198931,
1629325596.016515,0.000000,0.532007,-0.525679,0.198937,
1629325596.022069,0.000000,0.532760,-0.525845,0.198913,
1629325596.072072,0.000000,0.539670,-0.527247,0.198445,
1629325596.077626,0.000000,0.540444,-0.527491,0.198467,
1629325596.083217,0.000000,0.541265,-0.527665,0.198482,
1629325596.088763,0.000000,0.541904,-0.527897,0.198525,
1629325596.094336,0.000000,0.542484,-0.528130,0.198611,
1629325596.099876,0.000000,0.543124,-0.528463,0.198715,
1629325596.105425,0.000000,0.543785,-0.528680,0.198742,
1629325596.110995,0.000000,0.544530,-0.528936,0.198703,
1629325596.116544,0.000000,0.545289,-0.529120,0.198745,
1629325596.122112,0.000000,0.546004,-0.529324,0.198728,
1629325596.172106,0.000000,0.550985,-0.531364,0.199303,
1629325596.177654,0.000000,0.551476,-0.531648,0.199438,
1629325596.183209,0.000000,0.552015,-0.531962,0.199588,
1629325596.188846,0.000000,0.552853,-0.532558,0.199575,
1629325596.194320,0.000000,0.553515,-0.532854,0.199684,
1629325596.199884,0.000000,0.553895,-0.532780,0.199966,
1629325596.205434,0.000000,0.554789,-0.533189,0.199923,
1629325596.210994,0.000000,0.555509,-0.533488,0.199980,
1629325596.216526,0.000000,0.556349,-0.533816,0.200081,
1629325596.222129,0.000000,0.556934,-0.534044,0.200112,
1629325596.272105,0.000000,0.564195,-0.536159,0.199672,
1629325596.277661,0.000000,0.565075,-0.536373,0.199399,
1629325596.283210,0.000000,0.565748,-0.536330,0.199340,
1629325596.288762,0.000000,0.566782,-0.536554,0.199042,
1629325596.294317,0.000000,0.567556,-0.536638,0.198841,
1629325596.299879,0.000000,0.568420,-0.536853,0.198630,
1629325596.305434,0.000000,0.569310,-0.537085,0.198387,
1629325596.310993,0.000000,0.570078,-0.537395,0.198440,
1629325596.316540,0.000000,0.570962,-0.537879,0.198425,
1629325596.322102,0.000000,0.571842,-0.538159,0.198313,
1629325596.372113,0.000000,0.577985,-0.540278,0.197986,
1629325596.377677,0.000000,0.578655,-0.540522,0.198063,
1629325596.383226,0.000000,0.579179,-0.540725,0.198231,
1629325596.388781,0.000000,0.579763,-0.540950,0.198251,
1629325596.394292,0.000000,0.580388,-0.541205,0.198357,
1629325596.399862,0.000000,0.581335,-0.541885,0.198214,
1629325596.405409,0.000000,0.581894,-0.542181,0.198304,
1629325596.410968,0.000000,0.582502,-0.542505,0.198192,
1629325596.416518,0.000000,0.583097,-0.542742,0.198171,
1629325596.422089,0.000000,0.583780,-0.543028,0.198213,
1629325596.472074,0.000000,0.589809,-0.544822,0.198151,
1629325596.477732,0.000000,0.590849,-0.545946,0.198149,
1629325596.483190,0.000000,0.591532,-0.546293,0.198233,
1629325596.488748,0.000000,0.592071,-0.546580,0.198288,
1629325596.494343,0.000000,0.592612,-0.546835,0.198264,
1629325596.499901,0.000000,0.593323,-0.547228,0.198240,
1629325596.505453,0.000000,0.593884,-0.547452,0.198238,
1629325596.511003,0.000000,0.594534,-0.547819,0.198421,
1629325596.516553,0.000000,0.595231,-0.547914,0.198416,
1629325596.522119,0.000000,0.596029,-0.548495,0.198416,
1629325596.572124,0.000000,0.602398,-0.551274,0.197965,
1629325596.577672,0.000000,0.602969,-0.551591,0.198056,
1629325596.583225,0.000000,0.603525,-0.551896,0.198250,
1629325596.588779,0.000000,0.604077,-0.552269,0.198316,
1629325596.594333,0.000000,0.604867,-0.552755,0.198286,
1629325596.599900,0.000000,0.605396,-0.553138,0.198284,
1629325596.605455,0.000000,0.605939,-0.553450,0.198283,
1629325596.611010,0.000000,0.606353,-0.553537,0.198280,
1629325596.616566,0.000000,0.606952,-0.553749,0.198334,
1629325596.622213,0.000000,0.607806,-0.554359,0.198273,
1629325596.672122,0.000000,0.614058,-0.557425,0.197818,
1629325596.677678,0.000000,0.614717,-0.557867,0.197877,
1629325596.683236,0.000000,0.615333,-0.558212,0.197907,
1629325596.688790,0.000000,0.615861,-0.558601,0.198046,
1629325596.694361,0.000000,0.616450,-0.559005,0.198073,
1629325596.699904,0.000000,0.616984,-0.559351,0.198095,
1629325596.705460,0.000000,0.617505,-0.559612,0.198150,
1629325596.711013,0.000000,0.618248,-0.560156,0.198047,
1629325596.716562,0.000000,0.618909,-0.560535,0.198016,
1629325596.722116,0.000000,0.619296,-0.560196,0.198070,
1629325596.772223,0.000000,0.625648,-0.564188,0.197651,
1629325596.777682,0.000000,0.626258,-0.564680,0.197714,
1629325596.783229,0.000000,0.626849,-0.565086,0.197836,
1629325596.788774,0.000000,0.627482,-0.565639,0.197826,
1629325596.794338,0.000000,0.628045,-0.566025,0.197855,
1629325596.799898,0.000000,0.628590,-0.566418,0.197880,
1629325596.805454,0.000000,0.629030,-0.566739,0.197978,
1629325596.810990,0.000000,0.629638,-0.567155,0.198026,
1629325596.816529,0.000000,0.630282,-0.567571,0.198008,
1629325596.822073,0.000000,0.630933,-0.567932,0.198016,
1629325596.872077,0.000000,0.636787,-0.570757,0.197367,
1629325596.877645,0.000000,0.637658,-0.572023,0.197353,
1629325596.883194,0.000000,0.638198,-0.572494,0.197434,
1629325596.888740,0.000000,0.638890,-0.573103,0.197459,
1629325596.894302,0.000000,0.639174,-0.572677,0.197587,
1629325596.899865,0.000000,0.639734,-0.573096,0.197603,
1629325596.905416,0.000000,0.640465,-0.574370,0.197607,
1629325596.910980,0.000000,0.641007,-0.574760,0.197616,
1629325596.916632,0.000000,0.641587,-0.575197,0.197750,
1629325596.922066,0.000000,0.642199,-0.575594,0.197730,
1629325596.972078,0.000000,0.648068,-0.579547,0.197308,
1629325596.977645,0.000000,0.648676,-0.580062,0.197276,
1629325596.983224,0.000000,0.649140,-0.580501,0.197425,
1629325596.988767,0.000000,0.649707,-0.581029,0.197596,
1629325596.994299,0.000000,0.650187,-0.581408,0.197678,
1629325596.999850,0.000000,0.650620,-0.581715,0.197867,
1629325597.005410,0.000000,0.651006,-0.582153,0.198029,
1629325597.010969,0.000000,0.651591,-0.581952,0.197713,
1629325597.016533,0.000000,0.652188,-0.582357,0.197773,
1629325597.022110,0.000000,0.652722,-0.582763,0.197763,
1629325597.072058,0.000000,0.658541,-0.587376,0.197219,
1629325597.077624,0.000000,0.659139,-0.587892,0.197229,
1629325597.083185,0.000000,0.659505,-0.588120,0.197531,
1629325597.088837,0.000000,0.659996,-0.588747,0.197729,
1629325597.094280,0.000000,0.660402,-0.589222,0.197759,
1629325597.099842,0.000000,0.661195,-0.589933,0.197601,
1629325597.105398,0.000000,0.661683,-0.590323,0.197573,
1629325597.110965,0.000000,0.661962,-0.590561,0.197746,
1629325597.116512,0.000000,0.662513,-0.591283,0.197804,
1629325597.122066,0.000000,0.663020,-0.591842,0.197744,
1629325597.172111,0.000000,0.668685,-0.596323,0.197199,
1629325597.177673,0.000000,0.669283,-0.596985,0.197188,
1629325597.183226,0.000000,0.669834,-0.597692,0.197172,
1629325597.188781,0.000000,0.670279,-0.598064,0.197266,
1629325597.194336,0.000000,0.670776,-0.598626,0.197317,
1629325597.199881,0.000000,0.671253,-0.599004,0.197379,
1629325597.205491,0.000000,0.671779,-0.599660,0.197311,
1629325597.210985,0.000000,0.672206,-0.600110,0.197387,
1629325597.216549,0.000000,0.672712,-0.600613,0.197361,
1629325597.222124,0.000000,0.673214,-0.601143,0.197408,
1629325597.272063,0.000000,0.678154,-0.605309,0.197366,
1629325597.277641,0.000000,0.678717,-0.605780,0.197480,
1629325597.283251,0.000000,0.679355,-0.606520,0.197447,
1629325597.288749,0.000000,0.679783,-0.607070,0.197600,
1629325597.294293,0.000000,0.680341,-0.607585,0.197462,
1629325597.299851,0.000000,0.680775,-0.608167,0.197479,
1629325597.305419,0.000000,0.681081,-0.608630,0.197679,
1629325597.310967,0.000000,0.681523,-0.609036,0.197637,
1629325597.316514,0.000000,0.682213,-0.609735,0.197283,
1629325597.322062,0.000000,0.682472,-0.610082,0.197573,
1629325597.372119,0.000000,0.687549,-0.614718,0.197245,
1629325597.377617,0.000000,0.688321,-0.615516,0.196780,
1629325597.383198,0.000000,0.688841,-0.616207,0.196826,
1629325597.388805,0.000000,0.689307,-0.616724,0.196907,
1629325597.394277,0.000000,0.689830,-0.617503,0.196963,
1629325597.399841,0.000000,0.690219,-0.617926,0.197105,
1629325597.405399,0.000000,0.690649,-0.618470,0.197114,
1629325597.410954,0.000000,0.691034,-0.618981,0.197211,
1629325597.416519,0.000000,0.691403,-0.619479,0.197260,
1629325597.422064,0.000000,0.691851,-0.620118,0.197071,
1629325597.472070,0.000000,0.696572,-0.625053,0.196974,
1629325597.477615,0.000000,0.696972,-0.625381,0.196935,
1629325597.483169,0.000000,0.697436,-0.626090,0.197072,
1629325597.488733,0.000000,0.697811,-0.626578,0.197209,
1629325597.494363,0.000000,0.698237,-0.627229,0.197030,
1629325597.499832,0.000000,0.698717,-0.627881,0.197251,
1629325597.505392,0.000000,0.699125,-0.628371,0.197322,
1629325597.510948,0.000000,0.699551,-0.629074,0.197391,
1629325597.516505,0.000000,0.699739,-0.629424,0.197840,
1629325597.522063,0.000000,0.700309,-0.630019,0.197497,
1629325597.572062,0.000000,0.704825,-0.634826,0.196772,
1629325597.577617,0.000000,0.705481,-0.635574,0.196878,
1629325597.583169,0.000000,0.705829,-0.636403,0.197121,
1629325597.588742,0.000000,0.706391,-0.636688,0.196922,
1629325597.594265,0.000000,0.706702,-0.637282,0.197130,
1629325597.599824,0.000000,0.707052,-0.638207,0.197467,
1629325597.605402,0.000000,0.707232,-0.638348,0.197571,
1629325597.610936,0.000000,0.707537,-0.638995,0.197775,
1629325597.616503,0.000000,0.707930,-0.639712,0.197934,
1629325597.622062,0.000000,0.708543,-0.640519,0.197505,
1629325597.672113,0.000000,0.712599,-0.645566,0.197367,
1629325597.677664,0.000000,0.712766,-0.645471,0.198023,
1629325597.683267,0.000000,0.713208,-0.646054,0.198158,
1629325597.688785,0.000000,0.713886,-0.646968,0.197676,
1629325597.694314,0.000000,0.714082,-0.647322,0.197989,
1629325597.699889,0.000000,0.714583,-0.648476,0.198377,
1629325597.705440,0.000000,0.714977,-0.649400,0.197456,
1629325597.710998,0.000000,0.715258,-0.649890,0.197499,
1629325597.716555,0.000000,0.715417,-0.649691,0.198530,
1629325597.722110,0.000000,0.716414,-0.651570,0.196576,
1629325597.772059,0.000000,0.719939,-0.655846,0.198034,
1629325597.777609,0.000000,0.720356,-0.656482,0.198012,
1629325597.783310,0.000000,0.720789,-0.657167,0.198208,
1629325597.788721,0.000000,0.720991,-0.657829,0.198564,
1629325597.794275,0.000000,0.721779,-0.659434,0.197571,
1629325597.799833,0.000000,0.721467,-0.658865,0.198864,
1629325597.805392,0.000000,0.722428,-0.660618,0.197478,
1629325597.810947,0.000000,0.722695,-0.660701,0.197606,
1629325597.816488,0.000000,0.722788,-0.661377,0.198880,
1629325597.822059,0.000000,0.722332,-0.661242,0.200416,
1629325597.872093,0.000000,0.727368,-0.668082,0.197801,
1629325597.877650,0.000000,0.727974,-0.669020,0.197404,
1629325597.883210,0.000000,0.728214,-0.669345,0.197796,
1629325597.888773,0.000000,0.728644,-0.669952,0.197764,
1629325597.894318,0.000000,0.728966,-0.670662,0.197781,
1629325597.899878,0.000000,0.729298,-0.671303,0.197789,
1629325597.905432,0.000000,0.729746,-0.672786,0.197335,
1629325597.910989,0.000000,0.730314,-0.673457,0.196951,
1629325597.916547,0.000000,0.730228,-0.673738,0.197512,
1629325597.922101,0.000000,0.730410,-0.673812,0.198040,
1629325597.972067,0.000000,0.734256,-0.680000,0.197050,
1629325597.977635,0.000000,0.734743,-0.680961,0.196850,
1629325597.983189,0.000000,0.734834,-0.680981,0.197580,
1629325597.988745,0.000000,0.735003,-0.681545,0.198077,
1629325597.994291,0.000000,0.735251,-0.682286,0.198256,
1629325597.999843,0.000000,0.735699,-0.683074,0.198032,
1629325598.005407,0.000000,0.735844,-0.683891,0.198363,
1629325598.010942,0.000000,0.736012,-0.684394,0.198577,
1629325598.016502,0.000000,0.736519,-0.685271,0.198156,
1629325598.022077,0.000000,0.737536,-0.687009,0.196614,
1629325598.072188,0.000000,0.740798,-0.692768,0.196408,
1629325598.077702,0.000000,0.741104,-0.693317,0.196462,
1629325598.083208,0.000000,0.741492,-0.694076,0.196285,
1629325598.088763,0.000000,0.741462,-0.694224,0.197098,
1629325598.094316,0.000000,0.742023,-0.695399,0.196327,
1629325598.099882,0.000000,0.742307,-0.696071,0.196662,
1629325598.105434,0.000000,0.742191,-0.696252,0.197389,
1629325598.110983,0.000000,0.742388,-0.696811,0.197444,
1629325598.116537,0.000000,0.742663,-0.697380,0.197314,
1629325598.122090,0.000000,0.742933,-0.698021,0.197292,
1629325598.172092,0.000000,0.746132,-0.704438,0.196562,
1629325598.177647,0.000000,0.746401,-0.704844,0.196731,
1629325598.183255,0.000000,0.746706,-0.705392,0.196637,
1629325598.188772,0.000000,0.746982,-0.706082,0.196689,
1629325598.194324,0.000000,0.747184,-0.706960,0.196902,
1629325598.199862,0.000000,0.747316,-0.707615,0.197128,
1629325598.205418,0.000000,0.747392,-0.708184,0.197405,
1629325598.210980,0.000000,0.747538,-0.708862,0.197501,
1629325598.216629,0.000000,0.748001,-0.709738,0.197003,
1629325598.222094,0.000000,0.748242,-0.710291,0.196945,
1629325598.272061,0.000000,0.751202,-0.717401,0.196163,
1629325598.277615,0.000000,0.751513,-0.718028,0.196025,
1629325598.283176,0.000000,0.751805,-0.718817,0.195971,
1629325598.288719,0.000000,0.751705,-0.718902,0.196755,
1629325598.294277,0.000000,0.751927,-0.719676,0.196761,
1629325598.299822,0.000000,0.752101,-0.720200,0.196916,
1629325598.305380,0.000000,0.752453,-0.721070,0.196693,
1629325598.310965,0.000000,0.752625,-0.721581,0.196808,
1629325598.316503,0.000000,0.752801,-0.722449,0.196786,
1629325598.322056,0.000000,0.753106,-0.722952,0.196741,
1629325598.372055,0.000000,0.755361,-0.729447,0.196517,
1629325598.377639,0.000000,0.755825,-0.730691,0.196154,
1629325598.383198,0.000000,0.756067,-0.731402,0.196097,
1629325598.388753,0.000000,0.756339,-0.732209,0.196040,
1629325598.394307,0.000000,0.756587,-0.732935,0.195957,
1629325598.399862,0.000000,0.756714,-0.733597,0.196044,
1629325598.405414,0.000000,0.756832,-0.734257,0.196099,
1629325598.410985,0.000000,0.757236,-0.734996,0.195736,
1629325598.416557,0.000000,0.757381,-0.735709,0.195753,
1629325598.422089,0.000000,0.757446,-0.736417,0.195993,
1629325598.472122,0.000000,0.759695,-0.743082,0.195251,
1629325598.477617,0.000000,0.759954,-0.743829,0.195076,
1629325598.483171,0.000000,0.760126,-0.744499,0.195213,
1629325598.488723,0.000000,0.760444,-0.745175,0.195193,
1629325598.494281,0.000000,0.760654,-0.745907,0.195192,
1629325598.499827,0.000000,0.760779,-0.746574,0.195294,
1629325598.505384,0.000000,0.760901,-0.747238,0.195385,
1629325598.511033,0.000000,0.760951,-0.748019,0.195575,
1629325598.516491,0.000000,0.761041,-0.748626,0.195695,
1629325598.522045,0.000000,0.761178,-0.749292,0.195677,
1629325598.577636,0.000000,0.763036,-0.756477,0.195237,
1629325598.583196,0.000000,0.763220,-0.757123,0.195169,
1629325598.588761,0.000000,0.763539,-0.757942,0.195073,
1629325598.594317,0.000000,0.763607,-0.758566,0.195164,
1629325598.599874,0.000000,0.764094,-0.759567,0.194898,
1629325598.605466,0.000000,0.764088,-0.760294,0.195020,
1629325598.610969,0.000000,0.764138,-0.760745,0.195305,
1629325598.616536,0.000000,0.764110,-0.761330,0.195435,
1629325598.622092,0.000000,0.764459,-0.762190,0.195089,
1629325598.627652,0.000000,0.764364,-0.762677,0.195404,
1629325598.672079,0.000000,0.765620,-0.768548,0.195155,
1629325598.677635,0.000000,0.765395,-0.768751,0.195641,
1629325598.683200,0.000000,0.765541,-0.769536,0.195700,
1629325598.688769,0.000000,0.766073,-0.770842,0.195028,
1629325598.694303,0.000000,0.766172,-0.771304,0.195278,
1629325598.699862,0.000000,0.766265,-0.772020,0.195328,
1629325598.705415,0.000000,0.766718,-0.773001,0.194971,
1629325598.710971,0.000000,0.766353,-0.773113,0.195677,
1629325598.716538,0.000000,0.766714,-0.774223,0.195406,
1629325598.722085,0.000000,0.766972,-0.775338,0.194990,
1629325598.772112,0.000000,0.767681,-0.781566,0.195046,
1629325598.777641,0.000000,0.767861,-0.782335,0.194970,
1629325598.783163,0.000000,0.767949,-0.782928,0.195120,
1629325598.788714,0.000000,0.768500,-0.784231,0.194550,
1629325598.794278,0.000000,0.768629,-0.784967,0.194535,
1629325598.799928,0.000000,0.768325,-0.785469,0.195041,
1629325598.805388,0.000000,0.768387,-0.786143,0.195127,
1629325598.810942,0.000000,0.768444,-0.786861,0.195129,
1629325598.816490,0.000000,0.768378,-0.787333,0.195422,
1629325598.822047,0.000000,0.768234,-0.787798,0.195673,
1629325598.872048,0.000000,0.769536,-0.794767,0.194646,
1629325598.877616,0.000000,0.769403,-0.795573,0.194819,
1629325598.883164,0.000000,0.769504,-0.796363,0.194806,
1629325598.888759,0.000000,0.769586,-0.797056,0.194938,
1629325598.894314,0.000000,0.769853,-0.797795,0.194955,
1629325598.899863,0.000000,0.769882,-0.798550,0.194982,
1629325598.905418,0.000000,0.769835,-0.799258,0.195121,
1629325598.910979,0.000000,0.769917,-0.800141,0.194917,
1629325598.916538,0.000000,0.769911,-0.800790,0.194965,
1629325598.922091,0.000000,0.769896,-0.801412,0.195061,
1629325598.972085,0.000000,0.770218,-0.807797,0.195043,
1629325598.977648,0.000000,0.770400,-0.808718,0.194712,
1629325598.983212,0.000000,0.770432,-0.809270,0.194896,
1629325598.988762,0.000000,0.770684,-0.810463,0.194560,
1629325598.994307,0.000000,0.770718,-0.811036,0.194788,
1629325598.999899,0.000000,0.770733,-0.811805,0.194832,
1629325599.005400,0.000000,0.770721,-0.812547,0.194929,
1629325599.010965,0.000000,0.770616,-0.813109,0.195320,
1629325599.016534,0.000000,0.770525,-0.813741,0.195271,
1629325599.022082,0.000000,0.770520,-0.814330,0.195315,
1629325599.072087,0.000000,0.770635,-0.821094,0.195051,
1629325599.077645,0.000000,0.770654,-0.821797,0.194972,
1629325599.083194,0.000000,0.770728,-0.822419,0.194897,
1629325599.088851,0.000000,0.770867,-0.823189,0.194936,
1629325599.094373,0.000000,0.770799,-0.823976,0.194959,
1629325599.099909,0.000000,0.770825,-0.824852,0.194972,
1629325599.105464,0.000000,0.770763,-0.825512,0.195055,
1629325599.111029,0.000000,0.770896,-0.826283,0.195116,
1629325599.116585,0.000000,0.770857,-0.826959,0.195119,
1629325599.122125,0.000000,0.770773,-0.827597,0.195266,
1629325599.172137,0.000000,0.770445,-0.834348,0.195066,
1629325599.177690,0.000000,0.770357,-0.835156,0.194939,
1629325599.183249,0.000000,0.770382,-0.835913,0.194918,
1629325599.188800,0.000000,0.770550,-0.836721,0.194844,
1629325599.194340,0.000000,0.770555,-0.837478,0.194769,
1629325599.199858,0.000000,0.770609,-0.838210,0.194756,
1629325599.205441,0.000000,0.770548,-0.839007,0.194801,
1629325599.210966,0.000000,0.770267,-0.839713,0.195091,
1629325599.216527,0.000000,0.770167,-0.840418,0.195214,
1629325599.222085,0.000000,0.770081,-0.841141,0.195220,
1629325599.272081,0.000000,0.770160,-0.847630,0.194805,
1629325599.277641,0.000000,0.770138,-0.848612,0.194610,
1629325599.283193,0.000000,0.770091,-0.849460,0.194601,
1629325599.288767,0.000000,0.770191,-0.850381,0.194456,
1629325599.294304,0.000000,0.770044,-0.851112,0.194450,
1629325599.299912,0.000000,0.769720,-0.851675,0.194691,
1629325599.305493,0.000000,0.769314,-0.852502,0.194874,
1629325599.311023,0.000000,0.769208,-0.853184,0.195004,
1629325599.316575,0.000000,0.769116,-0.853872,0.195086,
1629325599.322138,0.000000,0.769015,-0.854557,0.195119,
1629325599.372147,0.000000,0.768602,-0.861307,0.194829,
1629325599.377769,0.000000,0.768491,-0.861983,0.194819,
1629325599.383292,0.000000,0.768682,-0.862783,0.194498,
1629325599.388808,0.000000,0.768434,-0.863561,0.194577,
1629325599.394355,0.000000,0.768415,-0.864346,0.194481,
1629325599.399910,0.000000,0.768306,-0.865140,0.194521,
1629325599.405462,0.000000,0.768445,-0.866147,0.194497,
1629325599.411020,0.000000,0.768268,-0.866871,0.194673,
1629325599.416571,0.000000,0.768142,-0.867536,0.194704,
1629325599.422129,0.000000,0.767711,-0.868182,0.194878,
1629325599.472136,0.000000,0.766627,-0.874728,0.194721,
1629325599.477681,0.000000,0.766530,-0.875580,0.194673,
1629325599.483239,0.000000,0.766528,-0.876425,0.194561,
1629325599.488806,0.000000,0.766436,-0.877216,0.194472,
1629325599.494354,0.000000,0.766313,-0.878097,0.194319,
1629325599.499922,0.000000,0.766281,-0.878998,0.194301,
1629325599.505458,0.000000,0.765994,-0.879584,0.194460,
1629325599.511007,0.000000,0.765783,-0.880273,0.194624,
1629325599.516576,0.000000,0.765568,-0.880941,0.194797,
1629325599.522204,0.000000,0.765411,-0.881616,0.194790,
1629325599.572129,0.000000,0.764130,-0.888324,0.194580,
1629325599.577685,0.000000,0.764166,-0.889187,0.194534,
1629325599.583242,0.000000,0.764062,-0.889967,0.194446,
1629325599.588794,0.000000,0.763963,-0.890717,0.194398,
1629325599.594347,0.000000,0.763841,-0.891488,0.194325,
1629325599.599907,0.000000,0.763637,-0.892255,0.194334,
1629325599.605453,0.000000,0.763363,-0.893112,0.194380,
1629325599.611012,0.000000,0.763388,-0.893989,0.194483,
1629325599.616577,0.000000,0.763167,-0.894583,0.194561,
1629325599.622127,0.000000,0.762739,-0.895019,0.194596,
1629325599.672134,0.000000,0.761254,-0.901634,0.194520,
1629325599.677685,0.000000,0.761090,-0.902411,0.194407,
1629325599.683244,0.000000,0.760931,-0.903181,0.194301,
1629325599.688791,0.000000,0.760752,-0.904057,0.194322,
1629325599.694348,0.000000,0.760614,-0.904934,0.194218,
1629325599.699907,0.000000,0.760312,-0.905701,0.194174,
1629325599.705454,0.000000,0.760093,-0.906373,0.194233,
1629325599.711008,0.000000,0.759824,-0.906967,0.194447,
1629325599.716564,0.000000,0.759512,-0.907712,0.194432,
1629325599.722122,0.000000,0.759288,-0.908279,0.194526,
1629325599.772118,0.000000,0.757517,-0.914745,0.194250,
1629325599.777680,0.000000,0.757316,-0.915490,0.194113,
1629325599.783286,0.000000,0.757147,-0.916239,0.194018,
1629325599.788795,0.000000,0.757074,-0.916980,0.193922,
1629325599.794354,0.000000,0.756939,-0.917799,0.194101,
1629325599.799922,0.000000,0.756726,-0.918440,0.194040,
1629325599.805456,0.000000,0.756491,-0.919291,0.194026,
1629325599.811101,0.000000,0.756269,-0.919912,0.194148,
1629325599.816566,0.000000,0.756049,-0.920496,0.194111,
1629325599.822123,0.000000,0.755675,-0.921305,0.194100,
1629325599.872108,0.000000,0.753707,-0.927043,0.194196,
1629325599.877683,0.000000,0.753490,-0.927790,0.194056,
1629325599.883224,0.000000,0.753325,-0.928512,0.193907,
1629325599.888778,0.000000,0.753061,-0.929427,0.193749,
1629325599.894346,0.000000,0.752724,-0.930204,0.193667,
1629325599.899892,0.000000,0.752563,-0.930928,0.193767,
1629325599.905460,0.000000,0.752428,-0.931523,0.193748,
1629325599.911057,0.000000,0.752261,-0.932234,0.193774,
1629325599.916599,0.000000,0.751980,-0.932903,0.193771,
1629325599.922120,0.000000,0.751638,-0.933585,0.193793,
1629325599.972116,0.000000,0.748943,-0.939762,0.193959,
1629325599.977680,0.000000,0.748692,-0.940434,0.193819,
1629325599.983239,0.000000,0.748617,-0.940942,0.193625,
1629325599.988788,0.000000,0.748409,-0.941700,0.193480,
1629325599.994348,0.000000,0.748203,-0.942407,0.193357,
1629325599.999906,0.000000,0.747692,-0.943466,0.193372,
1629325600.005659,0.000000,0.747608,-0.943946,0.193370,
1629325600.011009,0.000000,0.747099,-0.944846,0.193550,
1629325600.016553,0.000000,0.746880,-0.945736,0.193663,
1629325600.022116,0.000000,0.746436,-0.946194,0.193560,
1629325600.072065,0.000000,0.743985,-0.952151,0.193681,
1629325600.077623,0.000000,0.743714,-0.952946,0.193581,
1629325600.083182,0.000000,0.743466,-0.953504,0.193525,
1629325600.088732,0.000000,0.743161,-0.954399,0.193525,
1629325600.094341,0.000000,0.742894,-0.955086,0.193443,
1629325600.099847,0.000000,0.742787,-0.955768,0.193328,
1629325600.105692,0.000000,0.742372,-0.956477,0.193309,
1629325600.110947,0.000000,0.742077,-0.957174,0.193354,
1629325600.116517,0.000000,0.741669,-0.957859,0.193489,
1629325600.122059,0.000000,0.741322,-0.958448,0.193548,
1629325600.172097,0.000000,0.738413,-0.964258,0.193437,
1629325600.177669,0.000000,0.738135,-0.964891,0.193147,
1629325600.183243,0.000000,0.737850,-0.965719,0.193280,
1629325600.188779,0.000000,0.737430,-0.966249,0.193290,
1629325600.194328,0.000000,0.737148,-0.966907,0.193198,
1629325600.199889,0.000000,0.736857,-0.967547,0.193010,
1629325600.205440,0.000000,0.736564,-0.968091,0.192994,
1629325600.210991,0.000000,0.736163,-0.968732,0.193044,
1629325600.216532,0.000000,0.735667,-0.969587,0.193154,
1629325600.222091,0.000000,0.735308,-0.970220,0.193195,
1629325600.227652,0.000000,0.734980,-0.970787,0.193225,
1629325600.233203,0.000000,0.734606,-0.971415,0.193264,
1629325600.238767,0.000000,0.734292,-0.971963,0.193235,
1629325600.244314,0.000000,0.734176,-0.972599,0.193002,
1629325600.377682,0.000000,0.725160,-0.988138,0.193098,
1629325600.383237,0.000000,0.724728,-0.988934,0.193013,
1629325600.388778,0.000000,0.724351,-0.989601,0.192976,
1629325600.394411,0.000000,0.723960,-0.990409,0.192792,
1629325600.399893,0.000000,0.723670,-0.991090,0.192658,
1629325600.405468,0.000000,0.723230,-0.991726,0.192634,
1629325600.411029,0.000000,0.722663,-0.992204,0.193042,
1629325600.416571,0.000000,0.722247,-0.992938,0.193121,
1629325600.422138,0.000000,0.721973,-0.993273,0.193198,
1629325600.427671,0.000000,0.721605,-0.994155,0.193065,
1629325600.472131,0.000000,0.718164,-0.998525,0.193221,
1629325600.477680,0.000000,0.717683,-0.998790,0.193147,
1629325600.483226,0.000000,0.717395,-0.999604,0.192938,
1629325600.488798,0.000000,0.717021,-1.000105,0.192878,
1629325600.494353,0.000000,0.716696,-1.001143,0.192866,
1629325600.499906,0.000000,0.716211,-1.002017,0.192923,
1629325600.505461,0.000000,0.715873,-1.002653,0.192807,
1629325600.511034,0.000000,0.715445,-1.003435,0.192689,
1629325600.516569,0.000000,0.715155,-1.003795,0.192718,
1629325600.522124,0.000000,0.714682,-1.004411,0.192863,
1629325600.572119,0.000000,0.711095,-1.009276,0.193114,
1629325600.577682,0.000000,0.710490,-1.009953,0.193109,
1629325600.583235,0.000000,0.709997,-1.010776,0.193003,
1629325600.588785,0.000000,0.709616,-1.011048,0.192981,
1629325600.594341,0.000000,0.709142,-1.011672,0.193099,
1629325600.599924,0.000000,0.708772,-1.012297,0.192982,
1629325600.605455,0.000000,0.708400,-1.013360,0.192758,
1629325600.611019,0.000000,0.707807,-1.013801,0.192685,
1629325600.616573,0.000000,0.707439,-1.014351,0.192683,
1629325600.622123,0.000000,0.706886,-1.014929,0.192855,
1629325600.672119,0.000000,0.702945,-1.020028,0.193044,
1629325600.677676,0.000000,0.702593,-1.020372,0.193023,
1629325600.683358,0.000000,0.702069,-1.021030,0.192840,
1629325600.688776,0.000000,0.701417,-1.021473,0.193071,
1629325600.694343,0.000000,0.700895,-1.022216,0.192944,
1629325600.699902,0.000000,0.700541,-1.023123,0.192687,
1629325600.705461,0.000000,0.700040,-1.023646,0.192710,
1629325600.711008,0.000000,0.699676,-1.024055,0.192706,
1629325600.716572,0.000000,0.699256,-1.024549,0.192752,
1629325600.722128,0.000000,0.698822,-1.025087,0.192756,
1629325600.772107,0.000000,0.694385,-1.029769,0.193236,
1629325600.777665,0.000000,0.693939,-1.030358,0.193092,
1629325600.783222,0.000000,0.693552,-1.030978,0.192996,
1629325600.788790,0.000000,0.693123,-1.031573,0.192860,
1629325600.794343,0.000000,0.692721,-1.032148,0.192686,
1629325600.799903,0.000000,0.692203,-1.032860,0.192591,
1629325600.805449,0.000000,0.691518,-1.033511,0.192656,
1629325600.811000,0.000000,0.691026,-1.034005,0.192758,
1629325600.816558,0.000000,0.690478,-1.034580,0.192764,
1629325600.822114,0.000000,0.689819,-1.035295,0.192732,
1629325600.872069,0.000000,0.685330,-1.039545,0.193096,
1629325600.877631,0.000000,0.684840,-1.040003,0.193108,
1629325600.883186,0.000000,0.684388,-1.040612,0.192959,
1629325600.888738,0.000000,0.683986,-1.041171,0.192881,
1629325600.894289,0.000000,0.683314,-1.042008,0.192817,
1629325600.899848,0.000000,0.682777,-1.042548,0.192714,
1629325600.905400,0.000000,0.682304,-1.043127,0.192621,
1629325600.910953,0.000000,0.681673,-1.043899,0.192418,
1629325600.916503,0.000000,0.681281,-1.044290,0.192465,
1629325600.922055,0.000000,0.680514,-1.044710,0.192722,
1629325600.972175,0.000000,0.675708,-1.049341,0.192572,
1629325600.977674,0.000000,0.675123,-1.049837,0.192640,
1629325600.983210,0.000000,0.674736,-1.050438,0.192615,
1629325600.988767,0.000000,0.674262,-1.050977,0.192513,
1629325600.994323,0.000000,0.673818,-1.051432,0.192506,
1629325600.999869,0.000000,0.673041,-1.052105,0.192297,
1629325601.005428,0.000000,0.672638,-1.053011,0.192097,
1629325601.010976,0.000000,0.671835,-1.053947,0.191608,
1629325601.016544,0.000000,0.671318,-1.054156,0.191882,
1629325601.022095,0.000000,0.670848,-1.054497,0.192072,
1629325601.072100,0.000000,0.665323,-1.058198,0.193221,
1629325601.077644,0.000000,0.664743,-1.059371,0.192312,
1629325601.083198,0.000000,0.664729,-1.059371,0.192702,
1629325601.088774,0.000000,0.664136,-1.059912,0.192649,
1629325601.094316,0.000000,0.663528,-1.060534,0.192568,
1629325601.099870,0.000000,0.662776,-1.061252,0.192359,
1629325601.105421,0.000000,0.662286,-1.061682,0.192447,
1629325601.110980,0.000000,0.661757,-1.062136,0.192319,
1629325601.116626,0.000000,0.661118,-1.062601,0.192358,
1629325601.122091,0.000000,0.660515,-1.063231,0.192389,
1629325601.172080,0.000000,0.655345,-1.067109,0.192781,
1629325601.177670,0.000000,0.654718,-1.067657,0.192684,
1629325601.183200,0.000000,0.653991,-1.068306,0.192689,
1629325601.188761,0.000000,0.653272,-1.068786,0.192608,
1629325601.194309,0.000000,0.652286,-1.069829,0.192110,
1629325601.199865,0.000000,0.652236,-1.069872,0.192403,
1629325601.205425,0.000000,0.651634,-1.070382,0.192300,
1629325601.210986,0.000000,0.650902,-1.070834,0.192329,
1629325601.216538,0.000000,0.650364,-1.071285,0.192336,
1629325601.222080,0.000000,0.649738,-1.071735,0.192330,
1629325601.272082,0.000000,0.644455,-1.075323,0.192712,
1629325601.277647,0.000000,0.644040,-1.075858,0.192651,
1629325601.283201,0.000000,0.643354,-1.076413,0.192655,
1629325601.288764,0.000000,0.642782,-1.076891,0.192599,
1629325601.294294,0.000000,0.642067,-1.077502,0.192383,
1629325601.299865,0.000000,0.641487,-1.077951,0.192350,
1629325601.305422,0.000000,0.640817,-1.078458,0.192334,
1629325601.310969,0.000000,0.640314,-1.078714,0.192458,
1629325601.316524,0.000000,0.639597,-1.079137,0.192416,
1629325601.322079,0.000000,0.638993,-1.079532,0.192427,
1629325601.372079,0.000000,0.633402,-1.083082,0.192612,
1629325601.377640,0.000000,0.632835,-1.083543,0.192525,
1629325601.383194,0.000000,0.632429,-1.084066,0.192433,
1629325601.388715,0.000000,0.631816,-1.084547,0.192336,
1629325601.394276,0.000000,0.631258,-1.085021,0.192188,
1629325601.399836,0.000000,0.630467,-1.085568,0.192069,
1629325601.405493,0.000000,0.629956,-1.086008,0.192053,
1629325601.410951,0.000000,0.629276,-1.086435,0.191975,
1629325601.416487,0.000000,0.628650,-1.086764,0.191694,
1629325601.422036,0.000000,0.627989,-1.087133,0.191955,
1629325601.472037,0.000000,0.622670,-1.090256,0.192226,
1629325601.477593,0.000000,0.622026,-1.090639,0.191887,
1629325601.483155,0.000000,0.621014,-1.091021,0.192519,
1629325601.488750,0.000000,0.620197,-1.091372,0.192480,
1629325601.494315,0.000000,0.619551,-1.091830,0.192297,
1629325601.499878,0.000000,0.618954,-1.092267,0.192194,
1629325601.505423,0.000000,0.618191,-1.092640,0.192152,
1629325601.510976,0.000000,0.617613,-1.093000,0.192004,
1629325601.516528,0.000000,0.617030,-1.093380,0.191900,
1629325601.522089,0.000000,0.615895,-1.093759,0.192268,
1629325601.572088,0.000000,0.610622,-1.096733,0.192525,
1629325601.577638,0.000000,0.609983,-1.097141,0.192415,
1629325601.583204,0.000000,0.609223,-1.097603,0.192374,
1629325601.588760,0.000000,0.608291,-1.097570,0.192810,
1629325601.594310,0.000000,0.607698,-1.098271,0.192565,
1629325601.599875,0.000000,0.607169,-1.098859,0.192270,
1629325601.605425,0.000000,0.606459,-1.099218,0.192277,
1629325601.610998,0.000000,0.605958,-1.099357,0.192109,
1629325601.616528,0.000000,0.605258,-1.099960,0.192044,
1629325601.622084,0.000000,0.604604,-1.100365,0.192029,
1629325601.672087,0.000000,0.599170,-1.102947,0.192573,
1629325601.677639,0.000000,0.598521,-1.103289,0.192500,
1629325601.683201,0.000000,0.597729,-1.103588,0.192677,
1629325601.688745,0.000000,0.597149,-1.103948,0.192346,
1629325601.694314,0.000000,0.596319,-1.104284,0.192198,
1629325601.699958,0.000000,0.595596,-1.104491,0.192244,
1629325601.705418,0.000000,0.594739,-1.105062,0.192307,
1629325601.710971,0.000000,0.594087,-1.105428,0.192184,
1629325601.716524,0.000000,0.593374,-1.105814,0.192281,
1629325601.722083,0.000000,0.592837,-1.106256,0.192082,
1629325601.772065,0.000000,0.586708,-1.108291,0.192472,
1629325601.777623,0.000000,0.586182,-1.108776,0.192139,
1629325601.783189,0.000000,0.585598,-1.109045,0.192112,
1629325601.788747,0.000000,0.584918,-1.109313,0.192104,
1629325601.794304,0.000000,0.584210,-1.109630,0.192109,
1629325601.799862,0.000000,0.583468,-1.110023,0.192088,
1629325601.805357,0.000000,0.582693,-1.110509,0.192169,
1629325601.810908,0.000000,0.581933,-1.110807,0.192215,
1629325601.816468,0.000000,0.581307,-1.111121,0.192123,
1629325601.822017,0.000000,0.580730,-1.111484,0.192069,
1629325601.872023,0.000000,0.574861,-1.113578,0.192206,
1629325601.877575,0.000000,0.574234,-1.113811,0.192196,
1629325601.883134,0.000000,0.573601,-1.114102,0.192193,
1629325601.888697,0.000000,0.572896,-1.114226,0.192236,
1629325601.894244,0.000000,0.572018,-1.114583,0.192179,
1629325601.899804,0.000000,0.571246,-1.114923,0.192139,
1629325601.905416,0.000000,0.570753,-1.115390,0.191928,
1629325601.910971,0.000000,0.569969,-1.115697,0.191912,
1629325601.916537,0.000000,0.569405,-1.116100,0.191701,
1629325601.922086,0.000000,0.568562,-1.116267,0.192141,
1629325601.972093,0.000000,0.562476,-1.118424,0.191914,
1629325601.977710,0.000000,0.561700,-1.118462,0.192084,
1629325601.983200,0.000000,0.561021,-1.118594,0.192175,
1629325601.988831,0.000000,0.560370,-1.118864,0.192110,
1629325601.994301,0.000000,0.559642,-1.119103,0.192057,
1629325601.999858,0.000000,0.558991,-1.119380,0.192026,
1629325602.005414,0.000000,0.558329,-1.119648,0.192021,
1629325602.010949,0.000000,0.557600,-1.119936,0.191769,
1629325602.016532,0.000000,0.556635,-1.120221,0.192010,
1629325602.022117,0.000000,0.555966,-1.120441,0.191853,
1629325602.072066,0.000000,0.550011,-1.122517,0.192083,
1629325602.077627,0.000000,0.549359,-1.122674,0.192140,
1629325602.083187,0.000000,0.548664,-1.122843,0.192126,
1629325602.088741,0.000000,0.547759,-1.122983,0.192250,
1629325602.094311,0.000000,0.546970,-1.123255,0.192134,
1629325602.099864,0.000000,0.546289,-1.123386,0.192003,
1629325602.105401,0.000000,0.545660,-1.123635,0.191862,
1629325602.110963,0.000000,0.545007,-1.123960,0.191729,
1629325602.116541,0.000000,0.544290,-1.124189,0.191789,
1629325602.122074,0.000000,0.543549,-1.124608,0.191784,
1629325602.172088,0.000000,0.537098,-1.125715,0.192497,
1629325602.177627,0.000000,0.536427,-1.125861,0.192546,
1629325602.183177,0.000000,0.535765,-1.126062,0.192500,
1629325602.188743,0.000000,0.535080,-1.126257,0.192437,
1629325602.194301,0.000000,0.534220,-1.126370,0.192473,
1629325602.199850,0.000000,0.533475,-1.126557,0.192479,
1629325602.205406,0.000000,0.532733,-1.126815,0.192378,
1629325602.210972,0.000000,0.531806,-1.126983,0.192230,
1629325602.216513,0.000000,0.530875,-1.127042,0.192234,
1629325602.222074,0.000000,0.530406,-1.127498,0.191845,
1629325602.272066,0.000000,0.523982,-1.128502,0.192427,
1629325602.277714,0.000000,0.523241,-1.128643,0.192480,
1629325602.283239,0.000000,0.522583,-1.128837,0.192463,
1629325602.288750,0.000000,0.521904,-1.128876,0.192608,
1629325602.294298,0.000000,0.521339,-1.129294,0.192512,
1629325602.299852,0.000000,0.520682,-1.129529,0.192259,
1629325602.305403,0.000000,0.519541,-1.129308,0.192506,
1629325602.310947,0.000000,0.518782,-1.129570,0.192358,
1629325602.316500,0.000000,0.517911,-1.129724,0.192511,
1629325602.322067,0.000000,0.517217,-1.129915,0.192398,
1629325602.372080,0.000000,0.510777,-1.130877,0.192985,
1629325602.377633,0.000000,0.510135,-1.130896,0.192596,
1629325602.383195,0.000000,0.509528,-1.130984,0.192623,
1629325602.388740,0.000000,0.508821,-1.131012,0.192723,
1629325602.394293,0.000000,0.508062,-1.131252,0.192557,
1629325602.399858,0.000000,0.507275,-1.131480,0.192311,
1629325602.405410,0.000000,0.506392,-1.131665,0.192537,
1629325602.410966,0.000000,0.505749,-1.131792,0.192447,
1629325602.416523,0.000000,0.504906,-1.132092,0.192307,
1629325602.422134,0.000000,0.504196,-1.132243,0.192118,
1629325602.472059,0.000000,0.498000,-1.132867,0.192573,
1629325602.477618,0.000000,0.497301,-1.132895,0.192548,
1629325602.483153,0.000000,0.496396,-1.133011,0.192813,
1629325602.488725,0.000000,0.495760,-1.133140,0.192709,
1629325602.494286,0.000000,0.495063,-1.133229,0.192690,
1629325602.499831,0.000000,0.494308,-1.133199,0.192518,
1629325602.505385,0.000000,0.493578,-1.133345,0.192504,
1629325602.510942,0.000000,0.492802,-1.133510,0.192346,
1629325602.516484,0.000000,0.491764,-1.133448,0.192239,
1629325602.522043,0.000000,0.491103,-1.133499,0.192081,
1629325602.572043,0.000000,0.484524,-1.133855,0.192634,
1629325602.577592,0.000000,0.483897,-1.134097,0.192618,
1629325602.583150,0.000000,0.483166,-1.134139,0.192672,
1629325602.588725,0.000000,0.482202,-1.134155,0.192864,
1629325602.594284,0.000000,0.481458,-1.134197,0.192513,
1629325602.599832,0.000000,0.480723,-1.134261,0.192517,
1629325602.605373,0.000000,0.479899,-1.134378,0.192563,
1629325602.610930,0.000000,0.479090,-1.134537,0.192355,
1629325602.616500,0.000000,0.478003,-1.134514,0.192486,
1629325602.622056,0.000000,0.477378,-1.134622,0.192036,
1629325602.672078,0.000000,0.470860,-1.134874,0.192731,
1629325602.677622,0.000000,0.470139,-1.134801,0.192665,
1629325602.683173,0.000000,0.469209,-1.134554,0.192817,
1629325602.688734,0.000000,0.468247,-1.134400,0.192561,
1629325602.694293,0.000000,0.467807,-1.134623,0.192712,
1629325602.699848,0.000000,0.466802,-1.134611,0.192350,
1629325602.705427,0.000000,0.466013,-1.134502,0.192428,
1629325602.711042,0.000000,0.465393,-1.134831,0.192721,
1629325602.716546,0.000000,0.464520,-1.134684,0.192981,
1629325602.722075,0.000000,0.463884,-1.134826,0.192707,
1629325602.771991,0.000000,0.457444,-1.134744,0.192753,
1629325602.777553,0.000000,0.456659,-1.134785,0.192652,
1629325602.783108,0.000000,0.455952,-1.134816,0.192576,
1629325602.788664,0.000000,0.455266,-1.134877,0.192477,
1629325602.794227,0.000000,0.454428,-1.134663,0.192686,
1629325602.799769,0.000000,0.453626,-1.134690,0.192854,
1629325602.805334,0.000000,0.452602,-1.134447,0.192799,
1629325602.810896,0.000000,0.451806,-1.134591,0.192655,
1629325602.816450,0.000000,0.451189,-1.134829,0.192461,
1629325602.822003,0.000000,0.450321,-1.134654,0.192589,
1629325602.872051,0.000000,0.443858,-1.134369,0.192532,
1629325602.877637,0.000000,0.443220,-1.134359,0.192739,
1629325602.883170,0.000000,0.442248,-1.134164,0.192816,
1629325602.888721,0.000000,0.441640,-1.134206,0.193022,
1629325602.894279,0.000000,0.440883,-1.134252,0.192799,
1629325602.899829,0.000000,0.440116,-1.134209,0.192844,
1629325602.905392,0.000000,0.439319,-1.134102,0.192904,
1629325602.910948,0.000000,0.438410,-1.133981,0.192907,
1629325602.916501,0.000000,0.437582,-1.133696,0.193319,
1629325602.922045,0.000000,0.436771,-1.134081,0.192592,
1629325602.972060,0.000000,0.430637,-1.133408,0.193146,
1629325602.977618,0.000000,0.429939,-1.133340,0.193112,
1629325602.983173,0.000000,0.429300,-1.133304,0.193091,
1629325602.988740,0.000000,0.428319,-1.132937,0.193250,
1629325602.994294,0.000000,0.427521,-1.133171,0.192793,
1629325602.999926,0.000000,0.426775,-1.132969,0.193100,
1629325603.005404,0.000000,0.425984,-1.132766,0.193078,
1629325603.010955,0.000000,0.425140,-1.132882,0.193144,
1629325603.016507,0.000000,0.424316,-1.132208,0.193739,
1629325603.022053,0.000000,0.423603,-1.132561,0.193165,
1629325603.072031,0.000000,0.417073,-1.131445,0.193322,
1629325603.077578,0.000000,0.416601,-1.131514,0.193209,
1629325603.083133,0.000000,0.415876,-1.131394,0.193080,
1629325603.088700,0.000000,0.415233,-1.131352,0.193190,
1629325603.094293,0.000000,0.414583,-1.131291,0.193149,
1629325603.099818,0.000000,0.413925,-1.131205,0.193048,
1629325603.105361,0.000000,0.413219,-1.131167,0.193029,
1629325603.110928,0.000000,0.412492,-1.131038,0.193044,
1629325603.116473,0.000000,0.411424,-1.130909,0.193055,
1629325603.122032,0.000000,0.410688,-1.130834,0.193185,
1629325603.172071,0.000000,0.403991,-1.129003,0.193549,
1629325603.177619,0.000000,0.403411,-1.128842,0.193635,
1629325603.183166,0.000000,0.402517,-1.129189,0.192899,
1629325603.188734,0.000000,0.401904,-1.128643,0.193441,
1629325603.194288,0.000000,0.401291,-1.128916,0.193144,
1629325603.199836,0.000000,0.400610,-1.128383,0.193462,
1629325603.205405,0.000000,0.399924,-1.128776,0.192851,
1629325603.210943,0.000000,0.399249,-1.128527,0.192869,
1629325603.216502,0.000000,0.398597,-1.128718,0.192968,
1629325603.222064,0.000000,0.397390,-1.128302,0.192491,
