1629325753.577418,0.000000,0.501717,-0.519753,0.198755,
1629325753.582983,0.000000,0.501718,-0.519727,0.198745,
1629325753.588530,0.000000,0.501643,-0.519752,0.198794,
1629325753.594169,0.000000,0.501645,-0.519748,0.198804,
1629325753.599651,0.000000,0.501658,-0.519753,0.198789,
1629325753.605199,0.000000,0.501719,-0.519749,0.198753,
1629325753.610760,0.000000,0.501732,-0.519771,0.198737,
1629325753.616311,0.000000,0.501653,-0.519760,0.198797,
1629325753.621861,0.000000,0.501652,-0.519763,0.198794,
1629325753.627419,0.000000,0.501714,-0.519742,0.198753,
1629325753.632970,0.000000,0.501666,-0.519762,0.198781,
1629325753.638536,0.000000,0.501664,-0.519761,0.198789,
1629325764.332964,0.000000,0.501670,-0.519763,0.198782,
1629325764.338519,0.000000,0.501653,-0.519759,0.198796,
1629325764.344074,0.000000,0.501651,-0.519763,0.198789,
1629325764.349630,0.000000,0.501743,-0.519855,0.198838,
1629325764.355186,0.000000,0.501670,-0.519770,0.198792,
1629325764.360742,0.000000,0.501663,-0.519768,0.198798,
1629325764.366303,0.000000,0.501655,-0.519760,0.198784,
1629325764.371850,0.000000,0.501722,-0.519762,0.198752,
1629325764.377448,0.000000,0.501662,-0.519772,0.198794,
1629325764.382958,0.000000,0.501658,-0.519759,0.198790,
1629325764.432966,0.000000,0.503265,-0.520034,0.198577,
1629325764.438527,0.000000,0.503880,-0.520171,0.198585,
1629325764.444109,0.000000,0.504838,-0.520356,0.198240,
1629325764.449633,0.000000,0.505582,-0.520381,0.198200,
1629325764.455179,0.000000,0.506034,-0.520084,0.198467,
1629325764.460738,0.000000,0.506903,-0.520163,0.198397,
1629325764.466379,0.000000,0.507717,-0.520249,0.198423,
1629325764.471848,0.000000,0.508469,-0.520338,0.198458,
1629325764.477407,0.000000,0.509181,-0.520386,0.198441,
1629325764.482958,0.000000,0.510113,-0.520598,0.198138,
1629325764.532968,0.000000,0.515897,-0.521841,0.198587,
1629325764.538517,0.000000,0.516674,-0.521953,0.198590,
1629325764.544068,0.000000,0.517429,-0.521998,0.198527,
1629325764.549628,0.000000,0.518228,-0.522103,0.198515,
1629325764.555184,0.000000,0.518860,-0.521925,0.198607,
1629325764.560749,0.000000,0.519757,-0.522010,0.198475,
1629325764.566288,0.000000,0.520878,-0.522431,0.197962,
1629325764.571862,0.000000,0.521368,-0.522445,0.198388,
1629325764.577398,0.000000,0.522160,-0.522618,0.198396,
1629325764.582956,0.000000,0.522880,-0.522810,0.198462,
1629325764.632923,0.000000,0.528911,-0.524269,0.198625,
1629325764.638516,0.000000,0.529682,-0.524451,0.198599,
1629325764.644036,0.000000,0.530395,-0.524482,0.198529,
1629325764.649586,0.000000,0.531196,-0.524601,0.198455,
1629325764.655145,0.000000,0.532126,-0.524772,0.198336,
1629325764.660700,0.000000,0.532934,-0.524940,0.198292,
1629325764.666256,0.000000,0.533618,-0.524918,0.198255,
1629325764.671809,0.000000,0.534395,-0.525160,0.198238,
1629325764.677369,0.000000,0.535187,-0.525370,0.198344,
1629325764.682927,0.000000,0.535852,-0.525585,0.198522,
1629325764.732953,0.000000,0.542067,-0.527428,0.198343,
1629325764.738506,0.000000,0.542732,-0.527613,0.198315,
1629325764.744067,0.000000,0.543494,-0.527771,0.198233,
1629325764.749623,0.000000,0.544390,-0.527984,0.198122,
1629325764.755247,0.000000,0.545216,-0.528158,0.198087,
1629325764.760722,0.000000,0.545845,-0.528244,0.198003,
1629325764.766285,0.000000,0.546686,-0.528498,0.198022,
1629325764.771842,0.000000,0.547425,-0.528695,0.198058,
1629325764.777397,0.000000,0.548138,-0.528887,0.198101,
1629325764.782948,0.000000,0.548676,-0.529056,0.198140,
1629325764.832957,0.000000,0.554018,-0.531381,0.198843,
1629325764.838527,0.000000,0.554637,-0.531576,0.198902,
1629325764.844063,0.000000,0.555218,-0.531758,0.199122,
1629325764.849626,0.000000,0.555913,-0.532067,0.199195,
1629325764.855183,0.000000,0.556582,-0.532334,0.199295,
1629325764.860733,0.000000,0.557196,-0.532598,0.199457,
1629325764.866294,0.000000,0.558016,-0.533060,0.199383,
1629325764.871847,0.000000,0.558818,-0.533267,0.199280,
1629325764.877407,0.000000,0.559615,-0.533568,0.199209,
1629325764.882966,0.000000,0.560288,-0.533733,0.199242,
1629325764.932945,0.000000,0.567603,-0.535689,0.198240,
1629325764.938499,0.000000,0.568399,-0.536008,0.198133,
1629325764.944062,0.000000,0.568929,-0.536053,0.198074,
1629325764.949617,0.000000,0.569579,-0.536064,0.198118,
1629325764.955173,0.000000,0.570213,-0.536230,0.198129,
1629325764.960733,0.000000,0.570920,-0.536422,0.197987,
1629325764.966300,0.000000,0.571767,-0.536647,0.197814,
1629325764.971833,0.000000,0.572434,-0.536913,0.197710,
1629325764.977397,0.000000,0.573136,-0.537234,0.197614,
1629325764.982953,0.000000,0.574057,-0.537843,0.197556,
1629325765.032975,0.000000,0.579890,-0.540358,0.197977,
1629325765.038528,0.000000,0.580506,-0.540580,0.198076,
1629325765.044173,0.000000,0.580893,-0.540565,0.198158,
1629325765.049624,0.000000,0.581781,-0.540871,0.197938,
1629325765.055187,0.000000,0.582443,-0.541055,0.197812,
1629325765.060736,0.000000,0.582805,-0.540831,0.197831,
1629325765.066290,0.000000,0.583988,-0.541815,0.197554,
1629325765.071847,0.000000,0.584642,-0.542010,0.197501,
1629325765.077421,0.000000,0.585582,-0.542500,0.197548,
1629325765.082967,0.000000,0.586040,-0.542581,0.197627,
1629325765.132966,0.000000,0.591572,-0.545511,0.198100,
1629325765.138524,0.000000,0.592202,-0.545750,0.198160,
1629325765.144070,0.000000,0.592889,-0.546027,0.198108,
1629325765.149620,0.000000,0.593674,-0.546436,0.198106,
1629325765.155195,0.000000,0.594332,-0.546613,0.198131,
1629325765.160743,0.000000,0.595098,-0.546897,0.198079,
1629325765.166294,0.000000,0.595867,-0.547305,0.197967,
1629325765.171859,0.000000,0.596672,-0.547738,0.197963,
1629325765.177397,0.000000,0.597380,-0.547969,0.198201,
1629325765.182947,0.000000,0.598054,-0.548381,0.198094,
1629325765.232967,0.000000,0.603421,-0.551232,0.198275,
1629325765.238505,0.000000,0.604163,-0.551643,0.198291,
1629325765.244066,0.000000,0.604910,-0.551958,0.198272,
1629325765.249621,0.000000,0.605640,-0.552337,0.198181,
1629325765.255174,0.000000,0.606321,-0.552602,0.198099,
1629325765.260735,0.000000,0.607055,-0.553024,0.197963,
1629325765.266291,0.000000,0.607914,-0.553394,0.197889,
1629325765.271863,0.000000,0.608637,-0.553778,0.197853,
1629325765.277401,0.000000,0.609317,-0.554074,0.197865,
1629325765.282958,0.000000,0.609976,-0.554504,0.197947,
1629325765.333048,0.000000,0.615427,-0.557909,0.198246,
1629325765.338471,0.000000,0.616134,-0.558246,0.198178,
1629325765.344038,0.000000,0.616898,-0.558684,0.198142,
1629325765.349586,0.000000,0.617498,-0.558970,0.198126,
1629325765.355163,0.000000,0.618341,-0.559411,0.197991,
1629325765.360688,0.000000,0.619072,-0.559784,0.197855,
1629325765.366251,0.000000,0.619815,-0.560174,0.197769,
1629325765.371800,0.000000,0.620453,-0.560501,0.197760,
1629325765.377367,0.000000,0.620950,-0.560250,0.197826,
1629325765.382924,0.000000,0.621775,-0.561396,0.198012,
1629325765.432924,0.000000,0.627139,-0.565079,0.198254,
1629325765.438479,0.000000,0.627915,-0.565608,0.198136,
1629325765.444082,0.000000,0.628576,-0.565993,0.198073,
1629325765.449644,0.000000,0.629189,-0.566358,0.198107,
1629325765.455244,0.000000,0.629896,-0.566746,0.198055,
1629325765.460750,0.000000,0.630757,-0.567202,0.197879,
1629325765.466305,0.000000,0.631439,-0.567584,0.197827,
1629325765.471857,0.000000,0.632036,-0.567908,0.197735,
1629325765.477517,0.000000,0.632685,-0.568368,0.197745,
1629325765.482966,0.000000,0.633540,-0.568982,0.197673,
1629325765.532964,0.000000,0.638496,-0.572677,0.198146,
1629325765.538521,0.000000,0.638812,-0.572594,0.198409,
1629325765.544086,0.000000,0.639888,-0.572907,0.197859,
1629325765.549605,0.000000,0.640456,-0.573254,0.197928,
1629325765.555140,0.000000,0.641144,-0.573689,0.197908,
1629325765.560699,0.000000,0.641852,-0.574059,0.197744,
1629325765.566255,0.000000,0.642635,-0.574496,0.197670,
1629325765.571815,0.000000,0.642998,-0.574987,0.197939,
1629325765.577373,0.000000,0.644069,-0.576071,0.197620,
1629325765.582934,0.000000,0.644674,-0.576645,0.197666,
1629325765.632942,0.000000,0.649597,-0.580956,0.198225,
1629325765.638484,0.000000,0.650174,-0.581378,0.198198,
1629325765.644048,0.000000,0.650617,-0.581512,0.198240,
1629325765.649637,0.000000,0.651504,-0.582352,0.197987,
1629325765.655180,0.000000,0.652183,-0.582797,0.197854,
1629325765.660745,0.000000,0.652716,-0.582451,0.197919,
1629325765.666303,0.000000,0.653404,-0.582889,0.197820,
1629325765.671838,0.000000,0.654047,-0.583283,0.197695,
1629325765.677397,0.000000,0.654564,-0.583670,0.197738,
1629325765.682965,0.000000,0.655193,-0.584276,0.197783,
1629325765.732956,0.000000,0.660061,-0.589137,0.197979,
1629325765.738509,0.000000,0.660731,-0.589656,0.197866,
1629325765.744082,0.000000,0.661072,-0.589887,0.198070,
1629325765.749637,0.000000,0.661723,-0.590358,0.197954,
1629325765.755200,0.000000,0.662464,-0.590898,0.197802,
1629325765.760733,0.000000,0.663224,-0.591914,0.197798,
1629325765.766482,0.000000,0.663828,-0.592167,0.197664,
1629325765.771823,0.000000,0.664472,-0.592702,0.197587,
1629325765.777397,0.000000,0.665110,-0.593251,0.197501,
1629325765.782951,0.000000,0.665692,-0.593712,0.197504,
1629325765.832982,0.000000,0.670228,-0.598110,0.197788,
1629325765.838528,0.000000,0.670790,-0.598614,0.197737,
1629325765.844066,0.000000,0.671348,-0.598919,0.197565,
1629325765.849622,0.000000,0.671909,-0.599470,0.197509,
1629325765.855186,0.000000,0.672639,-0.600150,0.197383,
1629325765.860732,0.000000,0.673249,-0.600594,0.197305,
1629325765.866283,0.000000,0.673770,-0.600977,0.197321,
1629325765.871839,0.000000,0.674421,-0.601537,0.197252,
1629325765.877398,0.000000,0.675066,-0.602102,0.197145,
1629325765.882957,0.000000,0.675678,-0.602691,0.197132,
1629325765.932962,0.000000,0.679581,-0.606869,0.198112,
1629325765.938513,0.000000,0.680458,-0.607936,0.197613,
1629325765.944068,0.000000,0.680741,-0.608345,0.197887,
1629325765.949619,0.000000,0.681369,-0.608903,0.197753,
1629325765.955194,0.000000,0.682200,-0.609458,0.197321,
1629325765.960737,0.000000,0.682729,-0.609953,0.197258,
1629325765.966276,0.000000,0.683176,-0.610276,0.197402,
1629325765.971832,0.000000,0.683791,-0.610888,0.197381,
1629325765.977382,0.000000,0.684715,-0.611779,0.197080,
1629325765.982944,0.000000,0.685210,-0.612294,0.197081,
1629325766.032936,0.000000,0.689322,-0.617097,0.197246,
1629325766.038503,0.000000,0.689854,-0.617758,0.197263,
1629325766.044060,0.000000,0.690292,-0.618185,0.197234,
1629325766.049609,0.000000,0.691054,-0.619004,0.197317,
1629325766.055166,0.000000,0.691517,-0.619489,0.197370,
1629325766.060758,0.000000,0.692091,-0.620102,0.197095,
1629325766.066264,0.000000,0.692545,-0.620389,0.197066,
1629325766.071843,0.000000,0.693016,-0.620716,0.196912,
1629325766.077389,0.000000,0.693821,-0.621476,0.196814,
1629325766.082940,0.000000,0.694238,-0.622000,0.196847,
1629325766.132962,0.000000,0.697615,-0.626282,0.197890,
1629325766.138498,0.000000,0.698305,-0.627405,0.197166,
1629325766.144050,0.000000,0.699051,-0.628008,0.197152,
1629325766.149626,0.000000,0.699320,-0.628377,0.197017,
1629325766.155167,0.000000,0.700035,-0.629154,0.197151,
1629325766.160729,0.000000,0.700532,-0.629680,0.197051,
1629325766.166292,0.000000,0.700948,-0.629971,0.196891,
1629325766.171827,0.000000,0.701585,-0.630695,0.197123,
1629325766.177383,0.000000,0.702224,-0.631395,0.196488,
1629325766.182934,0.000000,0.702619,-0.631815,0.196441,
1629325766.232950,0.000000,0.706235,-0.636841,0.197164,
1629325766.238520,0.000000,0.706512,-0.637203,0.197266,
1629325766.244057,0.000000,0.706876,-0.637686,0.197489,
1629325766.249611,0.000000,0.707232,-0.638155,0.197433,
1629325766.255165,0.000000,0.707762,-0.639365,0.197594,
1629325766.260734,0.000000,0.708351,-0.640019,0.197139,
1629325766.266289,0.000000,0.708925,-0.640741,0.196981,
1629325766.271851,0.000000,0.709429,-0.641206,0.197047,
1629325766.277390,0.000000,0.709978,-0.641701,0.197237,
1629325766.282958,0.000000,0.710502,-0.642331,0.197137,
1629325766.332967,0.000000,0.713366,-0.646735,0.198374,
1629325766.338522,0.000000,0.714147,-0.647630,0.197212,
1629325766.344055,0.000000,0.714378,-0.648142,0.197613,
1629325766.349689,0.000000,0.714973,-0.648801,0.197475,
1629325766.355191,0.000000,0.715562,-0.650078,0.197057,
1629325766.360732,0.000000,0.716251,-0.650979,0.196512,
1629325766.366288,0.000000,0.716727,-0.651280,0.196438,
1629325766.371833,0.000000,0.716993,-0.651891,0.197163,
1629325766.377372,0.000000,0.716951,-0.651207,0.198201,
1629325766.382934,0.000000,0.717655,-0.652208,0.197834,
1629325766.432963,0.000000,0.721108,-0.658014,0.198013,
1629325766.438487,0.000000,0.721378,-0.658630,0.198081,
1629325766.444056,0.000000,0.721793,-0.659167,0.198050,
1629325766.449610,0.000000,0.722227,-0.659700,0.197804,
1629325766.455164,0.000000,0.722531,-0.660226,0.197977,
1629325766.460713,0.000000,0.723356,-0.661934,0.197152,
1629325766.466274,0.000000,0.723839,-0.662476,0.197302,
1629325766.471830,0.000000,0.724253,-0.662956,0.197164,
1629325766.477402,0.000000,0.724689,-0.663490,0.197096,
1629325766.482950,0.000000,0.725129,-0.664046,0.197247,
1629325766.532947,0.000000,0.728398,-0.670254,0.196964,
1629325766.538517,0.000000,0.728401,-0.669815,0.197918,
1629325766.544073,0.000000,0.728793,-0.670512,0.197869,
1629325766.549616,0.000000,0.729595,-0.672322,0.196652,
1629325766.555162,0.000000,0.729860,-0.672816,0.196857,
1629325766.560726,0.000000,0.730245,-0.673408,0.196768,
1629325766.566283,0.000000,0.730995,-0.674225,0.196278,
1629325766.571846,0.000000,0.730846,-0.673826,0.197398,
1629325766.577398,0.000000,0.731330,-0.674653,0.197390,
1629325766.582948,0.000000,0.731720,-0.675161,0.197370,
1629325766.632946,0.000000,0.735103,-0.682047,0.196427,
1629325766.638573,0.000000,0.735255,-0.682485,0.196778,
1629325766.644053,0.000000,0.735105,-0.681977,0.197844,
1629325766.649603,0.000000,0.735544,-0.682682,0.197609,
1629325766.655171,0.000000,0.735863,-0.683485,0.197656,
1629325766.660721,0.000000,0.736156,-0.684053,0.197707,
1629325766.666340,0.000000,0.737132,-0.686123,0.196309,
1629325766.671839,0.000000,0.737757,-0.686951,0.196148,
1629325766.677382,0.000000,0.737954,-0.687305,0.196440,
1629325766.682940,0.000000,0.738358,-0.687958,0.196294,
1629325766.727383,0.000000,0.740387,-0.692569,0.197240,
1629325766.732926,0.000000,0.740623,-0.693063,0.197227,
1629325766.738486,0.000000,0.741280,-0.694474,0.196567,
1629325766.744054,0.000000,0.741546,-0.695056,0.196621,
1629325766.749602,0.000000,0.741449,-0.695004,0.197560,
1629325766.755159,0.000000,0.742065,-0.696189,0.196960,
1629325766.760716,0.000000,0.741922,-0.696407,0.197801,
1629325766.766271,0.000000,0.742421,-0.697153,0.197357,
1629325766.771828,0.000000,0.742950,-0.697891,0.197047,
1629325766.777382,0.000000,0.743302,-0.698532,0.197115,
1629325766.832894,0.000000,0.746481,-0.706048,0.196407,
1629325766.838450,0.000000,0.746673,-0.706526,0.196494,
1629325766.844005,0.000000,0.746809,-0.706756,0.196924,
1629325766.849564,0.000000,0.746813,-0.707551,0.197206,
1629325766.855114,0.000000,0.747027,-0.708318,0.197294,
1629325766.860715,0.000000,0.747474,-0.709073,0.197210,
1629325766.866265,0.000000,0.748083,-0.709945,0.196679,
1629325766.871818,0.000000,0.748465,-0.710923,0.196357,
1629325766.877374,0.000000,0.748576,-0.710961,0.196867,
1629325766.882941,0.000000,0.749178,-0.712338,0.196299,
1629325766.932902,0.000000,0.751105,-0.718361,0.196830,
1629325766.938465,0.000000,0.751283,-0.719079,0.196951,
1629325766.944020,0.000000,0.751412,-0.719623,0.197165,
1629325766.949577,0.000000,0.751907,-0.720750,0.196611,
1629325766.955128,0.000000,0.752099,-0.721345,0.196787,
1629325766.960684,0.000000,0.752389,-0.722060,0.196670,
1629325766.966233,0.000000,0.752558,-0.722568,0.196837,
1629325766.971792,0.000000,0.752878,-0.723243,0.196787,
1629325766.977354,0.000000,0.753171,-0.724092,0.196789,
1629325766.982893,0.000000,0.753627,-0.725100,0.196483,
1629325767.032920,0.000000,0.755890,-0.732072,0.195957,
1629325767.038487,0.000000,0.756012,-0.732003,0.195951,
1629325767.044038,0.000000,0.756163,-0.732484,0.196102,
1629325767.049610,0.000000,0.756499,-0.734168,0.195962,
1629325767.055144,0.000000,0.756724,-0.734815,0.196003,
1629325767.060702,0.000000,0.756966,-0.735640,0.195958,
1629325767.066258,0.000000,0.757367,-0.736666,0.195685,
1629325767.071905,0.000000,0.757603,-0.737352,0.195638,
1629325767.077373,0.000000,0.757915,-0.738122,0.195573,
1629325767.082922,0.000000,0.758239,-0.738696,0.195523,
1629325767.132928,0.000000,0.759662,-0.745153,0.195926,
1629325767.138487,0.000000,0.759812,-0.745863,0.195909,
1629325767.144063,0.000000,0.760086,-0.746603,0.195871,
1629325767.149620,0.000000,0.760248,-0.747318,0.195913,
1629325767.155168,0.000000,0.760436,-0.747927,0.195983,
1629325767.160728,0.000000,0.760616,-0.748924,0.195962,
1629325767.166273,0.000000,0.760948,-0.749901,0.195681,
1629325767.171831,0.000000,0.760980,-0.750416,0.195801,
1629325767.177361,0.000000,0.761206,-0.751136,0.195702,
1629325767.182934,0.000000,0.761428,-0.751850,0.195598,
1629325767.232943,0.000000,0.762830,-0.758375,0.195847,
1629325767.238492,0.000000,0.763316,-0.759306,0.195552,
1629325767.244038,0.000000,0.763426,-0.760082,0.195566,
1629325767.249607,0.000000,0.763485,-0.760756,0.195559,
1629325767.255210,0.000000,0.763638,-0.761504,0.195516,
1629325767.260724,0.000000,0.763684,-0.761998,0.195785,
1629325767.266267,0.000000,0.764035,-0.763026,0.195393,
1629325767.271823,0.000000,0.764071,-0.763614,0.195594,
1629325767.277385,0.000000,0.764121,-0.764018,0.195853,
1629325767.282943,0.000000,0.764340,-0.765133,0.195537,
1629325767.332928,0.000000,0.765251,-0.771541,0.195825,
1629325767.338477,0.000000,0.765430,-0.772256,0.195756,
1629325767.344041,0.000000,0.765382,-0.772553,0.196141,
1629325767.349602,0.000000,0.765502,-0.773073,0.196125,
1629325767.355170,0.000000,0.765712,-0.773850,0.196057,
1629325767.360822,0.000000,0.765934,-0.775273,0.195662,
1629325767.366257,0.000000,0.766119,-0.776132,0.195570,
1629325767.371813,0.000000,0.766260,-0.776934,0.195575,
1629325767.377376,0.000000,0.766333,-0.777425,0.195747,
1629325767.382941,0.000000,0.766473,-0.778011,0.195787,
1629325767.432929,0.000000,0.767454,-0.784837,0.195613,
1629325767.438489,0.000000,0.767490,-0.785489,0.195700,
1629325767.444033,0.000000,0.767506,-0.786214,0.195717,
1629325767.449591,0.000000,0.767564,-0.786956,0.195672,
1629325767.455152,0.000000,0.767650,-0.787647,0.195621,
1629325767.460706,0.000000,0.767625,-0.788051,0.195934,
1629325767.466265,0.000000,0.767693,-0.788823,0.195886,
1629325767.471821,0.000000,0.767946,-0.789818,0.195674,
1629325767.477376,0.000000,0.768207,-0.790783,0.195248,
1629325767.482924,0.000000,0.768330,-0.791514,0.195163,
1629325767.532933,0.000000,0.768716,-0.797968,0.195566,
1629325767.538472,0.000000,0.768741,-0.798609,0.195567,
1629325767.544028,0.000000,0.769053,-0.799623,0.195234,
1629325767.549596,0.000000,0.769050,-0.800238,0.195210,
1629325767.555143,0.000000,0.769065,-0.800943,0.195267,
1629325767.560705,0.000000,0.769162,-0.801746,0.195156,
1629325767.566266,0.000000,0.769192,-0.802448,0.195220,
1629325767.571816,0.000000,0.769358,-0.803152,0.195295,
1629325767.577366,0.000000,0.769362,-0.803949,0.195360,
1629325767.582932,0.000000,0.769535,-0.804928,0.194936,
1629325767.632923,0.000000,0.769805,-0.811272,0.195243,
1629325767.638453,0.000000,0.769907,-0.812301,0.195035,
1629325767.644019,0.000000,0.769781,-0.812888,0.195379,
1629325767.649567,0.000000,0.769773,-0.813563,0.195410,
1629325767.655271,0.000000,0.769775,-0.814213,0.195424,
1629325767.660678,0.000000,0.769796,-0.814914,0.195383,
1629325767.666236,0.000000,0.769823,-0.815657,0.195346,
1629325767.671779,0.000000,0.769840,-0.816514,0.195273,
1629325767.677330,0.000000,0.769924,-0.817202,0.195131,
1629325767.682905,0.000000,0.770270,-0.817938,0.194882,
1629325767.732891,0.000000,0.770092,-0.824409,0.195205,
1629325767.738444,0.000000,0.770022,-0.825175,0.195267,
1629325767.744077,0.000000,0.770008,-0.825764,0.195251,
1629325767.749622,0.000000,0.769977,-0.826469,0.195219,
1629325767.755173,0.000000,0.769981,-0.827161,0.195164,
1629325767.760732,0.000000,0.770001,-0.827944,0.195213,
1629325767.766289,0.000000,0.769957,-0.828701,0.195209,
1629325767.771850,0.000000,0.769833,-0.829418,0.195260,
1629325767.777390,0.000000,0.769924,-0.830165,0.195170,
1629325767.782950,0.000000,0.770173,-0.831171,0.194802,
1629325767.833004,0.000000,0.769974,-0.837915,0.194825,
1629325767.838517,0.000000,0.769887,-0.838578,0.194804,
1629325767.844072,0.000000,0.769984,-0.839213,0.194864,
1629325767.849611,0.000000,0.769922,-0.839882,0.194885,
1629325767.855195,0.000000,0.769582,-0.840647,0.195013,
1629325767.860798,0.000000,0.769558,-0.841401,0.195008,
1629325767.866292,0.000000,0.769543,-0.842144,0.194948,
1629325767.871852,0.000000,0.769599,-0.842801,0.194909,
1629325767.877404,0.000000,0.769540,-0.843618,0.194767,
1629325767.882951,0.000000,0.769194,-0.844552,0.194746,
1629325767.932952,0.000000,0.769070,-0.851253,0.194653,
1629325767.938508,0.000000,0.768962,-0.851858,0.194720,
1629325767.944155,0.000000,0.768709,-0.852523,0.194837,
1629325767.949617,0.000000,0.768644,-0.853178,0.194799,
1629325767.955176,0.000000,0.768545,-0.853876,0.194778,
1629325767.960729,0.000000,0.768472,-0.854560,0.194761,
1629325767.966291,0.000000,0.768475,-0.855350,0.194718,
1629325767.971837,0.000000,0.768409,-0.856183,0.194617,
1629325767.977396,0.000000,0.768370,-0.856967,0.194520,
1629325767.982947,0.000000,0.768462,-0.857793,0.194412,
1629325768.032945,0.000000,0.767658,-0.864524,0.194521,
1629325768.038498,0.000000,0.767513,-0.865218,0.194495,
1629325768.044055,0.000000,0.767331,-0.865844,0.194533,
1629325768.049641,0.000000,0.767218,-0.866509,0.194524,
1629325768.055161,0.000000,0.767105,-0.867164,0.194572,
1629325768.060737,0.000000,0.767078,-0.868138,0.194467,
1629325768.066282,0.000000,0.767045,-0.868838,0.194505,
1629325768.071850,0.000000,0.766943,-0.869632,0.194408,
1629325768.077420,0.000000,0.766860,-0.870302,0.194367,
1629325768.082953,0.000000,0.766775,-0.871058,0.194298,
1629325768.132994,0.000000,0.765625,-0.878020,0.193866,
1629325768.138502,0.000000,0.765571,-0.878430,0.194340,
1629325768.144114,0.000000,0.765397,-0.879052,0.194376,
1629325768.149618,0.000000,0.765252,-0.879657,0.194379,
1629325768.155184,0.000000,0.765092,-0.880290,0.194409,
1629325768.160736,0.000000,0.764890,-0.880987,0.194501,
1629325768.166281,0.000000,0.764719,-0.881674,0.194468,
1629325768.171834,0.000000,0.764605,-0.882450,0.194493,
1629325768.177391,0.000000,0.764460,-0.883223,0.194422,
1629325768.182951,0.000000,0.764334,-0.883975,0.194361,
1629325768.233047,0.000000,0.763232,-0.890664,0.194317,
1629325768.238505,0.000000,0.763005,-0.891297,0.194414,
1629325768.244061,0.000000,0.762784,-0.892027,0.194361,
1629325768.249612,0.000000,0.762578,-0.892657,0.194395,
1629325768.255167,0.000000,0.762393,-0.893274,0.194406,
1629325768.260731,0.000000,0.762227,-0.893927,0.194379,
1629325768.266282,0.000000,0.762045,-0.894571,0.194412,
1629325768.271848,0.000000,0.761883,-0.895318,0.194392,
1629325768.277396,0.000000,0.761714,-0.896034,0.194375,
1629325768.282949,0.000000,0.761547,-0.896891,0.194364,
1629325768.332956,0.000000,0.759984,-0.903657,0.194349,
1629325768.338510,0.000000,0.759703,-0.904377,0.194414,
1629325768.344059,0.000000,0.759476,-0.904983,0.194429,
1629325768.349621,0.000000,0.759361,-0.905685,0.194407,
1629325768.355175,0.000000,0.759100,-0.906403,0.194418,
1629325768.360737,0.000000,0.758893,-0.907058,0.194413,
1629325768.366284,0.000000,0.758712,-0.907712,0.194355,
1629325768.371835,0.000000,0.758419,-0.908325,0.194361,
1629325768.377504,0.000000,0.758163,-0.908997,0.194313,
1629325768.382956,0.000000,0.758031,-0.909794,0.194194,
1629325768.432952,0.000000,0.756139,-0.916619,0.194084,
1629325768.438514,0.000000,0.755892,-0.917174,0.194252,
1629325768.444069,0.000000,0.755645,-0.917846,0.194404,
1629325768.449613,0.000000,0.755410,-0.918463,0.194425,
1629325768.455174,0.000000,0.755220,-0.919096,0.194375,
1629325768.460697,0.000000,0.755150,-0.919718,0.194241,
1629325768.466234,0.000000,0.754676,-0.920640,0.194218,
1629325768.471807,0.000000,0.754458,-0.921401,0.194126,
1629325768.477354,0.000000,0.754224,-0.922124,0.194046,
1629325768.482900,0.000000,0.754016,-0.922822,0.194006,
1629325768.532881,0.000000,0.751987,-0.929342,0.193871,
1629325768.538433,0.000000,0.751782,-0.929728,0.194001,
1629325768.543994,0.000000,0.751495,-0.930277,0.194031,
1629325768.549553,0.000000,0.751282,-0.930913,0.194199,
1629325768.555099,0.000000,0.750939,-0.931598,0.194136,
1629325768.560670,0.000000,0.750739,-0.932335,0.194096,
1629325768.566259,0.000000,0.750420,-0.933212,0.193996,
1629325768.571822,0.000000,0.750205,-0.933746,0.194045,
1629325768.577374,0.000000,0.749914,-0.934412,0.193958,
1629325768.582992,0.000000,0.749584,-0.935365,0.193949,
1629325768.632929,0.000000,0.747312,-0.941724,0.193997,
1629325768.638480,0.000000,0.747039,-0.942398,0.194029,
1629325768.644047,0.000000,0.746727,-0.942960,0.194138,
1629325768.649590,0.000000,0.746151,-0.943764,0.194061,
1629325768.655154,0.000000,0.745770,-0.944461,0.194121,
1629325768.660710,0.000000,0.745480,-0.945139,0.194107,
1629325768.666343,0.000000,0.745431,-0.945741,0.194134,
1629325768.671816,0.000000,0.744958,-0.946570,0.194074,
1629325768.677357,0.000000,0.744651,-0.947262,0.194111,
1629325768.682929,0.000000,0.744484,-0.947843,0.194015,
1629325768.732928,0.000000,0.741606,-0.954627,0.193902,
1629325768.738477,0.000000,0.741410,-0.955091,0.193912,
1629325768.744029,0.000000,0.741067,-0.955695,0.193925,
1629325768.749591,0.000000,0.740764,-0.956320,0.193926,
1629325768.755132,0.000000,0.740388,-0.957042,0.193953,
1629325768.760709,0.000000,0.740038,-0.957752,0.193998,
1629325768.766247,0.000000,0.739710,-0.958396,0.194022,
1629325768.771818,0.000000,0.739378,-0.959036,0.194040,
1629325768.777372,0.000000,0.739004,-0.959800,0.194008,
1629325768.782932,0.000000,0.738524,-0.960583,0.193967,
1629325768.832920,0.000000,0.735756,-0.967163,0.193885,
1629325768.838491,0.000000,0.735369,-0.967773,0.193902,
1629325768.844030,0.000000,0.734855,-0.968113,0.193907,
1629325768.849584,0.000000,0.734529,-0.968509,0.193999,
1629325768.855150,0.000000,0.734266,-0.969519,0.193948,
1629325768.860709,0.000000,0.733903,-0.970152,0.193892,
1629325768.866260,0.000000,0.733587,-0.970787,0.193845,
1629325768.871821,0.000000,0.733279,-0.971424,0.193786,
1629325768.877378,0.000000,0.732969,-0.972200,0.193678,
1629325768.882931,0.000000,0.732806,-0.972312,0.193348,
1629325768.932935,0.000000,0.729172,-0.979100,0.193559,
1629325768.938486,0.000000,0.728850,-0.979681,0.193556,
1629325768.944033,0.000000,0.728493,-0.980203,0.193648,
1629325768.949591,0.000000,0.728167,-0.980754,0.193639,
1629325768.955233,0.000000,0.727844,-0.981147,0.193666,
1629325768.960712,0.000000,0.727376,-0.981926,0.193625,
1629325768.966254,0.000000,0.726983,-0.982384,0.193743,
1629325768.971810,0.000000,0.726403,-0.983233,0.193629,
1629325768.977376,0.000000,0.726133,-0.983804,0.193614,
1629325768.982923,0.000000,0.725757,-0.984777,0.193381,
1629325769.032922,0.000000,0.722284,-0.990580,0.193346,
1629325769.038462,0.000000,0.721800,-0.990866,0.193407,
1629325769.044031,0.000000,0.721309,-0.991523,0.193455,
1629325769.049591,0.000000,0.721202,-0.991557,0.193572,
1629325769.055138,0.000000,0.720796,-0.992103,0.193555,
1629325769.060703,0.000000,0.720260,-0.992715,0.193524,
1629325769.066269,0.000000,0.719877,-0.993850,0.193468,
1629325769.071809,0.000000,0.719524,-0.994508,0.193402,
1629325769.077370,0.000000,0.719198,-0.995086,0.193307,
1629325769.082893,0.000000,0.718701,-0.995417,0.193546,
1629325769.132883,0.000000,0.715058,-1.001603,0.193171,
1629325769.138442,0.000000,0.714593,-1.001915,0.193364,
1629325769.143991,0.000000,0.714252,-1.002342,0.193379,
1629325769.149548,0.000000,0.713896,-1.003157,0.193147,
1629325769.155110,0.000000,0.713503,-1.003701,0.193113,
1629325769.160664,0.000000,0.713054,-1.004290,0.193101,
1629325769.166221,0.000000,0.712492,-1.005044,0.193146,
1629325769.171802,0.000000,0.712062,-1.005663,0.193152,
1629325769.177334,0.000000,0.711520,-1.006144,0.193306,
1629325769.182897,0.000000,0.711218,-1.006548,0.193310,
1629325769.232881,0.000000,0.707364,-1.012149,0.193094,
1629325769.238433,0.000000,0.706963,-1.012842,0.192985,
1629325769.243977,0.000000,0.706531,-1.013373,0.192973,
1629325769.249646,0.000000,0.706062,-1.013865,0.193039,
1629325769.255133,0.000000,0.705639,-1.014391,0.192981,
1629325769.260679,0.000000,0.705109,-1.014856,0.193158,
1629325769.266242,0.000000,0.704613,-1.015313,0.193244,
1629325769.271797,0.000000,0.704176,-1.015924,0.193097,
1629325769.277348,0.000000,0.703799,-1.016391,0.193154,
1629325769.282905,0.000000,0.703200,-1.017136,0.193142,
1629325769.332954,0.000000,0.699071,-1.022869,0.192767,
1629325769.338510,0.000000,0.698608,-1.023410,0.192784,
1629325769.344069,0.000000,0.698123,-1.023880,0.192870,
1629325769.349658,0.000000,0.697780,-1.024235,0.192849,
1629325769.355175,0.000000,0.697391,-1.024737,0.192892,
1629325769.360739,0.000000,0.696961,-1.025055,0.192998,
1629325769.366293,0.000000,0.696347,-1.025606,0.193026,
1629325769.371849,0.000000,0.695898,-1.026102,0.193112,
1629325769.377403,0.000000,0.695471,-1.026591,0.193109,
1629325769.382983,0.000000,0.694983,-1.027201,0.193069,
1629325769.432965,0.000000,0.690603,-1.032672,0.192472,
1629325769.438517,0.000000,0.690022,-1.033230,0.192741,
1629325769.444073,0.000000,0.689536,-1.033383,0.192912,
1629325769.449619,0.000000,0.689133,-1.033971,0.192828,
1629325769.455168,0.000000,0.688704,-1.034527,0.192704,
1629325769.460747,0.000000,0.688323,-1.035009,0.192658,
1629325769.466281,0.000000,0.687747,-1.035640,0.192722,
1629325769.471841,0.000000,0.687160,-1.036134,0.192830,
1629325769.477410,0.000000,0.686669,-1.036654,0.192691,
1629325769.482959,0.000000,0.686219,-1.037158,0.192679,
1629325769.532905,0.000000,0.681428,-1.042313,0.192428,
1629325769.538546,0.000000,0.681001,-1.042655,0.192497,
1629325769.544016,0.000000,0.680413,-1.043298,0.192443,
1629325769.549586,0.000000,0.680006,-1.043667,0.192613,
1629325769.555128,0.000000,0.679553,-1.044095,0.192524,
1629325769.560688,0.000000,0.678866,-1.044717,0.192633,
1629325769.566237,0.000000,0.678357,-1.045190,0.192543,
1629325769.571795,0.000000,0.677936,-1.045585,0.192540,
1629325769.577354,0.000000,0.677457,-1.045996,0.192523,
1629325769.582924,0.000000,0.676926,-1.046559,0.192561,
1629325769.632917,0.000000,0.671855,-1.051754,0.191983,
1629325769.638475,0.000000,0.671466,-1.052451,0.192047,
1629325769.644022,0.000000,0.671034,-1.052980,0.192045,
1629325769.649573,0.000000,0.670527,-1.053088,0.192281,
1629325769.655143,0.000000,0.670030,-1.053357,0.192376,
1629325769.660696,0.000000,0.669338,-1.053859,0.192314,
1629325769.666248,0.000000,0.668549,-1.054588,0.192209,
1629325769.671810,0.000000,0.668598,-1.054379,0.192334,
1629325769.677362,0.000000,0.667831,-1.055046,0.192451,
1629325769.683017,0.000000,0.667266,-1.055532,0.192400,
1629325769.732956,0.000000,0.662027,-1.060409,0.191904,
1629325769.738500,0.000000,0.661373,-1.060798,0.192160,
1629325769.744060,0.000000,0.660890,-1.061250,0.192307,
1629325769.749627,0.000000,0.660373,-1.061713,0.192335,
1629325769.755243,0.000000,0.659799,-1.062031,0.192312,
1629325769.760715,0.000000,0.659327,-1.062460,0.192330,
1629325769.766294,0.000000,0.658767,-1.062860,0.192346,
1629325769.771847,0.000000,0.658209,-1.063287,0.192351,
1629325769.777422,0.000000,0.657613,-1.063707,0.192362,
1629325769.782956,0.000000,0.657017,-1.064149,0.192434,
1629325769.832934,0.000000,0.651822,-1.068833,0.191962,
1629325769.838504,0.000000,0.651251,-1.069212,0.192080,
1629325769.844057,0.000000,0.650566,-1.069690,0.192162,
1629325769.849601,0.000000,0.649999,-1.069947,0.192349,
1629325769.855210,0.000000,0.649426,-1.070291,0.192412,
1629325769.860724,0.000000,0.648982,-1.070511,0.192462,
1629325769.866279,0.000000,0.648370,-1.070921,0.192433,
1629325769.871835,0.000000,0.647581,-1.071549,0.192381,
1629325769.877376,0.000000,0.647008,-1.071920,0.192389,
1629325769.882948,0.000000,0.646611,-1.072402,0.192376,
1629325769.932931,0.000000,0.641366,-1.076590,0.191976,
1629325769.938495,0.000000,0.640569,-1.077049,0.192093,
1629325769.944050,0.000000,0.639970,-1.077415,0.192200,
1629325769.949601,0.000000,0.639466,-1.077761,0.192346,
1629325769.955159,0.000000,0.638932,-1.077983,0.192617,
1629325769.960721,0.000000,0.638324,-1.078335,0.192670,
1629325769.966293,0.000000,0.637589,-1.078757,0.192610,
1629325769.971915,0.000000,0.637065,-1.079164,0.192585,
1629325769.977386,0.000000,0.636552,-1.079632,0.192466,
1629325769.982938,0.000000,0.635922,-1.079977,0.192524,
1629325770.032945,0.000000,0.630277,-1.084119,0.191919,
1629325770.038487,0.000000,0.629535,-1.084460,0.192014,
1629325770.044046,0.000000,0.628869,-1.084786,0.192212,
1629325770.049608,0.000000,0.628280,-1.085187,0.192172,
1629325770.055172,0.000000,0.627745,-1.085537,0.192174,
1629325770.060720,0.000000,0.627215,-1.085800,0.192154,
1629325770.066272,0.000000,0.626475,-1.086043,0.192365,
1629325770.071827,0.000000,0.625879,-1.086383,0.192316,
1629325770.077387,0.000000,0.625306,-1.086664,0.192160,
1629325770.082946,0.000000,0.624705,-1.087072,0.192110,
1629325770.132947,0.000000,0.618281,-1.090830,0.192380,
1629325770.138499,0.000000,0.617694,-1.091345,0.192290,
1629325770.144050,0.000000,0.617201,-1.091708,0.192174,
1629325770.149607,0.000000,0.616540,-1.091977,0.192249,
1629325770.155170,0.000000,0.615635,-1.092092,0.192718,
1629325770.160723,0.000000,0.615158,-1.092380,0.192737,
1629325770.166282,0.000000,0.614574,-1.092731,0.192527,
1629325770.171835,0.000000,0.614083,-1.092979,0.192495,
1629325770.177388,0.000000,0.613510,-1.093373,0.192465,
1629325770.183002,0.000000,0.612776,-1.093727,0.192573,
1629325770.232936,0.000000,0.606622,-1.097653,0.192131,
1629325770.238502,0.000000,0.605899,-1.097970,0.192302,
1629325770.244052,0.000000,0.605251,-1.098284,0.192421,
1629325770.249713,0.000000,0.604562,-1.098519,0.192509,
1629325770.255162,0.000000,0.603843,-1.098749,0.192585,
1629325770.260798,0.000000,0.603278,-1.099093,0.192579,
1629325770.266267,0.000000,0.602678,-1.098984,0.192697,
1629325770.271825,0.000000,0.602048,-1.099387,0.192754,
1629325770.277383,0.000000,0.601355,-1.099805,0.192898,
1629325770.282942,0.000000,0.600745,-1.100219,0.192718,
1629325770.332935,0.000000,0.594411,-1.103631,0.192303,
1629325770.338500,0.000000,0.593746,-1.103910,0.192506,
1629325770.344054,0.000000,0.593129,-1.104194,0.192572,
1629325770.349612,0.000000,0.592525,-1.104452,0.192663,
1629325770.355170,0.000000,0.591972,-1.104682,0.192713,
1629325770.360728,0.000000,0.591474,-1.104999,0.192576,
1629325770.366299,0.000000,0.590835,-1.105260,0.192562,
1629325770.371838,0.000000,0.590100,-1.105598,0.192736,
1629325770.377391,0.000000,0.589408,-1.105857,0.192728,
1629325770.382960,0.000000,0.588549,-1.106081,0.192761,
1629325770.432945,0.000000,0.581918,-1.109280,0.192286,
1629325770.438497,0.000000,0.581257,-1.109554,0.192313,
1629325770.444039,0.000000,0.580568,-1.109768,0.192422,
1629325770.449602,0.000000,0.580034,-1.109941,0.192570,
1629325770.455151,0.000000,0.579440,-1.110133,0.192656,
1629325770.460724,0.000000,0.578856,-1.110399,0.192802,
1629325770.466256,0.000000,0.578305,-1.110736,0.192688,
1629325770.471823,0.000000,0.577634,-1.110919,0.192790,
1629325770.477378,0.000000,0.576843,-1.111094,0.192912,
1629325770.482929,0.000000,0.576104,-1.111380,0.192791,
1629325770.532944,0.000000,0.569611,-1.114178,0.192219,
1629325770.538487,0.000000,0.568872,-1.114372,0.192378,
1629325770.544046,0.000000,0.568252,-1.114722,0.192276,
1629325770.549690,0.000000,0.567592,-1.114896,0.192437,
1629325770.555156,0.000000,0.566882,-1.115082,0.192585,
1629325770.560707,0.000000,0.566286,-1.115265,0.192589,
1629325770.566267,0.000000,0.565709,-1.115303,0.192597,
1629325770.571902,0.000000,0.564903,-1.115568,0.192859,
1629325770.577376,0.000000,0.564292,-1.115740,0.192784,
1629325770.582938,0.000000,0.563622,-1.115966,0.192775,
1629325770.632940,0.000000,0.557065,-1.118602,0.192136,
1629325770.638495,0.000000,0.556231,-1.118787,0.192155,
1629325770.644053,0.000000,0.555587,-1.118930,0.192338,
1629325770.649598,0.000000,0.554891,-1.119063,0.192518,
1629325770.655150,0.000000,0.554274,-1.119272,0.192734,
1629325770.660725,0.000000,0.553776,-1.119656,0.192582,
1629325770.666276,0.000000,0.553072,-1.119765,0.192713,
1629325770.671844,0.000000,0.552433,-1.119982,0.192639,
1629325770.677392,0.000000,0.551715,-1.120036,0.192798,
1629325770.682935,0.000000,0.551001,-1.120221,0.192842,
1629325770.732941,0.000000,0.544588,-1.122642,0.191795,
1629325770.738497,0.000000,0.543628,-1.122978,0.191998,
1629325770.744046,0.000000,0.543014,-1.123037,0.191970,
1629325770.749570,0.000000,0.542407,-1.123146,0.192038,
1629325770.755125,0.000000,0.541585,-1.123302,0.192160,
1629325770.760677,0.000000,0.540863,-1.123381,0.192271,
1629325770.766243,0.000000,0.540228,-1.123679,0.192413,
1629325770.771804,0.000000,0.539613,-1.123858,0.192462,
1629325770.777357,0.000000,0.538704,-1.123734,0.192772,
1629325770.782904,0.000000,0.538004,-1.123910,0.192737,
1629325770.832908,0.000000,0.531326,-1.125808,0.192192,
1629325770.838454,0.000000,0.530813,-1.126295,0.191880,
1629325770.844114,0.000000,0.530012,-1.126435,0.191935,
1629325770.849581,0.000000,0.529260,-1.126524,0.192083,
1629325770.855115,0.000000,0.528435,-1.126596,0.192162,
1629325770.860682,0.000000,0.527849,-1.126733,0.192177,
1629325770.866232,0.000000,0.527233,-1.127061,0.192009,
1629325770.871787,0.000000,0.526533,-1.127135,0.192075,
1629325770.877340,0.000000,0.525845,-1.127192,0.192006,
1629325770.882903,0.000000,0.525149,-1.127300,0.192090,
1629325770.932904,0.000000,0.518233,-1.128594,0.192300,
1629325770.938459,0.000000,0.517531,-1.128755,0.192466,
1629325770.944016,0.000000,0.516630,-1.128827,0.192284,
1629325770.949591,0.000000,0.515934,-1.128933,0.192144,
1629325770.955104,0.000000,0.515239,-1.128982,0.192207,
1629325770.960670,0.000000,0.514702,-1.129085,0.192287,
1629325770.966247,0.000000,0.513837,-1.129012,0.192782,
1629325770.971776,0.000000,0.513276,-1.129131,0.192749,
1629325770.977334,0.000000,0.512555,-1.129338,0.192730,
1629325770.982912,0.000000,0.511850,-1.129449,0.192758,
1629325771.032948,0.000000,0.505201,-1.130801,0.191933,
1629325771.038426,0.000000,0.504736,-1.131005,0.191650,
1629325771.043998,0.000000,0.503799,-1.131184,0.191827,
1629325771.049556,0.000000,0.503073,-1.131296,0.192068,
1629325771.055106,0.000000,0.502323,-1.131283,0.192245,
1629325771.060710,0.000000,0.501541,-1.131279,0.192580,
1629325771.066259,0.000000,0.500928,-1.131353,0.192788,
1629325771.071820,0.000000,0.500124,-1.131119,0.192859,
1629325771.077379,0.000000,0.499355,-1.131167,0.192819,
1629325771.082945,0.000000,0.498966,-1.131502,0.192688,
1629325771.133033,0.000000,0.492308,-1.132206,0.192069,
1629325771.138490,0.000000,0.491613,-1.132339,0.191994,
1629325771.144058,0.000000,0.490557,-1.132413,0.192216,
1629325771.149589,0.000000,0.490032,-1.132528,0.192033,
1629325771.155135,0.000000,0.489389,-1.132607,0.192144,
1629325771.160697,0.000000,0.488751,-1.132675,0.192065,
1629325771.166257,0.000000,0.488061,-1.132794,0.191944,
1629325771.171818,0.000000,0.487109,-1.132678,0.192267,
1629325771.177375,0.000000,0.486481,-1.132718,0.192551,
1629325771.182936,0.000000,0.485902,-1.132744,0.192610,
1629325771.232919,0.000000,0.478857,-1.133538,0.191582,
1629325771.238496,0.000000,0.478197,-1.133648,0.191895,
1629325771.244027,0.000000,0.477474,-1.133718,0.191972,
1629325771.249608,0.000000,0.476841,-1.133710,0.191877,
1629325771.255161,0.000000,0.476131,-1.133790,0.192125,
1629325771.260718,0.000000,0.475317,-1.133787,0.192144,
1629325771.266277,0.000000,0.474428,-1.133327,0.192704,
1629325771.271837,0.000000,0.473883,-1.133358,0.192738,
1629325771.277470,0.000000,0.473288,-1.133392,0.192409,
1629325771.282950,0.000000,0.472598,-1.133358,0.192409,
1629325771.332951,0.000000,0.465832,-1.133989,0.192191,
1629325771.338501,0.000000,0.465161,-1.133944,0.191922,
1629325771.344057,0.000000,0.464339,-1.134083,0.191876,
1629325771.349612,0.000000,0.463470,-1.133947,0.192165,
1629325771.355175,0.000000,0.462755,-1.133921,0.192239,
1629325771.360727,0.000000,0.462027,-1.133787,0.192522,
1629325771.366279,0.000000,0.461480,-1.133909,0.192449,
1629325771.371834,0.000000,0.460740,-1.133986,0.192387,
1629325771.377389,0.000000,0.460137,-1.133964,0.192362,
1629325771.382950,0.000000,0.459558,-1.134001,0.192382,
1629325771.432944,0.000000,0.452819,-1.133776,0.192148,
1629325771.438507,0.000000,0.452087,-1.133803,0.192115,
1629325771.444049,0.000000,0.451432,-1.134065,0.191989,
1629325771.449603,0.000000,0.450636,-1.133961,0.192205,
1629325771.455165,0.000000,0.449911,-1.133942,0.192157,
1629325771.460722,0.000000,0.449251,-1.133880,0.192244,
1629325771.466284,0.000000,0.448516,-1.133880,0.192158,
1629325771.471844,0.000000,0.447859,-1.133813,0.192368,
1629325771.477384,0.000000,0.447271,-1.133799,0.192370,
1629325771.482938,0.000000,0.446304,-1.133493,0.192326,
1629325771.532949,0.000000,0.439810,-1.133499,0.192134,
1629325771.538501,0.000000,0.439154,-1.133507,0.192147,
1629325771.544049,0.000000,0.438198,-1.133009,0.192522,
1629325771.549619,0.000000,0.437502,-1.132938,0.192612,
1629325771.555168,0.000000,0.436802,-1.133244,0.192278,
1629325771.560720,0.000000,0.436154,-1.133228,0.192258,
1629325771.566350,0.000000,0.435566,-1.133209,0.192324,
1629325771.571854,0.000000,0.434795,-1.133037,0.192505,
1629325771.577391,0.000000,0.434049,-1.132940,0.192509,
1629325771.582942,0.000000,0.433417,-1.132859,0.192545,
1629325771.632933,0.000000,0.426403,-1.131764,0.192775,
1629325771.638492,0.000000,0.425497,-1.131665,0.192800,
1629325771.644049,0.000000,0.424749,-1.131707,0.192897,
1629325771.649611,0.000000,0.423882,-1.131527,0.192761,
1629325771.655151,0.000000,0.423112,-1.131345,0.192621,
1629325771.660713,0.000000,0.422435,-1.131274,0.192649,
1629325771.666269,0.000000,0.421856,-1.131204,0.192664,
1629325771.671820,0.000000,0.421267,-1.131106,0.192901,
1629325771.677394,0.000000,0.420742,-1.131040,0.192764,
1629325771.682939,0.000000,0.420059,-1.130813,0.192919,
1629325771.732941,0.000000,0.413537,-1.130305,0.192530,
1629325771.738488,0.000000,0.412574,-1.130114,0.192732,
1629325771.744046,0.000000,0.411852,-1.130036,0.192716,
1629325771.749598,0.000000,0.410935,-1.129813,0.192524,
1629325771.755153,0.000000,0.410135,-1.129717,0.192511,
1629325771.760711,0.000000,0.409428,-1.128980,0.193219,
1629325771.766281,0.000000,0.408696,-1.128820,0.193205,
1629325771.771825,0.000000,0.407797,-1.128522,0.193513,
1629325771.777390,0.000000,0.407242,-1.128135,0.193953,
1629325771.782902,0.000000,0.406731,-1.128229,0.193620,
1629325771.799564,0.000000,0.404847,-1.127974,0.193509,
1629325771.805118,0.000000,0.404164,-1.128043,0.193331,
1629325771.810669,0.000000,0.403316,-1.127698,0.193284,
1629325771.816233,0.000000,0.402524,-1.127700,0.192982,
1629325771.821782,0.000000,0.401823,-1.127570,0.193113,
1629325771.827335,0.000000,0.400701,-1.127842,0.192498,
1629325771.832910,0.000000,0.399996,-1.127763,0.192553,
1629325771.838462,0.000000,0.399071,-1.127677,0.192294,
1629325771.844002,0.000000,0.398531,-1.127589,0.192361,
1629325771.849559,0.000000,0.397608,-1.126642,0.193224,
