1629325866.000000,574993372.000000,-0.000892,0.001031,0.000374,-0.008485,0.036447,-0.000650,0.999299,-0.002834,0.004166,0.008749,-0.006930,-0.003588,-0.000052,
1629325866.000000,579996347.000000,-0.000796,0.001379,0.000104,-0.008509,0.036401,-0.000665,0.999301,-0.001802,0.007884,0.002846,0.008021,-0.003135,-0.001250,
1629325866.000000,585000277.000000,-0.000804,0.001419,0.000120,-0.008490,0.036419,-0.000666,0.999300,-0.001813,0.007888,0.002986,-0.002464,0.000582,-0.001167,
1629325866.000000,590002537.000000,-0.000812,0.001459,0.000136,-0.008512,0.036401,-0.000675,0.999301,-0.001856,0.007890,0.003073,-0.006976,-0.007181,-0.006529,
1629325866.000000,595006227.000000,-0.000820,0.001499,0.000151,-0.008512,0.036403,-0.000685,0.999301,-0.001900,0.007889,0.003273,0.005949,0.009883,0.003003,
1629325866.000000,600009203.000000,-0.000825,0.001539,0.000165,-0.008497,0.036419,-0.000672,0.999300,-0.001622,0.007891,0.003308,0.001719,-0.006914,0.002083,
1629325866.000000,605012417.000000,-0.000828,0.001578,0.000180,-0.008503,0.036399,-0.000673,0.999301,-0.001350,0.007892,0.003365,-0.003694,0.007537,0.001927,
1629325866.000000,610015392.000000,-0.000827,0.001620,0.000200,-0.008506,0.036427,-0.000663,0.999300,-0.000618,0.008131,0.004023,0.002711,-0.005706,0.002047,
1629325866.000000,615018368.000000,-0.000634,0.000523,0.000507,-0.008417,0.036379,-0.000646,0.999302,-0.000073,-0.003985,0.009604,0.003826,-0.012550,-0.001164,
1629325866.000000,620021582.000000,-0.000630,0.000504,0.000556,-0.008412,0.036382,-0.000645,0.999302,0.000106,-0.003898,0.009965,0.000599,0.014140,0.004142,
1629325866.000000,710078239.000000,0.001566,0.000601,-0.000090,-0.009346,0.028496,-0.002678,0.999547,0.142298,-0.013411,-0.003350,-0.016669,0.283325,-0.352533,
1629325866.000000,715081215.000000,0.002347,0.000521,-0.000172,-0.009165,0.029668,-0.003652,0.999511,0.167666,-0.016144,-0.004630,0.213178,0.683269,-0.393429,
1629325866.000000,720085382.000000,0.003072,0.000359,-0.000044,-0.008493,0.031931,-0.004653,0.999443,0.174083,-0.025885,0.016784,0.268973,1.129501,-0.369786,
1629325866.000000,725088358.000000,0.003994,0.000211,0.000002,-0.008018,0.034771,-0.005593,0.999348,0.193638,-0.030532,0.023860,0.121004,0.979328,-0.356861,
1629325866.000000,730091572.000000,0.005012,0.000037,0.000062,-0.007875,0.036583,-0.006539,0.999278,0.212639,-0.035125,0.029994,0.029119,0.513563,-0.393031,
1629325866.000000,735094547.000000,0.005697,0.000039,0.000025,-0.007845,0.037277,-0.007591,0.999245,0.171607,-0.011332,0.014203,0.033429,-0.002175,-0.439003,
1629325866.000000,740097284.000000,0.006544,-0.000014,0.000026,-0.007815,0.036781,-0.008679,0.999255,0.166416,-0.004583,0.010623,0.006230,-0.291192,-0.413668,
1629325866.000000,745100260.000000,0.004979,-0.001027,-0.000251,-0.007743,0.035579,-0.009304,0.999294,0.102910,0.000093,0.013135,-0.012263,-0.500008,-0.379435,
1629325866.000000,750104427.000000,0.005564,-0.001268,-0.000248,-0.007761,0.034278,-0.010268,0.999329,0.107941,-0.019800,0.009477,0.039007,-0.446518,-0.407197,
1629325866.000000,755107164.000000,0.006100,-0.001383,-0.000247,-0.007688,0.033520,-0.011336,0.999344,0.106859,-0.021426,0.006790,0.034077,-0.152909,-0.444639,
1629325866.000000,800135136.000000,0.008306,-0.002308,0.001683,-0.007958,0.036112,-0.021539,0.999084,0.092837,-0.018348,0.020391,-0.037366,-0.029863,-0.436242,
1629325866.000000,805138350.000000,0.008774,-0.002412,0.001751,-0.008065,0.036046,-0.022613,0.999062,0.093518,-0.015652,0.019287,0.006758,0.018684,-0.421414,
1629325866.000000,810141325.000000,0.009352,-0.003397,0.001465,-0.008013,0.035666,-0.023671,0.999051,0.095491,-0.020531,0.016170,0.036168,0.081903,-0.426759,
1629325866.000000,815144300.000000,0.009832,-0.003516,0.001522,-0.007944,0.035975,-0.024783,0.999014,0.096058,-0.017844,0.016787,0.054949,0.197962,-0.457797,
1629325866.000000,820148468.000000,0.010327,-0.003624,0.001568,-0.007773,0.036526,-0.025939,0.998966,0.097047,-0.015145,0.017001,0.105130,0.209532,-0.447307,
1629325866.000000,825151443.000000,0.010820,-0.003719,0.001607,-0.007513,0.036930,-0.027041,0.998924,0.097838,-0.012440,0.016867,0.111728,0.139851,-0.431061,
1629325866.000000,830154181.000000,0.010939,-0.004168,0.001926,-0.007283,0.037230,-0.028124,0.998884,0.073958,-0.035569,0.032733,0.102937,0.114557,-0.422686,
1629325866.000000,835157394.000000,0.011297,-0.004371,0.002044,-0.007105,0.037404,-0.029171,0.998849,0.069766,-0.038082,0.034560,0.048948,0.010105,-0.408782,
1629325866.000000,840160370.000000,0.011626,-0.004585,0.002166,-0.007084,0.037223,-0.030192,0.998826,0.065238,-0.040629,0.036026,0.023903,-0.141792,-0.411929,
1629325866.000000,845164537.000000,0.013344,-0.005930,0.001743,-0.007027,0.036713,-0.031341,0.998810,0.084958,-0.050400,0.013769,-0.002177,-0.258095,-0.432409,
1629325866.000000,890192270.000000,0.017846,-0.007610,0.003138,-0.007081,0.036703,-0.041275,0.998448,0.110761,-0.031021,0.016232,-0.025589,0.007267,-0.446466,
1629325866.000000,895195246.000000,0.018395,-0.007808,0.003182,-0.007207,0.036678,-0.042390,0.998402,0.112267,-0.029701,0.015481,-0.032206,0.003220,-0.451711,
1629325866.000000,900198221.000000,0.018950,-0.008000,0.003221,-0.007321,0.036800,-0.043530,0.998347,0.113687,-0.028369,0.014713,-0.036233,0.109345,-0.462410,
1629325866.000000,905201435.000000,0.019492,-0.008231,0.003347,-0.007439,0.037157,-0.044680,0.998282,0.112076,-0.033668,0.026382,-0.028985,0.154365,-0.453951,
1629325866.000000,910205364.000000,0.021334,-0.007683,0.002915,-0.007575,0.037251,-0.045843,0.998225,0.122240,-0.029174,0.026626,0.025355,0.106439,-0.439065,
1629325866.000000,915208340.000000,0.021939,-0.007888,0.003014,-0.007452,0.037447,-0.046953,0.998167,0.122387,-0.030484,0.030160,0.094752,0.059944,-0.449672,
1629325866.000000,920211315.000000,0.022445,-0.008147,0.003260,-0.007225,0.037594,-0.048103,0.998109,0.110509,-0.038620,0.047581,0.099209,0.099766,-0.458338,
1629325866.000000,925214291.000000,0.022983,-0.008399,0.003486,-0.007034,0.037906,-0.049246,0.998042,0.106477,-0.042210,0.056091,0.081842,0.147014,-0.446588,
1629325866.000000,930217266.000000,0.023502,-0.008667,0.003749,-0.006854,0.038185,-0.050354,0.997978,0.102470,-0.045821,0.064264,0.085114,0.069740,-0.434813,
1629325866.000000,935220480.000000,0.023970,-0.008880,0.003840,-0.006684,0.038265,-0.051431,0.997921,0.095276,-0.039207,0.042116,0.075592,0.035134,-0.418894,
1629325866.000000,985252142.000000,0.034627,-0.008775,0.002517,-0.006769,0.037916,-0.062223,0.997319,0.166267,0.001240,0.004239,0.002165,0.054065,-0.438197,
1629325866.000000,990255356.000000,0.035454,-0.008868,0.002473,-0.006812,0.037961,-0.063341,0.997247,0.167657,0.003705,0.001887,-0.004316,0.038108,-0.455380,
1629325866.000000,995258331.000000,0.036293,-0.008951,0.002416,-0.006879,0.038082,-0.064467,0.997169,0.169434,0.006189,-0.000262,-0.026605,0.023526,-0.439483,
1629325867.000000,261307.000000,0.037126,-0.009054,0.002388,-0.007014,0.038037,-0.065549,0.997100,0.168878,0.004150,0.003144,-0.039542,-0.043971,-0.442406,
1629325867.000000,5265474.000000,0.037966,-0.009143,0.002339,-0.007159,0.037983,-0.066669,0.997026,0.169293,0.004827,0.002960,-0.041562,0.032077,-0.452249,
1629325867.000000,10268211.000000,0.040729,-0.007973,0.000107,-0.007336,0.037841,-0.067835,0.996952,0.173140,0.016750,-0.015426,-0.016086,0.063883,-0.453364,
1629325867.000000,15271187.000000,0.041562,-0.008124,0.000252,-0.007316,0.037949,-0.068961,0.996871,0.168948,0.003233,0.016565,0.070140,0.055515,-0.440704,
1629325867.000000,20274401.000000,0.042406,-0.008234,0.000284,-0.007096,0.038132,-0.070065,0.996788,0.167815,-0.000731,0.025547,0.106820,0.114058,-0.445812,
1629325867.000000,25277376.000000,0.043248,-0.008364,0.000369,-0.006857,0.038468,-0.071193,0.996697,0.166838,-0.004681,0.035186,0.104292,0.175529,-0.437582,
1629325867.000000,30280352.000000,0.044030,-0.008462,0.000349,-0.006625,0.038872,-0.072270,0.996605,0.158825,-0.001793,0.023131,0.081080,0.139893,-0.423479,
1629325867.000000,70305347.000000,0.050289,-0.011356,-0.000510,-0.006209,0.037304,-0.080577,0.996031,0.158395,-0.009702,0.011390,0.051256,0.168783,-0.396019,
1629325867.000000,75309515.000000,0.050642,-0.011865,-0.000014,-0.006019,0.037760,-0.081675,0.995925,0.168222,-0.014870,0.016847,0.050181,0.194307,-0.408857,
1629325867.000000,80312490.000000,0.051348,-0.012056,-0.000023,-0.005893,0.038255,-0.082705,0.995822,0.158837,-0.014272,0.014275,0.050110,0.207242,-0.401663,
1629325867.000000,85315466.000000,0.052122,-0.012257,-0.000007,-0.005778,0.038637,-0.083695,0.995725,0.158529,-0.013797,0.014683,0.041681,0.077319,-0.397118,
1629325867.000000,90318441.000000,0.052896,-0.012458,0.000009,-0.005696,0.038730,-0.084680,0.995639,0.158394,-0.013321,0.014703,0.057455,0.066463,-0.379289,
1629325867.000000,95321178.000000,0.053577,-0.012685,0.000094,-0.005541,0.038900,-0.085608,0.995554,0.145093,-0.019130,0.023760,0.074743,0.035194,-0.370459,
1629325867.000000,100325108.000000,0.054268,-0.012906,0.000170,-0.005377,0.038773,-0.086521,0.995481,0.139059,-0.021218,0.027783,0.101145,-0.112828,-0.343115,
1629325867.000000,105328321.000000,0.054925,-0.013134,0.000272,-0.005183,0.038252,-0.087364,0.995428,0.132675,-0.023344,0.032015,0.100397,-0.298952,-0.347968,
1629325867.000000,110331297.000000,0.054951,-0.012686,0.000396,-0.005112,0.037079,-0.088384,0.995383,0.110131,-0.024333,0.045115,0.082081,-0.364255,-0.380432,
1629325867.000000,115334272.000000,0.055471,-0.012906,0.000596,-0.005036,0.036213,-0.089368,0.995327,0.103788,-0.026499,0.049935,0.066192,-0.304561,-0.410180,
1629325867.000000,205391407.000000,0.067672,-0.017096,0.000411,-0.004393,0.037005,-0.109508,0.993287,0.171717,-0.005338,-0.015516,-0.056272,0.051497,-0.482960,
1629325867.000000,210394382.000000,0.067741,-0.017548,-0.000283,-0.004479,0.036976,-0.110667,0.993159,0.163882,-0.009173,-0.025275,-0.072253,0.040724,-0.483060,
1629325867.000000,215397120.000000,0.068519,-0.017772,-0.000477,-0.004691,0.037108,-0.111856,0.993020,0.163850,-0.008128,-0.028394,-0.070109,0.062834,-0.478790,
1629325867.000000,220400333.000000,0.069304,-0.017983,-0.000689,-0.004886,0.037322,-0.113029,0.992878,0.164434,-0.005900,-0.031689,-0.073221,0.093743,-0.469214,
1629325867.000000,225404263.000000,0.070085,-0.018195,-0.000915,-0.005094,0.037617,-0.114177,0.992735,0.164652,-0.004489,-0.034765,-0.084984,0.137009,-0.460659,
1629325867.000000,230407238.000000,0.070868,-0.018402,-0.001157,-0.005328,0.037958,-0.115303,0.992591,0.164886,-0.003078,-0.037794,-0.098819,0.090938,-0.451106,
1629325867.000000,235410452.000000,0.071633,-0.018618,-0.001244,-0.005592,0.038120,-0.116410,0.992454,0.161106,-0.004615,-0.017369,-0.084030,0.045685,-0.451035,
1629325867.000000,240413427.000000,0.072401,-0.018826,-0.001374,-0.005751,0.038273,-0.117528,0.992315,0.159583,-0.004411,-0.010905,-0.012707,0.073513,-0.450068,
1629325867.000000,245416164.000000,0.072964,-0.019454,-0.001207,-0.005561,0.038569,-0.118671,0.992169,0.154222,-0.010232,0.007967,0.122477,0.091651,-0.437347,
1629325867.000000,250419378.000000,0.073617,-0.019741,-0.001073,-0.005126,0.038826,-0.119769,0.992029,0.143862,-0.018856,0.029064,0.211330,0.189644,-0.436196,
1629325867.000000,295448542.000000,0.079595,-0.022495,-0.001266,-0.005669,0.037450,-0.129242,0.990889,0.145895,-0.032956,0.011917,0.001271,0.271421,-0.421502,
1629325867.000000,300451040.000000,0.080335,-0.022743,-0.001311,-0.005602,0.038219,-0.130286,0.990724,0.154681,-0.021067,0.006954,0.000229,0.307240,-0.424527,
1629325867.000000,305454254.000000,0.081065,-0.023042,-0.001338,-0.005570,0.038870,-0.131361,0.990557,0.159709,-0.018581,0.005653,-0.012559,0.225995,-0.437467,
1629325867.000000,310457230.000000,0.081821,-0.022559,-0.001321,-0.005572,0.039527,-0.132491,0.990380,0.164179,-0.003469,0.000901,-0.038102,0.059863,-0.429084,
1629325867.000000,315460205.000000,0.082443,-0.022745,-0.001220,-0.005750,0.039384,-0.133536,0.990245,0.148754,-0.001631,0.014319,-0.046780,-0.197537,-0.423620,
1629325867.000000,320464373.000000,0.083158,-0.022944,-0.001190,-0.005924,0.038794,-0.134589,0.990124,0.147323,0.000642,0.017870,0.020194,-0.201025,-0.431144,
1629325867.000000,325467348.000000,0.083872,-0.023132,-0.001147,-0.005842,0.038584,-0.135687,0.989983,0.145692,0.002927,0.021491,0.087683,0.068955,-0.457699,
1629325867.000000,330470085.000000,0.084561,-0.023408,-0.000937,-0.005566,0.038972,-0.136829,0.989812,0.143501,-0.009805,0.046129,0.123734,0.243428,-0.436722,
1629325867.000000,335473299.000000,0.085252,-0.023660,-0.000729,-0.005173,0.039557,-0.137871,0.989646,0.142090,-0.013524,0.058084,0.154624,0.254768,-0.400127,
1629325867.000000,340476274.000000,0.085933,-0.023927,-0.000457,-0.004782,0.040066,-0.138876,0.989487,0.140370,-0.017241,0.070726,0.108054,0.192152,-0.402324,
1629325867.000000,385505438.000000,0.090252,-0.027303,-0.001338,-0.005016,0.038361,-0.148380,0.988173,0.129586,-0.042415,0.025939,0.019244,0.224531,-0.428185,
1629325867.000000,390508413.000000,0.090875,-0.027353,-0.001524,-0.004953,0.038635,-0.149447,0.988002,0.127986,-0.018689,0.008957,0.021581,0.011853,-0.438674,
1629325867.000000,395511389.000000,0.091460,-0.027623,-0.001534,-0.004989,0.038555,-0.150544,0.987839,0.127659,-0.015390,0.007060,-0.011492,-0.018465,-0.441008,
1629325867.000000,400514364.000000,0.092046,-0.027878,-0.001552,-0.005107,0.038540,-0.151632,0.987672,0.127262,-0.012098,0.005188,-0.043546,-0.030009,-0.449317,
1629325867.000000,405517578.000000,0.092629,-0.028117,-0.001569,-0.005261,0.038480,-0.152730,0.987504,0.126538,-0.008810,0.003983,-0.026622,0.015553,-0.429378,
1629325867.000000,410520554.000000,0.094815,-0.028404,-0.002811,-0.005316,0.038514,-0.153809,0.987336,0.152447,-0.003695,-0.005760,-0.015672,0.043203,-0.430195,
1629325867.000000,415524244.000000,0.095533,-0.028650,-0.002898,-0.005396,0.038633,-0.154888,0.987162,0.151993,-0.002353,-0.005141,-0.031718,0.081515,-0.437916,
1629325867.000000,420527220.000000,0.096251,-0.028891,-0.002987,-0.005483,0.038788,-0.155965,0.986986,0.151615,-0.001015,-0.004796,-0.012741,-0.016815,-0.438841,
1629325867.000000,425530195.000000,0.096912,-0.029309,-0.002758,-0.005478,0.038586,-0.157066,0.986819,0.149204,-0.019731,0.026735,0.090517,-0.073523,-0.452714,
1629325867.000000,430533171.000000,0.097593,-0.029645,-0.002663,-0.005195,0.038564,-0.158217,0.986637,0.148286,-0.024337,0.035360,0.146458,0.134403,-0.469778,
1629325867.000000,475561142.000000,0.102542,-0.032619,-0.001864,-0.004750,0.037560,-0.167816,0.985091,0.143538,-0.021142,0.017231,0.032276,0.117219,-0.412491,
1629325867.000000,480565310.000000,0.103200,-0.032959,-0.001828,-0.004687,0.037902,-0.168802,0.984910,0.147251,-0.020842,0.017878,0.002262,0.162454,-0.396238,
1629325867.000000,485568285.000000,0.103835,-0.033233,-0.001869,-0.004672,0.038236,-0.169806,0.984725,0.144964,-0.013910,0.008849,0.001142,0.080170,-0.419812,
1629325867.000000,490571499.000000,0.104498,-0.033537,-0.001884,-0.004694,0.038301,-0.170866,0.984538,0.146475,-0.011420,0.005995,-0.000824,0.001012,-0.436939,
1629325867.000000,495574474.000000,0.105174,-0.033834,-0.001916,-0.004757,0.038220,-0.171947,0.984353,0.148172,-0.008911,0.003065,0.000101,-0.085206,-0.441162,
1629325867.000000,500577450.000000,0.105868,-0.034138,-0.001942,-0.004849,0.037980,-0.173035,0.984171,0.151554,-0.008020,0.003147,-0.015687,-0.059691,-0.444339,
1629325867.000000,505580664.000000,0.106573,-0.034433,-0.001986,-0.004943,0.038012,-0.174119,0.983978,0.153781,-0.006141,0.001881,-0.020204,0.077673,-0.433752,
1629325867.000000,510584354.000000,0.106037,-0.034201,-0.001743,-0.004891,0.038235,-0.175167,0.983784,0.147324,-0.002975,0.001089,-0.018918,0.144686,-0.427281,
1629325867.000000,515587330.000000,0.106696,-0.034519,-0.001652,-0.004915,0.038611,-0.176207,0.983583,0.146732,-0.008541,0.016112,-0.018995,0.161245,-0.411449,
1629325867.000000,520590305.000000,0.107394,-0.034821,-0.001612,-0.004903,0.038981,-0.177231,0.983385,0.149063,-0.009132,0.020667,0.014998,0.125534,-0.434578,
1629325867.000000,610647440.000000,0.116008,-0.040916,-0.001733,-0.004255,0.038650,-0.196478,0.979737,0.131439,-0.007453,0.001450,-0.023108,0.031804,-0.427491,
1629325867.000000,615650415.000000,0.116592,-0.041200,-0.001760,-0.004276,0.038824,-0.197522,0.979520,0.131638,-0.006572,0.002900,0.013149,0.062597,-0.420159,
1629325867.000000,620653629.000000,0.117180,-0.041481,-0.001775,-0.004254,0.038890,-0.198554,0.979309,0.131647,-0.005686,0.004871,0.013359,0.013057,-0.427459,
1629325867.000000,625656366.000000,0.117745,-0.041823,-0.001630,-0.004254,0.038949,-0.199624,0.979089,0.129722,-0.015059,0.028097,0.021551,0.063787,-0.441457,
1629325867.000000,630659342.000000,0.118318,-0.042154,-0.001514,-0.004135,0.039162,-0.200733,0.978854,0.129350,-0.018251,0.038104,0.077011,0.120389,-0.464768,
1629325867.000000,635663271.000000,0.118885,-0.042500,-0.001346,-0.003867,0.039399,-0.201884,0.978609,0.129277,-0.021413,0.048276,0.122976,0.110794,-0.451201,
1629325867.000000,640666246.000000,0.119328,-0.043336,-0.000862,-0.003454,0.039820,-0.202972,0.978369,0.130752,-0.034417,0.065872,0.091202,0.164547,-0.435980,
1629325867.000000,645669222.000000,0.119708,-0.043661,-0.000777,-0.003242,0.040182,-0.204035,0.978133,0.113383,-0.034478,0.050941,0.066250,0.124951,-0.417058,
1629325867.000000,650672436.000000,0.120165,-0.044049,-0.000558,-0.003098,0.040233,-0.205027,0.977924,0.108604,-0.036822,0.052678,0.064405,-0.069123,-0.392378,
1629325867.000000,655675173.000000,0.120594,-0.044439,-0.000328,-0.003091,0.039778,-0.205992,0.977740,0.103597,-0.039197,0.054463,0.045183,-0.262332,-0.398756,
1629325867.000000,700704336.000000,0.125972,-0.048147,-0.001302,-0.003398,0.038928,-0.215454,0.975732,0.144001,-0.007612,-0.003028,-0.009101,0.016326,-0.441560,
1629325867.000000,705707550.000000,0.126563,-0.048512,-0.001294,-0.003478,0.038887,-0.216518,0.975498,0.140853,-0.011214,0.004400,-0.015485,-0.075382,-0.434988,
1629325867.000000,710710526.000000,0.127317,-0.048268,-0.001573,-0.003582,0.038755,-0.217592,0.975263,0.134324,-0.005433,0.005431,-0.005982,-0.019371,-0.442454,
1629325867.000000,715713263.000000,0.127913,-0.048575,-0.001593,-0.003623,0.038893,-0.218680,0.975014,0.133790,-0.004345,0.005800,-0.033346,0.101577,-0.445770,
1629325867.000000,720716476.000000,0.128508,-0.048949,-0.001475,-0.003710,0.039178,-0.219749,0.974762,0.135415,-0.010971,0.021867,-0.032787,0.104538,-0.431884,
1629325867.000000,725719452.000000,0.129105,-0.049296,-0.001396,-0.003702,0.039340,-0.220795,0.974519,0.135850,-0.012428,0.027932,0.052564,0.017737,-0.429666,
1629325867.000000,730723143.000000,0.129696,-0.049649,-0.001282,-0.003517,0.039323,-0.221882,0.974274,0.135821,-0.013864,0.034269,0.113597,0.061291,-0.460537,
1629325867.000000,735726357.000000,0.130204,-0.050008,-0.001114,-0.003232,0.039572,-0.223032,0.974002,0.125346,-0.020321,0.044407,0.084861,0.177680,-0.460806,
1629325867.000000,740729332.000000,0.130498,-0.050713,-0.001229,-0.002851,0.040139,-0.224138,0.973726,0.119247,-0.030726,0.039154,0.079161,0.152603,-0.436137,
1629325867.000000,745732069.000000,0.130969,-0.051119,-0.001062,-0.002604,0.040290,-0.225186,0.973479,0.115559,-0.034229,0.044490,0.122985,0.016518,-0.415920,
1629325867.000000,790761471.000000,0.136080,-0.054760,-0.000817,-0.002787,0.038807,-0.234344,0.971375,0.151789,-0.011604,0.013223,-0.003553,0.174286,-0.429902,
1629325867.000000,795764446.000000,0.136747,-0.055158,-0.000820,-0.002758,0.039050,-0.235382,0.971114,0.157055,-0.008422,0.009924,0.030182,0.072042,-0.428657,
1629325867.000000,800767422.000000,0.137358,-0.055527,-0.000829,-0.002687,0.039159,-0.236437,0.970854,0.150029,-0.007203,0.007628,0.008482,0.022017,-0.436203,
1629325867.000000,805770397.000000,0.138013,-0.055901,-0.000850,-0.002761,0.039228,-0.237501,0.970591,0.150499,-0.004799,0.005781,-0.028397,0.068880,-0.441512,
1629325867.000000,810773373.000000,0.139009,-0.056592,-0.001879,-0.002689,0.039229,-0.238555,0.970333,0.148661,-0.004000,-0.000638,-0.038721,0.028747,-0.429826,
1629325867.000000,815776348.000000,0.139623,-0.057002,-0.001907,-0.002826,0.039205,-0.239586,0.970079,0.147910,-0.008706,0.001907,-0.021834,-0.041999,-0.427574,
1629325867.000000,820780516.000000,0.140255,-0.057386,-0.001952,-0.002907,0.039186,-0.240639,0.969819,0.148138,-0.008604,0.001764,-0.014117,0.053169,-0.442547,
1629325867.000000,825783491.000000,0.140888,-0.057771,-0.002000,-0.002923,0.039382,-0.241725,0.969541,0.148462,-0.008489,0.001494,0.010076,0.055392,-0.450058,
1629325867.000000,830786467.000000,0.141472,-0.058217,-0.001856,-0.002843,0.039441,-0.242818,0.969265,0.144373,-0.019807,0.027869,0.076244,0.053091,-0.447893,
1629325867.000000,835789442.000000,0.142063,-0.058656,-0.001741,-0.002602,0.039522,-0.243920,0.968986,0.142996,-0.024254,0.038195,0.120053,0.035015,-0.455300,
1629325867.000000,885821342.000000,0.146022,-0.062348,-0.001569,-0.002182,0.037912,-0.254141,0.966421,0.132103,-0.014060,0.007983,0.019931,0.103417,-0.424441,
1629325867.000000,890824556.000000,0.146576,-0.062738,-0.001574,-0.002109,0.038201,-0.255184,0.966135,0.136930,-0.012646,0.008439,0.003018,0.145725,-0.438303,
1629325867.000000,895827293.000000,0.147131,-0.063099,-0.001624,-0.002058,0.038569,-0.256255,0.965837,0.137039,-0.008157,0.002028,0.003843,0.148029,-0.444759,
1629325867.000000,900830269.000000,0.147714,-0.063472,-0.001673,-0.002019,0.038804,-0.257326,0.965543,0.139997,-0.005487,-0.000742,0.001982,0.027479,-0.439404,
1629325867.000000,905833483.000000,0.148315,-0.063842,-0.001739,-0.002062,0.038790,-0.258381,0.965262,0.142918,-0.002808,-0.003737,0.009185,0.013691,-0.436174,
1629325867.000000,910837412.000000,0.149327,-0.064541,-0.001391,-0.001916,0.039196,-0.259462,0.964956,0.149300,-0.002771,-0.001973,-0.024469,0.081387,-0.445744,
1629325867.000000,915840387.000000,0.149964,-0.064923,-0.001453,-0.001998,0.039456,-0.260535,0.964656,0.149615,-0.001214,-0.002720,-0.040924,0.115037,-0.438436,
1629325867.000000,920843601.000000,0.150607,-0.065300,-0.001529,-0.002074,0.039639,-0.261575,0.964366,0.149938,0.000343,-0.003894,-0.027831,-0.028247,-0.431861,
1629325867.000000,925846338.000000,0.151214,-0.065725,-0.001471,-0.002195,0.039485,-0.262630,0.964086,0.147164,-0.007846,0.014043,0.010299,-0.019562,-0.445766,
1629325867.000000,930849314.000000,0.151829,-0.066137,-0.001441,-0.002119,0.039584,-0.263732,0.963781,0.146365,-0.010183,0.020187,0.057376,0.090127,-0.464960,
1629325867.000000,975877285.000000,0.154999,-0.070300,-0.000905,-0.001546,0.037963,-0.273048,0.961250,0.123436,-0.022488,0.018852,0.035109,-0.081034,-0.424377,
1629325867.000000,980881214.000000,0.155472,-0.070722,-0.000850,-0.001504,0.037959,-0.274079,0.960957,0.125115,-0.021597,0.019639,0.032790,0.092941,-0.425658,
1629325867.000000,985884190.000000,0.155955,-0.071146,-0.000788,-0.001366,0.038306,-0.275098,0.960652,0.126839,-0.020703,0.020612,0.022283,0.196905,-0.423395,
1629325867.000000,990887403.000000,0.156551,-0.071565,-0.000856,-0.001251,0.038738,-0.276127,0.960339,0.137403,-0.013763,0.009859,0.004066,0.139953,-0.431961,
1629325867.000000,995890379.000000,0.157111,-0.071989,-0.000863,-0.001228,0.038948,-0.277175,0.960029,0.141700,-0.011085,0.007424,0.001927,0.055556,-0.439430,
1629325868.000000,893354.000000,0.157692,-0.072414,-0.000883,-0.001237,0.039051,-0.278250,0.959714,0.145828,-0.008384,0.004967,-0.000131,0.037718,-0.459604,
1629325868.000000,5897522.000000,0.158224,-0.072818,-0.000885,-0.001264,0.039132,-0.279351,0.959391,0.139754,-0.008811,0.006272,-0.003374,0.028294,-0.443868,
1629325868.000000,10900259.000000,0.160692,-0.073171,-0.001820,-0.001249,0.039284,-0.280423,0.959072,0.153703,0.002835,-0.004556,-0.007565,0.034577,-0.439270,
1629325868.000000,15903234.000000,0.161349,-0.073571,-0.001906,-0.001263,0.039466,-0.281496,0.958750,0.154554,0.004316,-0.005649,-0.009725,0.138067,-0.452260,
1629325868.000000,20906448.000000,0.161971,-0.073984,-0.001965,-0.001257,0.039828,-0.282568,0.958419,0.152522,0.002135,-0.003145,-0.043647,0.092673,-0.438435,
1629325868.000000,110963345.000000,0.172690,-0.082383,-0.003433,-0.000503,0.039320,-0.301456,0.952669,0.166427,0.009907,-0.015787,-0.024668,0.016389,-0.445914,
1629325868.000000,115966320.000000,0.173347,-0.082825,-0.003578,-0.000586,0.039381,-0.302512,0.952332,0.164120,0.008743,-0.017555,-0.026551,0.012370,-0.444796,
1629325868.000000,120969534.000000,0.174035,-0.083260,-0.003731,-0.000670,0.039485,-0.303572,0.951990,0.164348,0.010079,-0.019182,-0.024587,0.083879,-0.446987,
1629325868.000000,125973463.000000,0.174725,-0.083690,-0.003891,-0.000685,0.039731,-0.304635,0.951640,0.164581,0.011416,-0.020788,-0.014892,0.061649,-0.448025,
1629325868.000000,130976200.000000,0.175373,-0.084174,-0.003874,-0.000705,0.039746,-0.305712,0.951294,0.162127,0.001573,0.004041,0.044507,-0.026130,-0.458653,
1629325868.000000,135979414.000000,0.176031,-0.084647,-0.003896,-0.000538,0.039692,-0.306834,0.950935,0.161326,-0.001538,0.012596,0.125731,0.080496,-0.476789,
1629325868.000000,140982389.000000,0.176683,-0.085134,-0.003865,-0.000142,0.039980,-0.307976,0.950554,0.160817,-0.004635,0.022098,0.120630,0.228606,-0.464141,
1629325868.000000,145985365.000000,0.176488,-0.086643,-0.003160,0.000385,0.040539,-0.309007,0.950195,0.149417,-0.022395,0.041609,0.097814,0.223275,-0.422484,
1629325868.000000,150988579.000000,0.177033,-0.087177,-0.002996,0.000688,0.040837,-0.309983,0.949864,0.145781,-0.023974,0.046610,0.084221,0.065453,-0.395751,
1629325868.000000,155992508.000000,0.177555,-0.087707,-0.002803,0.000780,0.040717,-0.310937,0.949558,0.141722,-0.025587,0.051787,0.043706,-0.110903,-0.409573,
1629325868.000000,201020241.000000,0.182093,-0.092247,-0.004191,0.000377,0.039271,-0.320302,0.946501,0.167020,-0.001031,-0.013699,0.006473,0.006253,-0.450209,
1629325868.000000,206023455.000000,0.182688,-0.092730,-0.004303,0.000289,0.039160,-0.321371,0.946143,0.160281,-0.001109,-0.013645,-0.014788,-0.032206,-0.458611,
1629325868.000000,211026430.000000,0.182517,-0.093464,-0.003621,0.000306,0.039221,-0.322441,0.945777,0.158395,-0.003903,-0.009308,-0.032950,-0.013838,-0.448111,
1629325868.000000,216030359.000000,0.183128,-0.093959,-0.003733,0.000170,0.039186,-0.323481,0.945423,0.158080,-0.002128,-0.011152,-0.021283,-0.012558,-0.440450,
1629325868.000000,221033335.000000,0.183742,-0.094446,-0.003851,0.000105,0.039227,-0.324529,0.945062,0.157659,-0.000353,-0.012939,-0.010474,0.033368,-0.445889,
1629325868.000000,226036310.000000,0.184327,-0.095028,-0.003802,0.000066,0.039353,-0.325592,0.944691,0.159808,-0.008707,0.002511,-0.020097,0.062982,-0.457549,
1629325868.000000,231039286.000000,0.184927,-0.095557,-0.003831,0.000053,0.039489,-0.326682,0.944309,0.159906,-0.009838,0.006522,0.026479,0.032476,-0.461908,
1629325868.000000,236042500.000000,0.185523,-0.096092,-0.003845,0.000172,0.039454,-0.327783,0.943929,0.159979,-0.010963,0.010092,0.101358,-0.006024,-0.469249,
1629325868.000000,241045475.000000,0.186057,-0.096649,-0.003721,0.000453,0.039479,-0.328912,0.943535,0.153756,-0.019244,0.030656,0.131234,0.160740,-0.473619,
1629325868.000000,246048212.000000,0.184913,-0.097375,-0.002541,0.001062,0.040019,-0.330008,0.943129,0.137717,-0.039324,0.065387,0.104639,0.285919,-0.446007,
1629325868.000000,291077375.000000,0.188092,-0.102116,-0.002188,0.000689,0.037999,-0.339095,0.939984,0.148632,-0.021743,0.014649,0.024823,0.209735,-0.424450,
1629325868.000000,296080351.000000,0.188613,-0.102683,-0.002172,0.000867,0.038507,-0.340123,0.939592,0.154310,-0.019848,0.012078,0.001302,0.189531,-0.442830,
1629325868.000000,301083326.000000,0.189101,-0.103213,-0.002128,0.000915,0.038792,-0.341176,0.939198,0.148662,-0.018023,0.014815,-0.004130,0.044945,-0.457579,
1629325868.000000,306086302.000000,0.189622,-0.103759,-0.002108,0.000861,0.038756,-0.342268,0.938802,0.149512,-0.016135,0.014126,0.008728,-0.061221,-0.467302,
1629325868.000000,311090231.000000,0.189730,-0.103942,-0.002612,0.000971,0.038900,-0.343398,0.938383,0.136925,-0.012681,0.003657,-0.019863,-0.022105,-0.467186,
1629325868.000000,316093206.000000,0.190210,-0.104442,-0.002627,0.000860,0.038998,-0.344478,0.937984,0.137559,-0.012462,0.004930,-0.047806,0.081891,-0.452313,
1629325868.000000,321096420.000000,0.190701,-0.104934,-0.002655,0.000776,0.039225,-0.345514,0.937593,0.138198,-0.011147,0.004872,-0.041361,0.032844,-0.437310,
1629325868.000000,326099396.000000,0.191190,-0.105420,-0.002693,0.000688,0.039250,-0.346546,0.937211,0.138371,-0.009854,0.004047,0.011798,0.021981,-0.451109,
1629325868.000000,331102371.000000,0.191608,-0.105954,-0.002534,0.000781,0.039332,-0.347633,0.936805,0.133023,-0.021650,0.030683,0.060015,0.054746,-0.469351,
1629325868.000000,336105347.000000,0.192043,-0.106479,-0.002402,0.000960,0.039399,-0.348746,0.936388,0.131187,-0.025576,0.041313,0.094959,0.071183,-0.472527,
1629325868.000000,386137247.000000,0.195580,-0.112354,-0.002133,0.001169,0.037726,-0.359024,0.932565,0.143158,-0.021183,0.008139,-0.001931,0.231816,-0.436287,
1629325868.000000,391140461.000000,0.196053,-0.112919,-0.002150,0.001364,0.038300,-0.360025,0.932155,0.148703,-0.019575,0.006680,0.023559,0.248584,-0.426611,
1629325868.000000,396143198.000000,0.196507,-0.113443,-0.002204,0.001585,0.038766,-0.361036,0.931745,0.144712,-0.016112,0.001091,0.022854,0.153333,-0.442582,
1629325868.000000,401146173.000000,0.196992,-0.113989,-0.002256,0.001685,0.039046,-0.362083,0.931326,0.146333,-0.013746,-0.001485,0.011868,0.131343,-0.449126,
1629325868.000000,406150341.000000,0.197489,-0.114532,-0.002321,0.001723,0.039265,-0.363128,0.930910,0.147922,-0.011374,-0.003758,-0.028270,-0.007084,-0.453243,
1629325868.000000,411153316.000000,0.197953,-0.115193,-0.002214,0.001686,0.039216,-0.364158,0.930510,0.145107,-0.011217,0.004333,-0.040505,-0.058461,-0.454320,
1629325868.000000,416156292.000000,0.198449,-0.115725,-0.002255,0.001541,0.039185,-0.365211,0.930098,0.144400,-0.009910,0.003373,-0.036861,-0.006708,-0.456355,
1629325868.000000,421159506.000000,0.198947,-0.116252,-0.002304,0.001423,0.039218,-0.366266,0.929682,0.143815,-0.008598,0.002190,-0.013786,0.004829,-0.449012,
1629325868.000000,426162243.000000,0.199421,-0.116833,-0.002242,0.001387,0.039227,-0.367303,0.929273,0.145339,-0.016260,0.017112,0.004694,0.001635,-0.447799,
1629325868.000000,431015015.000000,0.199896,-0.117397,-0.002197,0.001402,0.039278,-0.368366,0.928850,0.145459,-0.018535,0.023185,0.038401,0.075416,-0.468087,
1629325868.000000,481047153.000000,0.203370,-0.123226,-0.001845,0.001576,0.037500,-0.378441,0.924864,0.133978,-0.023729,0.017812,0.022629,-0.014469,-0.439233,
1629325868.000000,486050367.000000,0.203775,-0.123789,-0.001799,0.001663,0.037718,-0.379469,0.924434,0.136786,-0.023557,0.018937,0.007697,0.216575,-0.445727,
1629325868.000000,491052866.000000,0.204283,-0.124371,-0.001890,0.001877,0.038305,-0.380484,0.923992,0.148467,-0.016856,0.005894,0.006590,0.232341,-0.428695,
1629325868.000000,496056795.000000,0.204766,-0.124962,-0.001921,0.002052,0.038734,-0.381467,0.923568,0.154332,-0.014638,0.002868,0.026829,0.177043,-0.429583,
1629325868.000000,501060009.000000,0.205273,-0.125565,-0.001965,0.002211,0.039066,-0.382488,0.923132,0.159918,-0.012385,0.000310,0.007900,0.102601,-0.453133,
1629325868.000000,506062984.000000,0.205731,-0.126108,-0.001969,0.002211,0.039227,-0.383545,0.922686,0.150361,-0.010677,0.004402,-0.013727,0.057346,-0.458530,
1629325868.000000,511065960.000000,0.206436,-0.126564,-0.002251,0.002280,0.039320,-0.384585,0.922249,0.146314,-0.005250,-0.003547,-0.025311,-0.030902,-0.456247,
1629325868.000000,516069174.000000,0.206933,-0.127097,-0.002329,0.002110,0.039222,-0.385633,0.921816,0.146094,-0.003231,-0.005515,-0.033901,-0.036156,-0.453124,
1629325868.000000,521071911.000000,0.207410,-0.127670,-0.002335,0.001983,0.039273,-0.386671,0.921379,0.147028,-0.006999,0.001570,-0.044477,0.035595,-0.453054,
1629325868.000000,526076078.000000,0.207898,-0.128218,-0.002370,0.001897,0.039403,-0.387707,0.920938,0.146951,-0.006866,0.003346,-0.010642,0.032436,-0.444631,
1629325868.000000,611128807.000000,0.214573,-0.138181,-0.002738,0.002807,0.039224,-0.404641,0.913630,0.149091,-0.002165,-0.003023,-0.046694,0.044070,-0.454109,
1629325868.000000,616132975.000000,0.215017,-0.138718,-0.002786,0.002676,0.039341,-0.405664,0.913171,0.145106,-0.002532,-0.002847,-0.035246,0.012113,-0.442407,
1629325868.000000,621135950.000000,0.215494,-0.139262,-0.002859,0.002586,0.039369,-0.406668,0.912724,0.145137,-0.001048,-0.004336,-0.017787,-0.005938,-0.444412,
1629325868.000000,626139164.000000,0.215976,-0.139802,-0.002939,0.002502,0.039415,-0.407687,0.912267,0.145182,0.000446,-0.005577,-0.023311,0.040495,-0.445630,
1629325868.000000,631142139.000000,0.216408,-0.140386,-0.002852,0.002477,0.039520,-0.408706,0.911807,0.143384,-0.008989,0.017140,0.012799,0.007314,-0.454003,
1629325868.000000,636145115.000000,0.216850,-0.140957,-0.002799,0.002521,0.039444,-0.409763,0.911335,0.142488,-0.011860,0.025458,0.081062,-0.002119,-0.465849,
1629325868.000000,641148090.000000,0.216312,-0.141607,-0.002379,0.002813,0.039395,-0.410814,0.910863,0.132251,-0.028180,0.044398,0.105662,0.118908,-0.467936,
1629325868.000000,646152020.000000,0.216616,-0.142143,-0.002261,0.003195,0.039718,-0.411871,0.910370,0.123672,-0.028997,0.043067,0.099161,0.245250,-0.446687,
1629325868.000000,651154995.000000,0.216920,-0.142708,-0.002076,0.003601,0.040115,-0.412851,0.909908,0.120039,-0.031266,0.048251,0.101216,0.129515,-0.405091,
1629325868.000000,656158209.000000,0.217199,-0.143264,-0.001858,0.003823,0.040122,-0.413764,0.909492,0.115929,-0.033579,0.053676,0.077980,0.006176,-0.401698,
1629325868.000000,711193085.000000,0.221368,-0.150396,-0.002557,0.003354,0.039074,-0.424396,0.904627,0.150491,-0.010666,0.006471,-0.020312,0.013894,-0.445359,
1629325868.000000,716196060.000000,0.221811,-0.151005,-0.002583,0.003284,0.039166,-0.425413,0.904145,0.150197,-0.009050,0.006019,-0.034983,0.046928,-0.448757,
1629325868.000000,721199036.000000,0.222258,-0.151609,-0.002613,0.003186,0.039296,-0.426415,0.903668,0.149984,-0.007439,0.005448,-0.040497,0.000791,-0.444342,
1629325868.000000,726202011.000000,0.222681,-0.152232,-0.002601,0.003037,0.039250,-0.427417,0.903197,0.149447,-0.011244,0.010514,-0.015941,-0.053865,-0.442287,
1629325868.000000,731204987.000000,0.223111,-0.152849,-0.002597,0.002964,0.039198,-0.428431,0.902719,0.149423,-0.011807,0.012292,0.013931,0.028644,-0.463449,
1629325868.000000,736208916.000000,0.223540,-0.153470,-0.002583,0.003055,0.039322,-0.429493,0.902209,0.149651,-0.012347,0.014139,0.043734,0.074971,-0.462675,
1629325868.000000,741212130.000000,0.223474,-0.154244,-0.002702,0.003210,0.039374,-0.430495,0.901728,0.136729,-0.028928,0.041950,0.096777,0.096724,-0.452866,
1629325868.000000,746215105.000000,0.223796,-0.154876,-0.002515,0.003577,0.039576,-0.431524,0.901226,0.134437,-0.031975,0.051922,0.119410,0.208819,-0.450775,
1629325868.000000,751218081.000000,0.224101,-0.155512,-0.002276,0.004031,0.040013,-0.432523,0.900726,0.132140,-0.035033,0.062023,0.082053,0.237184,-0.420000,
1629325868.000000,756221056.000000,0.224396,-0.156011,-0.002285,0.004317,0.040292,-0.433433,0.900274,0.120645,-0.026711,0.038000,0.072171,0.036964,-0.389966,
1629325868.000000,806252956.000000,0.227181,-0.161921,-0.002030,0.003772,0.039063,-0.442950,0.895687,0.146061,-0.009650,0.002889,-0.011860,0.079651,-0.460343,
1629325868.000000,811255932.000000,0.227588,-0.162531,-0.002063,0.003763,0.039136,-0.443953,0.895187,0.148207,-0.007286,0.000423,0.020007,0.028390,-0.434679,
1629325868.000000,816258907.000000,0.228009,-0.163141,-0.002108,0.003804,0.039206,-0.444918,0.894705,0.150119,-0.004913,-0.001555,-0.009360,0.022026,-0.434557,
1629325868.000000,821261883.000000,0.228370,-0.163688,-0.002068,0.003729,0.039369,-0.445896,0.894211,0.141700,-0.004780,0.005362,-0.058851,0.129000,-0.440052,
1629325868.000000,826266050.000000,0.228775,-0.164265,-0.002084,0.003707,0.039753,-0.446863,0.893711,0.140632,-0.003088,0.005821,-0.055574,0.059997,-0.429362,
1629325868.000000,831269026.000000,0.229183,-0.164830,-0.002109,0.003535,0.039691,-0.447823,0.893234,0.139331,-0.001382,0.005522,-0.004496,-0.118635,-0.438830,
1629325868.000000,836272001.000000,0.229526,-0.165434,-0.002003,0.003415,0.039426,-0.448830,0.892740,0.136145,-0.012213,0.023820,0.038371,-0.058345,-0.458135,
1629325868.000000,841275215.000000,0.229312,-0.166580,-0.002303,0.003530,0.039228,-0.449817,0.892252,0.137957,-0.030883,0.040101,0.075493,0.057053,-0.466580,
1629325868.000000,846277952.000000,0.229605,-0.167241,-0.002125,0.003780,0.039308,-0.450852,0.891725,0.137167,-0.034196,0.049209,0.103282,0.106385,-0.445366,
1629325868.000000,851280928.000000,0.229889,-0.167852,-0.002011,0.004144,0.039501,-0.451831,0.891219,0.132432,-0.032883,0.046409,0.119191,0.180498,-0.432364,
1629325868.000000,901313305.000000,0.231717,-0.173529,-0.002373,0.003959,0.038461,-0.461043,0.886535,0.137345,-0.016311,0.000161,0.004253,0.091254,-0.434554,
1629325868.000000,906316042.000000,0.232346,-0.174420,-0.001978,0.004132,0.038736,-0.462013,0.886017,0.147970,-0.012340,0.002941,0.010473,0.057222,-0.449358,
1629325868.000000,911319017.000000,0.232663,-0.174997,-0.001980,0.004204,0.038906,-0.463013,0.885487,0.140805,-0.011591,0.003488,0.003206,0.101140,-0.450459,
1629325868.000000,916322947.000000,0.233016,-0.175604,-0.002010,0.004246,0.039124,-0.463997,0.884962,0.141236,-0.009857,0.001997,-0.020355,0.055896,-0.437652,
1629325868.000000,921325922.000000,0.233375,-0.176210,-0.002060,0.004212,0.039262,-0.464944,0.884459,0.141779,-0.008129,-0.000104,-0.017235,0.075169,-0.420587,
1629325868.000000,926329136.000000,0.233750,-0.176825,-0.002125,0.004240,0.039486,-0.465876,0.883958,0.142864,-0.006395,-0.002239,-0.023422,0.068765,-0.434309,
1629325868.000000,931344748.000000,0.234083,-0.177423,-0.002112,0.004176,0.039628,-0.466846,0.883440,0.138295,-0.008596,0.004909,-0.039548,0.040444,-0.437766,
1629325868.000000,936347961.000000,0.234442,-0.178028,-0.002115,0.004056,0.039651,-0.467811,0.882930,0.137743,-0.008180,0.006906,-0.010901,-0.106850,-0.447090,
1629325868.000000,941350698.000000,0.235010,-0.179230,-0.002775,0.003910,0.039183,-0.468766,0.882444,0.145610,-0.011533,0.001594,0.064739,-0.043125,-0.467440,
1629325868.000000,946354866.000000,0.235234,-0.179919,-0.002499,0.004140,0.039212,-0.469811,0.881886,0.140377,-0.026771,0.034962,0.106550,0.129064,-0.467465,
1629325868.000000,986379862.000000,0.237531,-0.184778,-0.002834,0.003956,0.037608,-0.477206,0.877977,0.114718,-0.016937,-0.001870,0.031742,-0.098128,-0.413205,
1629325868.000000,991383076.000000,0.237868,-0.185420,-0.002896,0.003959,0.037532,-0.478102,0.877493,0.133451,-0.013892,-0.003145,0.021262,0.050324,-0.410798,
1629325868.000000,996386051.000000,0.238181,-0.186029,-0.002963,0.004105,0.037811,-0.479023,0.876978,0.139368,-0.012312,-0.004689,0.008312,0.229003,-0.424842,
1629325869.000000,1388788.000000,0.238514,-0.186658,-0.003041,0.004396,0.038384,-0.479962,0.876438,0.145287,-0.010698,-0.006150,0.006257,0.239582,-0.434365,
1629325869.000000,6392956.000000,0.238832,-0.187230,-0.003126,0.004579,0.038774,-0.480915,0.875897,0.139013,-0.007482,-0.008258,0.003053,0.126336,-0.433367,
1629325869.000000,11395931.000000,0.238368,-0.188130,-0.002211,0.004903,0.039135,-0.481906,0.875335,0.142335,-0.011454,0.004259,0.008339,0.011096,-0.447036,
1629325869.000000,16398907.000000,0.238713,-0.188764,-0.002254,0.004863,0.039121,-0.482893,0.874791,0.143080,-0.009155,0.002176,-0.008494,0.028201,-0.444061,
1629325869.000000,21402121.000000,0.239046,-0.189384,-0.002266,0.004833,0.039266,-0.483844,0.874259,0.141480,-0.008247,0.004407,-0.031083,0.037928,-0.432143,
1629325869.000000,26404858.000000,0.239391,-0.190003,-0.002298,0.004732,0.039341,-0.484779,0.873739,0.141349,-0.006456,0.003938,-0.036332,0.006396,-0.423724,
1629325869.000000,31407595.000000,0.239737,-0.190613,-0.002334,0.004653,0.039435,-0.485710,0.873218,0.140868,-0.004674,0.003141,-0.017248,0.048916,-0.439540,
1629325869.000000,81439972.000000,0.240834,-0.196806,-0.003349,0.004813,0.038176,-0.495027,0.868025,0.099698,-0.025557,-0.018581,0.002961,-0.287566,-0.440615,
1629325869.000000,86442947.000000,0.241086,-0.197498,-0.003355,0.004555,0.037732,-0.496003,0.867489,0.120900,-0.025908,-0.008091,0.020153,-0.120394,-0.449231,
1629325869.000000,91445923.000000,0.241281,-0.198089,-0.003433,0.004535,0.037630,-0.496964,0.866943,0.124389,-0.025494,-0.008390,0.043428,0.066786,-0.431085,
1629325869.000000,96449852.000000,0.241485,-0.198694,-0.003511,0.004778,0.037869,-0.497881,0.866405,0.127867,-0.025079,-0.008357,0.050028,0.176494,-0.413958,
1629325869.000000,101452827.000000,0.241737,-0.199292,-0.003643,0.005058,0.038267,-0.498782,0.865868,0.131793,-0.018222,-0.014979,0.007398,0.232069,-0.422444,
1629325869.000000,106456041.000000,0.242422,-0.199941,-0.002309,0.005435,0.038866,-0.499717,0.865299,0.146139,-0.008605,0.002214,-0.015329,0.239722,-0.442751,
1629325869.000000,111459017.000000,0.242774,-0.200609,-0.002379,0.005563,0.039219,-0.500673,0.864729,0.150296,-0.005465,-0.001562,-0.007620,0.020014,-0.437530,
1629325869.000000,116461992.000000,0.243067,-0.201197,-0.002378,0.005430,0.039096,-0.501615,0.864190,0.139951,-0.005622,0.004282,-0.001291,-0.056074,-0.441570,
1629325869.000000,121465683.000000,0.243396,-0.201816,-0.002418,0.005346,0.039045,-0.502581,0.863631,0.138972,-0.003613,0.003425,-0.008652,-0.032179,-0.447098,
1629325869.000000,126468658.000000,0.243731,-0.202429,-0.002459,0.005240,0.039029,-0.503528,0.863081,0.138342,-0.001603,0.002714,-0.024718,0.030365,-0.427878,
1629325869.000000,211521864.000000,0.247543,-0.213887,-0.002362,0.006013,0.038832,-0.519326,0.853673,0.143111,-0.007945,0.008411,-0.007861,0.118539,-0.439567,
1629325869.000000,216525793.000000,0.247843,-0.214537,-0.002371,0.006037,0.038956,-0.520259,0.853098,0.143875,-0.004311,0.006747,0.008136,-0.027275,-0.433193,
1629325869.000000,221529007.000000,0.248156,-0.215178,-0.002379,0.005913,0.038802,-0.521192,0.852536,0.144339,-0.000688,0.005435,-0.007619,-0.078893,-0.446903,
1629325869.000000,226531982.000000,0.248459,-0.215819,-0.002384,0.005810,0.038814,-0.522160,0.851944,0.142755,-0.001298,0.006888,-0.027068,0.093813,-0.455630,
1629325869.000000,231534958.000000,0.248785,-0.216459,-0.002408,0.005879,0.039157,-0.523112,0.851344,0.142640,0.000660,0.006276,-0.040741,0.114357,-0.441699,
1629325869.000000,236537933.000000,0.249115,-0.217093,-0.002432,0.005845,0.039355,-0.524028,0.850771,0.142533,0.002593,0.005335,-0.020750,0.048358,-0.422518,
1629325869.000000,241540670.000000,0.250205,-0.218228,-0.003496,0.005553,0.039044,-0.524915,0.850240,0.141629,-0.009166,0.020981,0.001901,-0.052512,-0.417167,
1629325869.000000,246544838.000000,0.250487,-0.218898,-0.003405,0.005514,0.038916,-0.525829,0.849682,0.140558,-0.012540,0.030367,0.080278,0.049704,-0.445891,
1629325869.000000,251547813.000000,0.250753,-0.219576,-0.003260,0.005850,0.038989,-0.526810,0.849068,0.139656,-0.015881,0.040243,0.125699,0.078511,-0.459965,
1629325869.000000,256550789.000000,0.251009,-0.220216,-0.003175,0.006124,0.038984,-0.527791,0.848457,0.135338,-0.015165,0.037040,0.094460,0.115597,-0.457668,
1629325869.000000,301578760.000000,0.253090,-0.226175,-0.002709,0.005609,0.037422,-0.535830,0.843478,0.152145,-0.013103,0.024999,0.028302,0.304368,-0.419477,
1629325869.000000,306582928.000000,0.252644,-0.226252,-0.002212,0.006246,0.038410,-0.536730,0.842856,0.142068,-0.000553,0.014091,0.011140,0.263422,-0.407605,
1629325869.000000,311585903.000000,0.252955,-0.226904,-0.002201,0.006491,0.038822,-0.537598,0.842282,0.145812,0.003137,0.010238,0.003847,0.153263,-0.424589,
1629325869.000000,316588879.000000,0.253288,-0.227566,-0.002212,0.006568,0.039043,-0.538511,0.841688,0.149544,0.006860,0.006393,-0.016417,0.019354,-0.438604,
1629325869.000000,321592093.000000,0.253565,-0.228146,-0.002128,0.006435,0.038988,-0.539432,0.841102,0.139988,0.006562,0.013902,-0.009100,-0.071393,-0.437460,
1629325869.000000,326595068.000000,0.253894,-0.228768,-0.002116,0.006242,0.038797,-0.540358,0.840517,0.139564,0.009005,0.012957,-0.018406,-0.142781,-0.444884,
1629325869.000000,331598997.000000,0.254230,-0.229383,-0.002104,0.005987,0.038619,-0.541300,0.839921,0.139141,0.011443,0.012151,-0.038874,-0.001058,-0.450277,
1629325869.000000,336601973.000000,0.254533,-0.230041,-0.002017,0.005980,0.038844,-0.542230,0.839311,0.142027,0.005347,0.022377,-0.025032,0.095212,-0.435388,
1629325869.000000,341604710.000000,0.254462,-0.231386,-0.003071,0.005869,0.038489,-0.543091,0.838771,0.143822,-0.007603,0.022744,0.047258,0.087610,-0.421461,
1629325869.000000,346607685.000000,0.254725,-0.232066,-0.002998,0.006152,0.038608,-0.543988,0.838182,0.144310,-0.008597,0.026945,0.111446,0.129185,-0.434196,
1629325869.000000,391635895.000000,0.256037,-0.238189,-0.003537,0.005933,0.036864,-0.552047,0.832977,0.126666,-0.013862,0.004195,0.034650,-0.078341,-0.419329,
1629325869.000000,396639824.000000,0.256227,-0.238807,-0.003554,0.005954,0.036762,-0.552932,0.832394,0.128635,-0.012230,0.002807,0.059003,0.024491,-0.431029,
1629325869.000000,401642799.000000,0.256480,-0.239506,-0.003582,0.006156,0.036896,-0.553843,0.831781,0.140942,-0.008002,0.000477,0.026360,0.191396,-0.435438,
1629325869.000000,406646013.000000,0.256374,-0.240674,-0.002886,0.006832,0.037736,-0.554751,0.831132,0.161932,-0.007895,0.008851,-0.012500,0.268531,-0.439541,
1629325869.000000,411648989.000000,0.256668,-0.241460,-0.002917,0.007076,0.038211,-0.555655,0.830504,0.168464,-0.005230,0.006957,0.000355,0.145472,-0.428007,
1629325869.000000,416653156.000000,0.256908,-0.242099,-0.002950,0.007145,0.038328,-0.556531,0.829911,0.155724,-0.002792,0.003971,0.020708,-0.013904,-0.424578,
1629325869.000000,421655893.000000,0.257189,-0.242820,-0.002982,0.007103,0.038274,-0.557432,0.829310,0.155999,-0.000270,0.001480,-0.003666,0.017335,-0.440690,
1629325869.000000,426658869.000000,0.257482,-0.243540,-0.003032,0.007083,0.038403,-0.558345,0.828689,0.156485,0.002281,-0.001027,-0.027370,0.031287,-0.437549,
1629325869.000000,431639433.000000,0.257760,-0.244272,-0.003078,0.006991,0.038465,-0.559243,0.828081,0.157110,0.000087,-0.000636,-0.030437,-0.001311,-0.436356,
1629325869.000000,436642647.000000,0.258053,-0.245000,-0.003141,0.006878,0.038526,-0.560155,0.827463,0.157568,0.000761,-0.001958,-0.042132,0.002156,-0.448126,
1629325869.000000,481671333.000000,0.259305,-0.251153,-0.004266,0.007361,0.037571,-0.568140,0.822041,0.114236,-0.012990,0.001156,-0.016723,-0.331240,-0.416424,
1629325869.000000,486674309.000000,0.259444,-0.251697,-0.004335,0.006792,0.036918,-0.569000,0.821480,0.110855,-0.011412,-0.004379,-0.009531,-0.312868,-0.418429,
1629325869.000000,491677284.000000,0.259637,-0.252389,-0.004356,0.006429,0.036397,-0.569883,0.820894,0.130646,-0.010928,-0.000009,0.031316,-0.170701,-0.439704,
1629325869.000000,496680498.000000,0.259823,-0.253037,-0.004403,0.006387,0.036210,-0.570796,0.820269,0.136277,-0.009726,-0.000671,0.056785,0.056992,-0.433513,
1629325869.000000,501683235.000000,0.260021,-0.253705,-0.004459,0.006652,0.036441,-0.571664,0.819651,0.141838,-0.008519,-0.000826,0.022952,0.193303,-0.415190,
1629325869.000000,506686211.000000,0.259444,-0.254389,-0.002994,0.006980,0.037100,-0.572562,0.818992,0.156458,-0.012795,0.021363,0.017059,0.255068,-0.426929,
1629325869.000000,511690378.000000,0.259676,-0.255048,-0.003126,0.007342,0.037586,-0.573450,0.818345,0.153301,-0.006101,0.004228,0.016429,0.217365,-0.439806,
1629325869.000000,516693354.000000,0.259918,-0.255785,-0.003170,0.007554,0.037937,-0.574355,0.817692,0.156828,-0.003222,0.000247,-0.004028,0.133159,-0.448281,
1629325869.000000,521696568.000000,0.260178,-0.256535,-0.003239,0.007610,0.038116,-0.575267,0.817042,0.160536,-0.000317,-0.003994,-0.007205,0.006446,-0.440906,
1629325869.000000,526699543.000000,0.260407,-0.257233,-0.003260,0.007514,0.038061,-0.576166,0.816412,0.152466,-0.001497,0.001060,0.002389,-0.030393,-0.446051,
1629325869.000000,581734419.000000,0.261948,-0.264359,-0.001971,0.007857,0.037344,-0.585929,0.809463,0.109534,-0.041897,0.100282,0.023511,-0.296989,-0.429306,
1629325869.000000,586737394.000000,0.262263,-0.265096,-0.002173,0.007429,0.036739,-0.586810,0.808857,0.125993,-0.024214,0.061536,0.007610,-0.274660,-0.429351,
1629325869.000000,591740131.000000,0.262362,-0.265752,-0.001896,0.007052,0.036235,-0.587673,0.808256,0.127026,-0.023244,0.061671,0.025502,-0.208990,-0.418616,
1629325869.000000,596743345.000000,0.262465,-0.266406,-0.001623,0.006905,0.035921,-0.588529,0.807648,0.127683,-0.022259,0.061705,0.046025,-0.018671,-0.428140,
1629325869.000000,601747274.000000,0.262610,-0.267123,-0.001411,0.007082,0.036054,-0.589406,0.807001,0.138871,-0.018365,0.054916,0.031048,0.181169,-0.433617,
1629325869.000000,606750488.000000,0.262408,-0.267662,-0.002490,0.007454,0.036531,-0.590300,0.806323,0.145221,-0.009363,0.011688,0.005336,0.215044,-0.426022,
1629325869.000000,611753464.000000,0.262602,-0.268385,-0.002496,0.007675,0.036893,-0.591167,0.805668,0.150996,-0.007087,0.008179,-0.000050,0.124813,-0.444019,
1629325869.000000,616756439.000000,0.262812,-0.269132,-0.002525,0.007775,0.037074,-0.592081,0.804987,0.156782,-0.004779,0.004415,0.011723,0.078748,-0.457008,
1629325869.000000,621759415.000000,0.262979,-0.269745,-0.002475,0.007839,0.037185,-0.592997,0.804308,0.145648,-0.003340,0.009021,0.002251,0.017947,-0.453700,
1629325869.000000,626762390.000000,0.263188,-0.270447,-0.002488,0.007790,0.037212,-0.593899,0.803641,0.146249,-0.001303,0.007857,-0.011749,0.029827,-0.439917,
1629325869.000000,716820240.000000,0.267214,-0.284041,-0.005104,0.007923,0.036481,-0.609547,0.791870,0.164230,0.020019,-0.012547,0.016882,0.099160,-0.450475,
1629325869.000000,721823454.000000,0.267521,-0.284811,-0.005217,0.008033,0.036625,-0.610452,0.791165,0.167817,0.022483,-0.014480,0.007406,0.098433,-0.464342,
1629325869.000000,726826429.000000,0.267818,-0.285506,-0.005318,0.008144,0.036851,-0.611363,0.790450,0.159107,0.024458,-0.012970,-0.015065,0.073089,-0.450603,
1629325869.000000,731829405.000000,0.268134,-0.286233,-0.005444,0.008122,0.036964,-0.612232,0.789772,0.158018,0.026710,-0.013746,-0.019373,0.023502,-0.436567,
1629325869.000000,736832380.000000,0.268459,-0.286956,-0.005575,0.008086,0.037070,-0.613095,0.789098,0.156880,0.028956,-0.014442,-0.030948,0.042847,-0.440895,
1629325869.000000,741836309.000000,0.269604,-0.287867,-0.007854,0.007908,0.037125,-0.613966,0.788420,0.154661,0.043523,-0.043261,-0.049112,0.009203,-0.452685,
1629325869.000000,746839285.000000,0.269901,-0.288594,-0.007910,0.007744,0.037124,-0.614863,0.787722,0.154264,0.034552,-0.023578,-0.005633,-0.072651,-0.457004,
1629325869.000000,751842499.000000,0.270245,-0.289292,-0.008073,0.007642,0.036928,-0.615781,0.787014,0.153329,0.033507,-0.019239,0.065994,-0.061346,-0.477105,
1629325869.000000,756845474.000000,0.270583,-0.289990,-0.008216,0.007830,0.036850,-0.616738,0.786266,0.152654,0.032476,-0.014693,0.121348,0.164028,-0.476293,
1629325869.000000,761848450.000000,0.270874,-0.290678,-0.008264,0.008417,0.037137,-0.617648,0.785533,0.148544,0.025699,0.000068,0.123652,0.252474,-0.439941,
1629325869.000000,811880350.000000,0.274078,-0.298219,-0.010160,0.008089,0.035704,-0.626122,0.778865,0.180534,0.050720,-0.042817,0.010651,0.276757,-0.449689,
1629325869.000000,816883326.000000,0.274517,-0.299047,-0.010449,0.008437,0.036161,-0.627002,0.778132,0.187199,0.053481,-0.045636,0.012683,0.164635,-0.457118,
1629325869.000000,821886539.000000,0.274930,-0.299725,-0.010708,0.008600,0.036359,-0.627898,0.777398,0.172397,0.055493,-0.044703,0.017069,0.088503,-0.466661,
1629325869.000000,826889277.000000,0.275375,-0.300489,-0.011007,0.008705,0.036537,-0.628803,0.776657,0.171624,0.058006,-0.046878,-0.019063,0.084827,-0.459318,
1629325869.000000,831892252.000000,0.275829,-0.301249,-0.011319,0.008701,0.036740,-0.629671,0.775944,0.170994,0.060514,-0.049160,-0.045950,0.048814,-0.442159,
1629325869.000000,836896420.000000,0.276247,-0.301991,-0.011575,0.008589,0.036815,-0.630514,0.775256,0.166629,0.056599,-0.043098,-0.024606,-0.061169,-0.430466,
1629325869.000000,841899395.000000,0.276680,-0.302730,-0.011851,0.008395,0.036704,-0.631363,0.774573,0.164792,0.056513,-0.042240,-0.020118,-0.041999,-0.454825,
1629325869.000000,846902370.000000,0.275607,-0.303014,-0.011945,0.008133,0.036343,-0.632299,0.773829,0.151823,0.043093,-0.033889,-0.002190,-0.027226,-0.463831,
1629325869.000000,851905584.000000,0.275958,-0.303697,-0.012166,0.008069,0.036226,-0.633197,0.773100,0.149450,0.042936,-0.031402,0.056465,-0.048008,-0.467836,
1629325869.000000,856908321.000000,0.276179,-0.304432,-0.012087,0.008195,0.036082,-0.634124,0.772346,0.148783,0.028444,-0.000910,0.125757,0.067244,-0.478635,
1629325869.000000,906940460.000000,0.276262,-0.311042,-0.011781,0.008409,0.034464,-0.642746,0.765257,0.161074,0.022411,-0.020028,0.013084,0.221886,-0.438433,
1629325869.000000,911943436.000000,0.276514,-0.311825,-0.011946,0.008772,0.034882,-0.643591,0.764524,0.166831,0.024316,-0.022562,0.017533,0.213620,-0.449111,
1629325869.000000,916946173.000000,0.276762,-0.312507,-0.012086,0.009074,0.035231,-0.644455,0.763776,0.158268,0.026957,-0.021737,0.020590,0.181361,-0.456601,
1629325869.000000,921950340.000000,0.277029,-0.313261,-0.012262,0.009259,0.035449,-0.645331,0.763024,0.159427,0.029114,-0.023783,0.001607,0.019044,-0.462962,
1629325869.000000,926953316.000000,0.277305,-0.314020,-0.012453,0.009154,0.035415,-0.646219,0.762275,0.160601,0.031287,-0.026091,-0.007185,-0.002775,-0.466189,
1629325869.000000,931956291.000000,0.277580,-0.314746,-0.012654,0.009133,0.035516,-0.647099,0.761524,0.156702,0.032992,-0.028577,-0.041977,0.027468,-0.456615,
1629325869.000000,936962605.000000,0.277866,-0.315480,-0.012859,0.009012,0.035642,-0.647952,0.760793,0.155878,0.034960,-0.029999,-0.046733,0.023391,-0.446969,
1629325869.000000,941965818.000000,0.277178,-0.315116,-0.012641,0.008634,0.035239,-0.648857,0.760045,0.139412,0.029493,-0.027667,-0.029166,-0.021710,-0.449331,
1629325869.000000,946968794.000000,0.277312,-0.315799,-0.012536,0.008516,0.035207,-0.649720,0.759310,0.137331,0.016259,0.005041,0.018459,-0.009759,-0.462097,
1629325869.000000,951972961.000000,0.277490,-0.316463,-0.012539,0.008592,0.035155,-0.650614,0.758546,0.135815,0.013134,0.014532,0.078395,0.012193,-0.471753,
1629325869.000000,997000694.000000,0.277157,-0.321483,-0.011607,0.008496,0.033219,-0.658182,0.752078,0.109561,0.006126,0.006471,0.028514,-0.088273,-0.448544,
1629325870.000000,2003670.000000,0.277263,-0.322033,-0.011609,0.008580,0.033287,-0.659019,0.751341,0.113577,0.006893,0.006934,0.014572,0.172913,-0.441035,
1629325870.000000,7007599.000000,0.276112,-0.322729,-0.010916,0.008925,0.033576,-0.659960,0.750497,0.133971,-0.003745,0.014610,0.016776,0.223943,-0.429464,
1629325870.000000,12010813.000000,0.276235,-0.323377,-0.010998,0.009269,0.033951,-0.660764,0.749768,0.136461,0.003418,0.002689,0.014770,0.212474,-0.436820,
1629325870.000000,17013550.000000,0.276343,-0.324055,-0.011034,0.009558,0.034290,-0.661594,0.749017,0.139979,0.006238,-0.000540,0.009352,0.120001,-0.448672,
1629325870.000000,22016525.000000,0.276465,-0.324750,-0.011088,0.009623,0.034402,-0.662442,0.748261,0.143501,0.009085,-0.003760,-0.004403,0.019591,-0.460307,
1629325870.000000,27019739.000000,0.276576,-0.325387,-0.011107,0.009534,0.034408,-0.663305,0.747496,0.136046,0.009266,-0.000220,-0.020468,-0.061432,-0.458288,
1629325870.000000,32022715.000000,0.276704,-0.326052,-0.011152,0.009380,0.034371,-0.664157,0.746744,0.135420,0.011038,-0.000797,-0.019417,0.029691,-0.458145,
1629325870.000000,37026644.000000,0.276840,-0.326714,-0.011200,0.009457,0.034605,-0.665007,0.745975,0.134881,0.012813,-0.001096,-0.037365,0.120139,-0.451895,
1629325870.000000,42029858.000000,0.276104,-0.328372,-0.011443,0.009285,0.034442,-0.665852,0.745230,0.131603,-0.004259,0.008338,-0.040844,0.042382,-0.448710,
1629325870.000000,92061520.000000,0.274834,-0.334704,-0.010154,0.009464,0.033057,-0.674123,0.737819,0.099931,-0.017706,0.012554,0.014858,-0.259195,-0.435072,
1629325870.000000,97064734.000000,0.274795,-0.335216,-0.010118,0.009069,0.032611,-0.674927,0.737108,0.100758,-0.017001,0.012461,0.035774,-0.149383,-0.430774,
1629325870.000000,102067709.000000,0.274758,-0.335730,-0.010076,0.009047,0.032485,-0.675728,0.736380,0.101461,-0.016300,0.012873,0.024581,0.067572,-0.435024,
1629325870.000000,107070446.000000,0.273103,-0.336808,-0.009457,0.009172,0.032599,-0.676585,0.735585,0.130568,-0.027929,0.013075,-0.001342,0.238077,-0.438298,
1629325870.000000,112073660.000000,0.273031,-0.337492,-0.009440,0.009568,0.033069,-0.677386,0.734822,0.136618,-0.025555,0.009888,0.014583,0.229897,-0.437233,
1629325870.000000,117076635.000000,0.272967,-0.338198,-0.009433,0.009857,0.033366,-0.678189,0.734063,0.142589,-0.023182,0.006844,0.008479,0.111854,-0.443578,
1629325870.000000,122080564.000000,0.272886,-0.338764,-0.009369,0.009962,0.033538,-0.679015,0.733290,0.130073,-0.022548,0.010459,-0.005633,0.089149,-0.459578,
1629325870.000000,127083778.000000,0.272827,-0.339419,-0.009358,0.010004,0.033684,-0.679858,0.732501,0.130075,-0.020719,0.008854,-0.026738,-0.011487,-0.456486,
1629325870.000000,132086754.000000,0.272775,-0.340073,-0.009359,0.009831,0.033661,-0.680683,0.731739,0.130128,-0.018897,0.006840,-0.021694,-0.024595,-0.448892,
1629325870.000000,137089491.000000,0.272712,-0.340727,-0.009355,0.009819,0.033766,-0.681512,0.730961,0.129492,-0.019859,0.007121,-0.026659,0.084403,-0.464860,
1629325870.000000,182118893.000000,0.271043,-0.346927,-0.009741,0.010815,0.033606,-0.688691,0.724195,0.096797,-0.034477,0.018142,0.001582,-0.234004,-0.390373,
1629325870.000000,187121630.000000,0.270901,-0.347429,-0.009685,0.010328,0.033126,-0.689423,0.723527,0.094986,-0.032858,0.014895,0.003954,-0.310666,-0.421181,
1629325870.000000,192124605.000000,0.270764,-0.347923,-0.009650,0.009811,0.032586,-0.690215,0.722804,0.093394,-0.031230,0.011254,0.029365,-0.222601,-0.432158,
1629325870.000000,197127581.000000,0.270633,-0.348523,-0.009595,0.009605,0.032278,-0.690994,0.722075,0.108393,-0.030702,0.014509,0.034980,-0.085871,-0.429763,
1629325870.000000,202130556.000000,0.270508,-0.349089,-0.009555,0.009538,0.032152,-0.691772,0.721337,0.112770,-0.029482,0.014216,0.027275,-0.006882,-0.422465,
1629325870.000000,207133532.000000,0.269732,-0.349874,-0.009635,0.009660,0.032420,-0.692553,0.720574,0.123598,-0.032439,0.014541,0.014504,0.174830,-0.429771,
1629325870.000000,212137699.000000,0.269603,-0.350539,-0.009622,0.009995,0.032806,-0.693330,0.719803,0.127747,-0.031139,0.014490,-0.012117,0.180658,-0.434207,
1629325870.000000,217140675.000000,0.269525,-0.351171,-0.009678,0.010164,0.033066,-0.694101,0.719046,0.129080,-0.024439,0.004654,0.007871,0.118671,-0.427717,
1629325870.000000,222143650.000000,0.269433,-0.351830,-0.009701,0.010312,0.033210,-0.694878,0.718286,0.132239,-0.021534,0.000983,0.008326,0.025475,-0.443636,
1629325870.000000,227146626.000000,0.269355,-0.352505,-0.009752,0.010267,0.033238,-0.695687,0.717503,0.135519,-0.018588,-0.002646,-0.015429,0.043157,-0.450200,
1629325870.000000,272175789.000000,0.267731,-0.358600,-0.011561,0.011514,0.033809,-0.702845,0.710446,0.108452,-0.047840,0.044656,0.095321,0.086623,-0.406442,
1629325870.000000,277178764.000000,0.267631,-0.359085,-0.011730,0.011646,0.033720,-0.703564,0.709736,0.100759,-0.034546,0.009284,0.042229,-0.037739,-0.402125,
1629325870.000000,282181978.000000,0.267469,-0.359584,-0.011710,0.011477,0.033539,-0.704296,0.709021,0.096237,-0.032602,0.004198,0.002460,-0.153981,-0.420280,
1629325870.000000,287184715.000000,0.267314,-0.360064,-0.011729,0.011044,0.033153,-0.705051,0.708295,0.092081,-0.030668,-0.001687,-0.004799,-0.299137,-0.416164,
1629325870.000000,292187691.000000,0.267148,-0.360622,-0.011654,0.010455,0.032589,-0.705795,0.707589,0.100933,-0.032010,0.008913,0.025923,-0.300854,-0.422320,
1629325870.000000,297191620.000000,0.266992,-0.361133,-0.011628,0.010059,0.032105,-0.706568,0.706845,0.101481,-0.031380,0.009133,0.034802,-0.181639,-0.437411,
1629325870.000000,302194595.000000,0.266837,-0.361642,-0.011604,0.009903,0.031895,-0.707337,0.706087,0.102167,-0.030750,0.009348,0.028113,0.005599,-0.421460,
1629325870.000000,307197571.000000,0.266753,-0.362095,-0.011056,0.010047,0.032307,-0.708131,0.705270,0.115857,-0.022498,0.002196,0.015380,0.100544,-0.413810,
1629325870.000000,312200546.000000,0.266641,-0.362680,-0.011079,0.010246,0.032534,-0.708864,0.704520,0.120589,-0.020097,-0.001149,-0.007026,0.166608,-0.419275,
1629325870.000000,317203522.000000,0.266536,-0.363282,-0.011123,0.010508,0.032875,-0.709603,0.703756,0.125248,-0.017689,-0.004883,-0.005003,0.149322,-0.428794,
1629325870.000000,407260418.000000,0.264886,-0.374477,-0.012071,0.010425,0.032189,-0.723346,0.689657,0.114619,-0.014819,0.007033,0.017373,0.063434,-0.415080,
1629325870.000000,412263632.000000,0.264792,-0.375053,-0.012065,0.010578,0.032334,-0.724063,0.688895,0.117744,-0.013949,0.007606,0.016108,0.126353,-0.423494,
1629325870.000000,417267561.000000,0.264739,-0.375612,-0.012173,0.010816,0.032552,-0.724804,0.688101,0.117996,-0.007993,-0.006067,0.002547,0.113128,-0.435365,
1629325870.000000,422270775.000000,0.264673,-0.376199,-0.012237,0.010954,0.032761,-0.725553,0.687299,0.120125,-0.005441,-0.009958,-0.014742,0.121849,-0.440616,
1629325870.000000,427273750.000000,0.264615,-0.376793,-0.012323,0.011083,0.032975,-0.726307,0.686489,0.122340,-0.002887,-0.014174,-0.010396,0.031867,-0.438545,
1629325870.000000,432276487.000000,0.264568,-0.377399,-0.012433,0.010995,0.032959,-0.727054,0.685701,0.124470,-0.000327,-0.018434,-0.001871,-0.036191,-0.432097,
1629325870.000000,437216282.000000,0.264510,-0.377957,-0.012473,0.010953,0.032985,-0.727797,0.684912,0.118862,-0.001176,-0.011647,-0.016672,0.052186,-0.438461,
1629325870.000000,442220449.000000,0.264057,-0.379081,-0.013094,0.011015,0.033103,-0.728539,0.684116,0.118191,-0.003102,-0.011301,-0.045585,0.091969,-0.444968,
1629325870.000000,447223425.000000,0.264005,-0.379665,-0.013194,0.011021,0.033315,-0.729290,0.683305,0.117717,-0.001703,-0.012080,-0.035108,0.039664,-0.438552,
1629325870.000000,452226639.000000,0.263890,-0.380242,-0.013145,0.010969,0.033372,-0.730041,0.682500,0.116296,-0.007845,0.002104,-0.001895,-0.026015,-0.449103,
1629325870.000000,502258301.000000,0.262280,-0.385570,-0.012897,0.010777,0.031742,-0.737413,0.674610,0.090540,-0.015859,0.013050,0.041700,-0.061070,-0.417122,
1629325870.000000,507261515.000000,0.262094,-0.386529,-0.013005,0.010627,0.031712,-0.738145,0.673813,0.101186,-0.014192,0.009736,0.023678,0.079972,-0.420514,
1629325870.000000,512264490.000000,0.262037,-0.387106,-0.013049,0.010874,0.031927,-0.738847,0.673028,0.110264,-0.006351,0.003604,0.014879,0.198396,-0.418292,
1629325870.000000,517267227.000000,0.261959,-0.387656,-0.013067,0.011208,0.032230,-0.739550,0.672236,0.113644,-0.003427,0.001154,0.002363,0.110322,-0.421511,
1629325870.000000,522270203.000000,0.261894,-0.388219,-0.013104,0.011269,0.032334,-0.740267,0.671440,0.116824,-0.000480,-0.001571,0.004219,0.045163,-0.437442,
1629325870.000000,527273417.000000,0.261832,-0.388735,-0.013159,0.011322,0.032414,-0.741013,0.670612,0.110825,0.000287,-0.004450,-0.009297,0.011399,-0.448198,
1629325870.000000,532277346.000000,0.261782,-0.389283,-0.013221,0.011250,0.032462,-0.741759,0.669786,0.110466,0.002361,-0.006606,-0.021331,0.021039,-0.440720,
1629325870.000000,537280560.000000,0.261741,-0.389828,-0.013291,0.011229,0.032549,-0.742482,0.668981,0.110136,0.004426,-0.008740,-0.019011,-0.013892,-0.424719,
1629325870.000000,542283535.000000,0.261959,-0.390974,-0.013143,0.011265,0.032590,-0.743214,0.668165,0.114769,0.002176,-0.003575,-0.026492,0.046377,-0.436334,
1629325870.000000,547286272.000000,0.261908,-0.391531,-0.013191,0.011343,0.032809,-0.743949,0.667334,0.114535,0.002454,-0.003710,-0.032943,0.096162,-0.441896,
1629325870.000000,587312460.000000,0.260479,-0.396332,-0.012790,0.012662,0.032819,-0.749707,0.660835,0.083820,-0.014135,0.040357,0.018121,-0.343991,-0.397031,
1629325870.000000,592315674.000000,0.260361,-0.396790,-0.012678,0.011870,0.032125,-0.750396,0.660101,0.085723,-0.012703,0.031277,0.003268,-0.449313,-0.424709,
1629325870.000000,597318649.000000,0.260249,-0.397210,-0.012558,0.011105,0.031481,-0.751129,0.659311,0.082704,-0.011862,0.027852,0.014829,-0.288420,-0.444026,
1629325870.000000,602321625.000000,0.260142,-0.397613,-0.012450,0.010747,0.031156,-0.751864,0.658494,0.079796,-0.011035,0.024777,0.005553,-0.113619,-0.436536,
1629325870.000000,607324600.000000,0.259262,-0.399075,-0.013597,0.010617,0.031203,-0.752611,0.657640,0.113877,-0.012184,0.007861,0.039068,0.071967,-0.410990,
1629325870.000000,612327337.000000,0.259121,-0.399656,-0.013621,0.010962,0.031366,-0.753283,0.656857,0.119905,-0.011610,0.006754,0.045056,0.203131,-0.415077,
1629325870.000000,617331266.000000,0.258980,-0.400263,-0.013629,0.011408,0.031715,-0.753972,0.656041,0.125741,-0.010996,0.006767,0.010528,0.273453,-0.422770,
1629325870.000000,622334480.000000,0.258890,-0.400832,-0.013690,0.011870,0.032140,-0.754661,0.655220,0.121188,-0.004247,-0.000783,0.003135,0.195914,-0.431120,
1629325870.000000,627337456.000000,0.258790,-0.401433,-0.013738,0.012006,0.032293,-0.755378,0.654383,0.122540,-0.001172,-0.003638,0.002111,-0.020826,-0.444022,
1629325870.000000,632340193.000000,0.258701,-0.402037,-0.013796,0.011850,0.032210,-0.756109,0.653545,0.123888,0.001903,-0.006494,-0.009566,-0.049183,-0.447185,
1629325870.000000,682372570.000000,0.257590,-0.408533,-0.013386,0.013685,0.033121,-0.763240,0.645120,0.102971,-0.016490,0.049919,0.078924,-0.068746,-0.395921,
1629325870.000000,687375546.000000,0.257550,-0.408865,-0.013488,0.013466,0.032819,-0.763899,0.644360,0.082889,-0.008154,0.021458,0.014822,-0.186418,-0.409976,
1629325870.000000,692378283.000000,0.257447,-0.409254,-0.013415,0.012945,0.032433,-0.764571,0.643593,0.074680,-0.007617,0.017955,-0.008837,-0.342517,-0.410028,
1629325870.000000,697381496.000000,0.257352,-0.409599,-0.013357,0.012127,0.031777,-0.765249,0.642835,0.066302,-0.007117,0.013877,0.018981,-0.446119,-0.423725,
1629325870.000000,702385426.000000,0.257220,-0.410071,-0.013286,0.011378,0.031105,-0.765961,0.642034,0.082496,-0.008834,0.015522,0.023450,-0.303262,-0.440935,
1629325870.000000,707388639.000000,0.256107,-0.411013,-0.013556,0.010731,0.030614,-0.766674,0.641217,0.112833,-0.014135,0.012817,0.006231,-0.035735,-0.437742,
1629325870.000000,712391615.000000,0.255938,-0.411568,-0.013533,0.010823,0.030705,-0.767365,0.640383,0.115261,-0.014407,0.012487,0.014695,0.126716,-0.425990,
1629325870.000000,717394352.000000,0.255815,-0.412220,-0.013557,0.011167,0.030943,-0.768040,0.639556,0.126341,-0.007098,0.007016,0.039268,0.224761,-0.422754,
1629325870.000000,722397327.000000,0.255668,-0.412850,-0.013566,0.011682,0.031284,-0.768722,0.638710,0.131621,-0.004940,0.004855,0.029827,0.261106,-0.439778,
1629325870.000000,727400303.000000,0.255525,-0.413508,-0.013585,0.012141,0.031662,-0.769425,0.637837,0.137099,-0.002744,0.002958,-0.000156,0.223832,-0.439943,
1629325870.000000,777432442.000000,0.252908,-0.419822,-0.013498,0.013813,0.032588,-0.776456,0.629177,0.101542,-0.015476,0.038648,0.066823,0.236533,-0.441148,
1629325870.000000,782435417.000000,0.252731,-0.420308,-0.013331,0.014119,0.032703,-0.777122,0.628341,0.095438,-0.016173,0.037930,0.047587,0.023550,-0.413137,
1629325870.000000,787439346.000000,0.252557,-0.420753,-0.013161,0.013957,0.032496,-0.777773,0.627549,0.088812,-0.016922,0.037238,0.017939,-0.223160,-0.407911,
1629325870.000000,792442560.000000,0.252385,-0.421170,-0.012986,0.013355,0.032020,-0.778429,0.626773,0.082504,-0.017698,0.036795,0.012344,-0.336164,-0.418515,
1629325870.000000,797445536.000000,0.252195,-0.421622,-0.012890,0.012672,0.031446,-0.779106,0.625975,0.084738,-0.018662,0.028427,0.024289,-0.377724,-0.423963,
1629325870.000000,802448511.000000,0.252013,-0.422019,-0.012781,0.011951,0.030839,-0.779786,0.625172,0.081404,-0.019518,0.024682,0.015750,-0.327579,-0.432358,
1629325870.000000,807451725.000000,0.250090,-0.422354,-0.014365,0.011108,0.030203,-0.780457,0.624380,0.089207,-0.028300,0.000683,0.016656,-0.085980,-0.449460,
1629325870.000000,812454462.000000,0.249875,-0.423053,-0.014386,0.011203,0.030257,-0.781161,0.623496,0.116480,-0.019823,0.000852,0.015804,0.169972,-0.445304,
1629325870.000000,817457438.000000,0.249647,-0.423612,-0.014405,0.011666,0.030600,-0.781835,0.622625,0.122757,-0.017797,0.000148,0.036849,0.274973,-0.428142,
1629325870.000000,822461367.000000,0.249422,-0.424206,-0.014432,0.012223,0.030947,-0.782486,0.621779,0.129010,-0.015744,-0.000233,0.031910,0.244089,-0.414318,
1629325870.000000,912518501.000000,0.243875,-0.432878,-0.014366,0.011722,0.030046,-0.794500,0.606408,0.103462,-0.020754,0.011706,0.046330,0.016584,-0.430328,
1629325870.000000,917521477.000000,0.243643,-0.433362,-0.014324,0.012051,0.030158,-0.795145,0.605549,0.106315,-0.019878,0.011945,0.040437,0.232590,-0.419684,
1629325870.000000,922524691.000000,0.243460,-0.433931,-0.014304,0.012601,0.030534,-0.795770,0.604698,0.114704,-0.011981,0.011204,0.024981,0.289769,-0.417493,
1629325870.000000,927528381.000000,0.243253,-0.434483,-0.014283,0.013102,0.030876,-0.796403,0.603835,0.119234,-0.008985,0.010205,0.012561,0.179664,-0.430293,
1629325870.000000,932531118.000000,0.243053,-0.435060,-0.014270,0.013278,0.031052,-0.797060,0.602956,0.123763,-0.005965,0.009231,-0.008963,0.046651,-0.443123,
1629325870.000000,937591791.000000,0.242992,-0.435863,-0.014905,0.013357,0.031229,-0.797754,0.602025,0.110935,0.003923,-0.009582,-0.024975,0.019930,-0.441040,
1629325870.000000,942594767.000000,0.242867,-0.436397,-0.014992,0.013266,0.031286,-0.798408,0.601157,0.109657,0.007748,-0.011911,-0.029189,-0.079629,-0.430343,
1629325870.000000,947597742.000000,0.242761,-0.436929,-0.015093,0.012977,0.031184,-0.799052,0.600313,0.108324,0.011563,-0.014394,-0.014342,-0.077914,-0.426056,
1629325870.000000,952600718.000000,0.242551,-0.437482,-0.015112,0.012897,0.031204,-0.799700,0.599450,0.112625,0.002864,-0.006557,-0.021583,0.038569,-0.443060,
1629325870.000000,957603693.000000,0.242406,-0.438022,-0.015170,0.012981,0.031374,-0.800367,0.598549,0.112716,0.002718,-0.004934,-0.007013,0.108344,-0.444303,
1629325871.000000,2632856.000000,0.239694,-0.442435,-0.012914,0.013399,0.030399,-0.806119,0.590820,0.080827,-0.017762,0.029378,0.011156,-0.312529,-0.420702,
1629325871.000000,7636070.000000,0.238077,-0.443615,-0.013521,0.012628,0.029828,-0.806749,0.590005,0.093729,-0.019242,0.012075,0.024222,-0.176747,-0.428237,
1629325871.000000,12638807.000000,0.237793,-0.444217,-0.013405,0.012437,0.029620,-0.807383,0.589152,0.112967,-0.018204,0.021817,0.052716,-0.039780,-0.421851,
1629325871.000000,17642736.000000,0.237533,-0.444760,-0.013361,0.012537,0.029545,-0.808009,0.588295,0.118700,-0.017006,0.021298,0.046723,0.088168,-0.429190,
1629325871.000000,22645950.000000,0.237268,-0.445322,-0.013291,0.012901,0.029766,-0.808647,0.587399,0.124195,-0.015805,0.021872,0.010196,0.279742,-0.441034,
1629325871.000000,27648926.000000,0.237001,-0.445901,-0.013208,0.013471,0.030233,-0.809283,0.586486,0.129303,-0.014594,0.022704,-0.022717,0.241842,-0.436760,
1629325871.000000,32651663.000000,0.236837,-0.446430,-0.013259,0.013716,0.030499,-0.809905,0.585606,0.122391,-0.004307,0.010471,0.009968,0.077335,-0.418650,
1629325871.000000,37654877.000000,0.236497,-0.447199,-0.013590,0.014049,0.030667,-0.810514,0.584748,0.118034,0.004249,-0.002420,0.015849,-0.030532,-0.433395,
1629325871.000000,42658567.000000,0.236336,-0.447775,-0.013650,0.013974,0.030646,-0.811158,0.583857,0.119030,0.008474,-0.006182,-0.006834,0.020003,-0.436864,
1629325871.000000,47661543.000000,0.236132,-0.448310,-0.013640,0.014014,0.030762,-0.811787,0.582974,0.116710,0.004587,-0.001114,-0.028015,0.037934,-0.436631,
1629325871.000000,92689991.000000,0.233824,-0.453731,-0.013431,0.015285,0.030699,-0.817433,0.575001,0.088535,-0.016299,0.030481,0.046609,-0.191467,-0.390895,
1629325871.000000,97692966.000000,0.233609,-0.454114,-0.013316,0.014784,0.030274,-0.818017,0.574207,0.082429,-0.014404,0.025077,0.027295,-0.304847,-0.407900,
1629325871.000000,102696657.000000,0.233411,-0.454471,-0.013225,0.014094,0.029772,-0.818627,0.573380,0.076399,-0.012528,0.019681,0.007110,-0.356653,-0.418679,
1629325871.000000,107699871.000000,0.232511,-0.455171,-0.013627,0.013205,0.029309,-0.819215,0.572585,0.099971,-0.015125,0.016669,0.008101,-0.307938,-0.434557,
1629325871.000000,112702847.000000,0.232271,-0.455618,-0.013554,0.012755,0.028971,-0.819852,0.571699,0.102738,-0.014119,0.017194,0.034753,-0.091254,-0.439996,
1629325871.000000,117705822.000000,0.232031,-0.456090,-0.013472,0.012818,0.028936,-0.820475,0.570805,0.105930,-0.013065,0.018430,0.027517,0.085735,-0.427160,
1629325871.000000,122709036.000000,0.231799,-0.456621,-0.013446,0.013079,0.029093,-0.821075,0.569929,0.114245,-0.008199,0.012547,0.020819,0.179294,-0.418590,
1629325871.000000,127712011.000000,0.231564,-0.457155,-0.013415,0.013512,0.029360,-0.821676,0.569038,0.119476,-0.005612,0.010341,0.017848,0.218900,-0.440886,
1629325871.000000,132715464.000000,0.231328,-0.457718,-0.013401,0.013934,0.029652,-0.822312,0.568093,0.124859,-0.002987,0.008068,0.011317,0.207977,-0.453888,
1629325871.000000,137718678.000000,0.231095,-0.458312,-0.013400,0.014248,0.029893,-0.822946,0.567154,0.130155,-0.000331,0.005678,-0.008770,0.090887,-0.447372,
1629325871.000000,187750816.000000,0.228943,-0.463076,-0.012095,0.016026,0.030200,-0.829210,0.557890,0.074376,-0.018640,0.047598,0.059228,0.068638,-0.405930,
1629325871.000000,192753792.000000,0.228725,-0.463391,-0.011886,0.015930,0.030055,-0.829774,0.557061,0.068944,-0.017257,0.044049,0.018800,-0.209977,-0.403615,
1629325871.000000,197756767.000000,0.228524,-0.463679,-0.011696,0.015302,0.029650,-0.830363,0.556223,0.063243,-0.015904,0.040105,0.001673,-0.298262,-0.425022,
1629325871.000000,202759743.000000,0.228295,-0.464010,-0.011487,0.014670,0.029257,-0.830972,0.555350,0.068717,-0.016897,0.041891,0.002827,-0.322085,-0.431497,
1629325871.000000,207762957.000000,0.227468,-0.465883,-0.012382,0.013778,0.028789,-0.831586,0.554478,0.085021,-0.016240,0.022919,0.052702,-0.273439,-0.422887,
1629325871.000000,212765932.000000,0.227227,-0.466245,-0.012283,0.013435,0.028405,-0.832186,0.553606,0.084199,-0.015825,0.021897,0.054265,-0.112853,-0.429267,
1629325871.000000,217770100.000000,0.226967,-0.466774,-0.012225,0.013430,0.028344,-0.832789,0.552702,0.102207,-0.010649,0.019184,0.013394,0.121939,-0.435730,
1629325871.000000,222772837.000000,0.226719,-0.467246,-0.012166,0.013825,0.028625,-0.833382,0.551782,0.107479,-0.008584,0.017997,0.000633,0.229988,-0.431455,
1629325871.000000,227775812.000000,0.226469,-0.467739,-0.012110,0.014233,0.028913,-0.833973,0.550864,0.112548,-0.006514,0.016502,0.016591,0.178466,-0.439893,
1629325871.000000,232778788.000000,0.226254,-0.468171,-0.012077,0.014558,0.029095,-0.834583,0.549921,0.104282,-0.004507,0.012367,0.023147,0.141209,-0.448523,
1629325871.000000,277807951.000000,0.223507,-0.475222,-0.012285,0.015576,0.029478,-0.840136,0.541351,0.109145,-0.019012,0.058116,0.111347,0.202419,-0.439119,
1629325871.000000,282810688.000000,0.223233,-0.475614,-0.012095,0.016113,0.029493,-0.840706,0.540448,0.099000,-0.020679,0.056491,0.135921,0.201330,-0.411108,
1629325871.000000,287813663.000000,0.222934,-0.476029,-0.011831,0.016632,0.029498,-0.841263,0.539564,0.095177,-0.022823,0.061201,0.088274,0.120690,-0.412313,
1629325871.000000,292816877.000000,0.222630,-0.476425,-0.011539,0.016717,0.029456,-0.841815,0.538703,0.091611,-0.025009,0.066249,0.005908,-0.069469,-0.397477,
1629325871.000000,297820807.000000,0.222388,-0.476814,-0.011410,0.016287,0.029244,-0.842357,0.537880,0.087011,-0.017278,0.043897,-0.008094,-0.316037,-0.408964,
1629325871.000000,302823782.000000,0.222135,-0.477177,-0.011227,0.015456,0.028725,-0.842945,0.537010,0.082790,-0.015523,0.037941,0.027260,-0.395485,-0.438997,
1629325871.000000,307826996.000000,0.220989,-0.479836,-0.012558,0.014500,0.028117,-0.843534,0.536143,0.085398,-0.010408,0.001275,0.048616,-0.282616,-0.445400,
1629325871.000000,312829733.000000,0.220637,-0.480401,-0.012404,0.014082,0.027754,-0.844133,0.535229,0.106594,-0.012342,0.016715,0.033804,-0.149867,-0.430483,
1629325871.000000,317832708.000000,0.220349,-0.480873,-0.012340,0.013953,0.027630,-0.844703,0.534339,0.110285,-0.011748,0.018072,0.026096,0.048803,-0.419726,
1629325871.000000,322835922.000000,0.220057,-0.481358,-0.012270,0.014226,0.027773,-0.845266,0.533434,0.113637,-0.011136,0.019667,0.007192,0.172578,-0.430388,
1629325871.000000,377870798.000000,0.216257,-0.489061,-0.012689,0.015956,0.028618,-0.851808,0.522828,0.111394,-0.018099,0.048326,0.113750,0.208220,-0.464524,
1629325871.000000,382873774.000000,0.215921,-0.489517,-0.012451,0.016525,0.028679,-0.852389,0.521861,0.107495,-0.021958,0.058790,0.109357,0.188358,-0.416692,
1629325871.000000,387877703.000000,0.215578,-0.489943,-0.012156,0.016895,0.028625,-0.852913,0.520994,0.103169,-0.025856,0.069259,0.103027,0.044981,-0.401418,
1629325871.000000,392880917.000000,0.215331,-0.490331,-0.012086,0.016927,0.028452,-0.853451,0.520120,0.092171,-0.016033,0.041231,0.040349,-0.070782,-0.411304,
1629325871.000000,397883654.000000,0.215059,-0.490702,-0.011917,0.016591,0.028265,-0.853997,0.519245,0.085781,-0.014499,0.036667,-0.015388,-0.256561,-0.421831,
1629325871.000000,402886629.000000,0.214808,-0.491047,-0.011767,0.015809,0.027859,-0.854568,0.518351,0.079419,-0.012982,0.031537,0.004837,-0.398372,-0.435762,
1629325871.000000,407889843.000000,0.213852,-0.493501,-0.013576,0.014876,0.027374,-0.855127,0.517481,0.107249,-0.009124,0.016058,0.042427,-0.307385,-0.453819,
1629325871.000000,412893772.000000,0.213563,-0.493957,-0.013522,0.014486,0.027043,-0.855721,0.516528,0.107674,-0.008571,0.016755,0.040307,-0.074934,-0.439036,
1629325871.000000,417896986.000000,0.213275,-0.494416,-0.013462,0.014527,0.027004,-0.856275,0.515609,0.108120,-0.008021,0.017660,0.027406,0.068597,-0.423899,
1629325871.000000,422899961.000000,0.212984,-0.494993,-0.013497,0.014764,0.027099,-0.856819,0.514693,0.120301,-0.001729,0.008461,0.030582,0.153861,-0.421884,
1629325871.000000,512956858.000000,0.207336,-0.507674,-0.013392,0.015217,0.026694,-0.866903,0.497528,0.085871,0.001398,0.000078,0.047981,-0.134521,-0.437614,
1629325871.000000,517959833.000000,0.207036,-0.508191,-0.013265,0.015162,0.026563,-0.867449,0.496585,0.101788,0.001415,0.012804,0.040443,0.036752,-0.426058,
1629325871.000000,522962809.000000,0.206781,-0.508647,-0.013229,0.015359,0.026630,-0.867970,0.495665,0.105491,0.002456,0.012962,0.009559,0.132974,-0.422672,
1629325871.000000,527966738.000000,0.206521,-0.509118,-0.013194,0.015665,0.026836,-0.868499,0.494717,0.108936,0.003506,0.012903,0.001915,0.159554,-0.441931,
1629325871.000000,532969952.000000,0.206287,-0.509604,-0.013231,0.015953,0.027029,-0.869054,0.493721,0.110245,0.008590,0.002935,-0.004248,0.125548,-0.465375,
1629325871.000000,537972927.000000,0.205127,-0.511637,-0.014045,0.016396,0.027085,-0.869621,0.492703,0.125919,0.010239,-0.000533,0.002024,0.034505,-0.463276,
1629325871.000000,542975903.000000,0.204849,-0.512210,-0.014090,0.016376,0.027087,-0.870185,0.491707,0.128996,0.012962,-0.003335,0.008592,-0.017720,-0.453591,
1629325871.000000,547978878.000000,0.204592,-0.512713,-0.014101,0.016378,0.027128,-0.870746,0.490711,0.121899,0.012100,-0.000963,-0.015909,0.081632,-0.465264,
1629325871.000000,552982569.000000,0.204332,-0.513263,-0.014144,0.016595,0.027374,-0.871309,0.489689,0.121206,0.013654,-0.001888,-0.041586,0.148200,-0.455884,
1629325871.000000,557985544.000000,0.204081,-0.513809,-0.014195,0.016746,0.027614,-0.871854,0.488700,0.120377,0.015193,-0.003239,-0.034181,0.040058,-0.456666,
1629325871.000000,598010778.000000,0.200313,-0.518802,-0.013689,0.017731,0.026968,-0.876140,0.480974,0.088460,-0.005367,0.022557,0.001228,-0.252916,-0.433196,
1629325871.000000,603013992.000000,0.200064,-0.519156,-0.013609,0.017073,0.026677,-0.876688,0.480016,0.084333,-0.003372,0.015875,-0.006648,-0.299283,-0.447315,
1629325871.000000,608017683.000000,0.198096,-0.520966,-0.014297,0.016381,0.026353,-0.877214,0.479097,0.081308,-0.006040,0.000846,0.024609,-0.354183,-0.444905,
1629325871.000000,613020658.000000,0.197700,-0.521441,-0.014118,0.015738,0.025932,-0.877763,0.478134,0.099351,-0.009739,0.016134,0.049044,-0.187763,-0.446075,
1629325871.000000,618023872.000000,0.197392,-0.521836,-0.014061,0.015656,0.025795,-0.878300,0.477156,0.101214,-0.009394,0.016183,0.023698,0.067661,-0.448132,
1629325871.000000,623026848.000000,0.197073,-0.522246,-0.014010,0.015975,0.025981,-0.878824,0.476171,0.103302,-0.009051,0.016227,0.002020,0.232689,-0.433346,
1629325871.000000,628029823.000000,0.196763,-0.522717,-0.014033,0.016511,0.026287,-0.879323,0.475213,0.112049,-0.002502,0.005502,0.008592,0.233142,-0.431004,
1629325871.000000,633033037.000000,0.196445,-0.523192,-0.014046,0.016898,0.026497,-0.879839,0.474231,0.116593,0.000360,0.001506,0.014965,0.135087,-0.449238,
1629325871.000000,638036728.000000,0.194201,-0.524385,-0.014589,0.017290,0.026454,-0.880363,0.473246,0.132840,-0.007449,-0.004752,0.010748,0.060701,-0.454589,
1629325871.000000,643039703.000000,0.193840,-0.524808,-0.014579,0.017295,0.026503,-0.880904,0.472236,0.122799,-0.008626,-0.000432,-0.026390,-0.048782,-0.466177,
1629325871.000000,693071842.000000,0.188293,-0.531517,-0.013758,0.018979,0.026607,-0.886113,0.462316,0.096296,-0.022744,0.026763,0.008542,-0.070753,-0.394832,
1629325871.000000,698074579.000000,0.187931,-0.531847,-0.013660,0.018530,0.026411,-0.886581,0.461447,0.090433,-0.021458,0.021902,-0.001105,-0.269916,-0.411720,
1629325871.000000,703077793.000000,0.187541,-0.532199,-0.013538,0.017835,0.026055,-0.887092,0.460512,0.094239,-0.022540,0.024266,0.022484,-0.332051,-0.444944,
1629325871.000000,708080769.000000,0.185342,-0.534239,-0.014463,0.017037,0.025654,-0.887598,0.459589,0.110169,-0.024184,0.010461,0.022669,-0.249637,-0.444952,
1629325871.000000,713083744.000000,0.184922,-0.534634,-0.014444,0.016588,0.025387,-0.888112,0.458626,0.109559,-0.023763,0.010220,0.033103,-0.175792,-0.435221,
1629325871.000000,718086958.000000,0.184503,-0.535029,-0.014426,0.016331,0.025181,-0.888612,0.457676,0.108979,-0.023352,0.010084,0.031224,-0.026295,-0.421457,
1629325871.000000,723090887.000000,0.184023,-0.535592,-0.014463,0.016498,0.025247,-0.889089,0.456740,0.126796,-0.017914,0.005070,0.004460,0.165169,-0.421327,
1629325871.000000,728093624.000000,0.183581,-0.536061,-0.014465,0.016896,0.025488,-0.889570,0.455773,0.131319,-0.016034,0.003848,-0.002006,0.180263,-0.436329,
1629325871.000000,733096838.000000,0.183128,-0.536558,-0.014485,0.017213,0.025661,-0.890066,0.454783,0.135993,-0.014116,0.002189,0.022503,0.130888,-0.441688,
1629325871.000000,738099813.000000,0.182704,-0.537036,-0.014534,0.017438,0.025751,-0.890571,0.453779,0.132876,-0.011755,-0.002135,0.003623,0.063410,-0.458617,
1629325871.000000,778124809.000000,0.179183,-0.540724,-0.013997,0.018799,0.026241,-0.894561,0.445778,0.110731,-0.029106,0.058180,0.088827,0.147252,-0.451197,
1629325871.000000,783128738.000000,0.178803,-0.541059,-0.013880,0.019184,0.026233,-0.895047,0.444786,0.101263,-0.026870,0.049164,0.088571,0.125001,-0.426495,
1629325871.000000,788131714.000000,0.178391,-0.541385,-0.013652,0.019463,0.026135,-0.895517,0.443833,0.096309,-0.028290,0.052997,0.100497,0.047556,-0.416939,
1629325871.000000,793134689.000000,0.177987,-0.541688,-0.013390,0.019524,0.025968,-0.895981,0.442902,0.091347,-0.029739,0.057683,0.051642,-0.054153,-0.409512,
1629325871.000000,798137665.000000,0.177630,-0.542002,-0.013275,0.019231,0.025808,-0.896438,0.442000,0.088433,-0.023137,0.038794,-0.009373,-0.217092,-0.403103,
1629325871.000000,803141832.000000,0.177277,-0.542287,-0.013117,0.018515,0.025528,-0.896898,0.441112,0.084364,-0.021410,0.033856,-0.008363,-0.368976,-0.409459,
1629325871.000000,808144808.000000,0.176557,-0.543376,-0.015611,0.017510,0.025145,-0.897322,0.440312,0.088413,-0.016030,-0.017048,0.025933,-0.301545,-0.427526,
1629325871.000000,813147783.000000,0.176070,-0.543825,-0.015532,0.017008,0.024840,-0.897807,0.439359,0.108036,-0.017924,-0.000360,0.029341,-0.168296,-0.428682,
1629325871.000000,818150759.000000,0.175652,-0.544214,-0.015547,0.016802,0.024691,-0.898284,0.438400,0.112115,-0.017350,0.001117,0.038613,0.004864,-0.435973,
1629325871.000000,823153734.000000,0.175221,-0.544622,-0.015549,0.017022,0.024723,-0.898761,0.437411,0.116358,-0.016752,0.003020,0.024061,0.154874,-0.429787,
1629325871.000000,913211823.000000,0.166928,-0.553258,-0.016463,0.018068,0.024513,-0.907057,0.419905,0.101231,-0.020511,0.002367,0.030615,-0.224905,-0.433855,
1629325871.000000,918214798.000000,0.166522,-0.553577,-0.016486,0.017785,0.024318,-0.907521,0.418925,0.101081,-0.020078,0.000900,0.044244,-0.019244,-0.435906,
1629325871.000000,923217773.000000,0.166083,-0.553968,-0.016556,0.017937,0.024312,-0.907976,0.417933,0.111980,-0.016486,-0.004010,0.020036,0.110600,-0.430640,
1629325871.000000,928220987.000000,0.165652,-0.554346,-0.016619,0.018264,0.024473,-0.908416,0.416950,0.116334,-0.014767,-0.006046,0.011085,0.209505,-0.429478,
1629325871.000000,933223963.000000,0.165212,-0.554748,-0.016691,0.018766,0.024707,-0.908857,0.415953,0.120712,-0.013017,-0.007802,-0.003413,0.206056,-0.433807,
1629325871.000000,938226700.000000,0.164821,-0.555108,-0.016755,0.019109,0.024923,-0.909301,0.414953,0.112989,-0.010854,-0.007919,-0.000623,0.141739,-0.438033,
1629325871.000000,943230867.000000,0.164136,-0.555220,-0.016601,0.019505,0.024966,-0.909731,0.413987,0.115416,-0.011818,-0.007814,0.003996,-0.019614,-0.435877,
1629325871.000000,948233843.000000,0.163713,-0.555621,-0.016683,0.019307,0.024925,-0.910188,0.412993,0.115032,-0.009913,-0.010006,-0.017385,-0.062268,-0.446435,
1629325871.000000,953236818.000000,0.163299,-0.556021,-0.016770,0.019199,0.024993,-0.910653,0.411969,0.114643,-0.008008,-0.012095,-0.041910,0.007600,-0.450841,
1629325871.000000,958240032.000000,0.162847,-0.556407,-0.016817,0.019142,0.025126,-0.911109,0.410954,0.116128,-0.010865,-0.009477,-0.041997,-0.007205,-0.441177,
1629325872.000000,3268719.000000,0.158790,-0.560355,-0.015156,0.020249,0.024638,-0.915099,0.401966,0.088021,-0.022114,0.030088,-0.001515,-0.239673,-0.415541,
1629325872.000000,8271694.000000,0.158113,-0.562533,-0.015685,0.019571,0.024499,-0.915536,0.401011,0.095675,-0.009968,-0.001855,-0.010975,-0.309791,-0.421056,
1629325872.000000,13274908.000000,0.157767,-0.562839,-0.015728,0.018821,0.024188,-0.915973,0.400068,0.091865,-0.008314,-0.007816,0.033610,-0.285345,-0.421981,
1629325872.000000,18277884.000000,0.157271,-0.563260,-0.015664,0.018353,0.023883,-0.916411,0.399104,0.109583,-0.011807,0.003656,0.041542,-0.144890,-0.427380,
1629325872.000000,23280859.000000,0.156849,-0.563627,-0.015666,0.018251,0.023785,-0.916843,0.398122,0.112864,-0.011804,0.004021,0.030456,0.072964,-0.431604,
1629325872.000000,28283834.000000,0.156416,-0.564004,-0.015665,0.018587,0.023889,-0.917265,0.397126,0.116297,-0.011788,0.004599,0.012632,0.164072,-0.423157,
1629325872.000000,33287764.000000,0.155998,-0.564431,-0.015722,0.018946,0.024060,-0.917676,0.396148,0.120819,-0.005105,-0.002883,0.010195,0.187374,-0.426199,
1629325872.000000,38290739.000000,0.155564,-0.564862,-0.015775,0.019386,0.024250,-0.918097,0.395138,0.124488,-0.002395,-0.006119,0.001998,0.184831,-0.441226,
1629325872.000000,43293953.000000,0.155008,-0.565369,-0.014987,0.020105,0.024573,-0.918526,0.394084,0.132502,0.000426,0.003147,-0.001420,0.095733,-0.442315,
1629325872.000000,48296928.000000,0.154613,-0.565756,-0.014958,0.020199,0.024644,-0.918954,0.393075,0.121723,-0.000348,0.006209,0.002907,0.024393,-0.432687,
1629325872.000000,93325615.000000,0.149476,-0.571127,-0.014771,0.021142,0.024613,-0.922775,0.383971,0.112163,-0.025384,0.064797,0.058387,0.187031,-0.417727,
1629325872.000000,98328829.000000,0.149092,-0.571468,-0.014707,0.021397,0.024652,-0.923161,0.383024,0.103102,-0.014723,0.038096,0.032440,-0.022321,-0.391151,
1629325872.000000,103331804.000000,0.148684,-0.571785,-0.014555,0.021035,0.024440,-0.923546,0.382130,0.098226,-0.013053,0.033449,0.028544,-0.276426,-0.403667,
1629325872.000000,108335733.000000,0.147866,-0.573249,-0.015195,0.020459,0.024234,-0.923941,0.381217,0.098784,-0.004846,0.001155,0.011462,-0.333739,-0.422096,
1629325872.000000,113338947.000000,0.147372,-0.573663,-0.015089,0.019757,0.023950,-0.924362,0.380252,0.110327,-0.007333,0.011369,0.014557,-0.249697,-0.432564,
1629325872.000000,118341684.000000,0.146957,-0.574026,-0.015063,0.019281,0.023729,-0.924785,0.379258,0.109981,-0.006954,0.010409,0.025329,-0.166788,-0.428464,
1629325872.000000,123344660.000000,0.146544,-0.574386,-0.015042,0.019059,0.023580,-0.925193,0.378284,0.109659,-0.006587,0.009405,0.044404,-0.000007,-0.421902,
1629325872.000000,128347874.000000,0.146096,-0.574814,-0.015065,0.019293,0.023598,-0.925590,0.377299,0.120021,-0.002831,0.004287,0.019127,0.168104,-0.419878,
1629325872.000000,133350849.000000,0.145652,-0.575235,-0.015083,0.019755,0.023801,-0.925973,0.376320,0.124127,-0.001080,0.002445,0.009087,0.236779,-0.416620,
1629325872.000000,138355017.000000,0.145200,-0.575672,-0.015109,0.020200,0.023980,-0.926359,0.375334,0.128129,0.000683,0.000732,0.003089,0.111252,-0.426197,
1629325872.000000,183382750.000000,0.140453,-0.580731,-0.015260,0.020723,0.024393,-0.930055,0.366024,0.127839,-0.012429,0.040274,0.116098,0.138162,-0.465684,
1629325872.000000,188385725.000000,0.139940,-0.581120,-0.015059,0.021168,0.024277,-0.930468,0.364955,0.125983,-0.016050,0.050052,0.134870,0.210765,-0.432691,
1629325872.000000,193388700.000000,0.139507,-0.581481,-0.014958,0.021790,0.024191,-0.930842,0.363968,0.116708,-0.013159,0.041799,0.119232,0.186637,-0.402691,
1629325872.000000,198392868.000000,0.139029,-0.581834,-0.014781,0.022143,0.024133,-0.931204,0.363025,0.112923,-0.014663,0.044716,0.044528,0.093396,-0.399532,
1629325872.000000,203395844.000000,0.138559,-0.582169,-0.014598,0.022186,0.024142,-0.931564,0.362095,0.109187,-0.016196,0.047140,-0.003628,-0.087871,-0.393235,
1629325872.000000,208398581.000000,0.137830,-0.583229,-0.015400,0.021864,0.024125,-0.931926,0.361183,0.103442,-0.003338,0.005336,-0.005633,-0.368868,-0.405901,
1629325872.000000,213401794.000000,0.137451,-0.583557,-0.015406,0.020829,0.023740,-0.932328,0.360233,0.098461,-0.001405,0.000551,0.023107,-0.432511,-0.430500,
1629325872.000000,218404770.000000,0.137093,-0.583879,-0.015438,0.019984,0.023362,-0.932743,0.359229,0.093580,0.000533,-0.004124,0.029715,-0.286548,-0.444364,
1629325872.000000,223408699.000000,0.136524,-0.584332,-0.015323,0.019556,0.023151,-0.933146,0.358218,0.117158,-0.003450,0.010710,0.035861,-0.066345,-0.421029,
1629325872.000000,228411913.000000,0.136066,-0.584722,-0.015300,0.019647,0.023116,-0.933515,0.357252,0.121700,-0.003335,0.011694,0.028637,0.113192,-0.415401,
1629325872.000000,273439884.000000,0.131466,-0.589639,-0.015064,0.021258,0.024091,-0.936977,0.347912,0.134978,0.003392,0.003407,-0.026918,0.009002,-0.438012,
1629325872.000000,278443575.000000,0.130965,-0.590089,-0.015081,0.021199,0.024094,-0.937361,0.346879,0.134420,0.003157,0.004819,0.048580,-0.049069,-0.441250,
1629325872.000000,283446789.000000,0.130415,-0.590425,-0.014862,0.021146,0.023868,-0.937755,0.345830,0.128649,-0.011330,0.031880,0.120304,-0.006294,-0.456070,
1629325872.000000,288449764.000000,0.129883,-0.590796,-0.014718,0.021432,0.023665,-0.938157,0.344735,0.126079,-0.016272,0.041266,0.127721,0.198372,-0.460492,
1629325872.000000,293452501.000000,0.129336,-0.591146,-0.014520,0.022083,0.023640,-0.938533,0.343669,0.124097,-0.021233,0.051417,0.090396,0.236588,-0.423214,
1629325872.000000,298455715.000000,0.128779,-0.591470,-0.014263,0.022535,0.023629,-0.938875,0.342707,0.122113,-0.026233,0.061778,0.076312,0.112835,-0.390003,
1629325872.000000,303459644.000000,0.128401,-0.591808,-0.014348,0.022649,0.023522,-0.939211,0.341783,0.109100,-0.012512,0.026273,0.045763,-0.060646,-0.399575,
1629325872.000000,308462620.000000,0.127678,-0.592601,-0.014744,0.022426,0.023388,-0.939588,0.340770,0.103712,-0.005525,0.005356,0.001919,-0.197691,-0.409386,
1629325872.000000,313465834.000000,0.127276,-0.592907,-0.014768,0.021776,0.023203,-0.939952,0.339819,0.098003,-0.004332,0.000544,-0.008817,-0.344430,-0.415666,
1629325872.000000,318468809.000000,0.126760,-0.593275,-0.014706,0.020857,0.022892,-0.940331,0.338848,0.107383,-0.006277,0.006783,0.023160,-0.370730,-0.429555,
1629325872.000000,413529873.000000,0.115743,-0.602871,-0.015986,0.022185,0.022473,-0.947126,0.319305,0.114349,-0.007857,-0.003458,-0.004427,-0.313054,-0.431909,
1629325872.000000,418532610.000000,0.115273,-0.603180,-0.016055,0.021396,0.022217,-0.947487,0.318302,0.110395,-0.006496,-0.008984,0.029598,-0.339244,-0.426537,
1629325872.000000,423535824.000000,0.114822,-0.603480,-0.016149,0.020667,0.021887,-0.947846,0.317306,0.106530,-0.005160,-0.014589,0.047967,-0.254988,-0.431742,
1629325872.000000,428538799.000000,0.114210,-0.603884,-0.016110,0.020360,0.021697,-0.948200,0.316278,0.125650,-0.006796,-0.000430,0.043538,0.015154,-0.434022,
1629325872.000000,433541775.000000,0.113678,-0.604241,-0.016155,0.020676,0.021746,-0.948534,0.315250,0.129312,-0.006409,0.000461,0.013854,0.205778,-0.426477,
1629325872.000000,438544989.000000,0.113133,-0.604607,-0.016195,0.021185,0.021943,-0.948855,0.314235,0.132979,-0.006018,0.001328,-0.002381,0.227597,-0.416925,
1629325872.000000,443547726.000000,0.112554,-0.606100,-0.015551,0.022042,0.022259,-0.949199,0.313114,0.147207,0.004493,-0.003821,0.012623,0.145008,-0.432831,
1629325872.000000,448551655.000000,0.111978,-0.606565,-0.015627,0.022258,0.022322,-0.949540,0.312059,0.149604,0.007542,-0.007960,0.010638,0.062971,-0.442620,
1629325872.000000,453554869.000000,0.111399,-0.607046,-0.015723,0.022296,0.022358,-0.949883,0.311006,0.152059,0.010587,-0.012035,-0.000154,-0.024552,-0.445665,
1629325872.000000,458557844.000000,0.110847,-0.607494,-0.015783,0.022176,0.022367,-0.950232,0.309946,0.146650,0.010025,-0.008346,-0.014973,-0.011506,-0.444699,
1629325872.000000,503586531.000000,0.105725,-0.610341,-0.015538,0.023254,0.021859,-0.953252,0.300486,0.108175,-0.012219,0.022909,0.029608,0.052726,-0.392609,
1629325872.000000,508589745.000000,0.104716,-0.611053,-0.015781,0.023457,0.021819,-0.953553,0.299517,0.107531,-0.009825,-0.004193,-0.001251,-0.180226,-0.383830,
1629325872.000000,513592720.000000,0.104266,-0.611309,-0.015843,0.022797,0.021632,-0.953865,0.298585,0.102365,-0.007948,-0.012335,0.012661,-0.329133,-0.409570,
1629325872.000000,518595695.000000,0.103675,-0.611609,-0.015746,0.022016,0.021359,-0.954200,0.297594,0.114002,-0.013160,0.004543,0.029822,-0.290947,-0.434084,
1629325872.000000,523598909.000000,0.103170,-0.611874,-0.015756,0.021433,0.021131,-0.954539,0.296562,0.114065,-0.013636,0.004387,0.026628,-0.203580,-0.434165,
1629325872.000000,528602839.000000,0.102659,-0.612139,-0.015772,0.021082,0.020965,-0.954866,0.295545,0.114331,-0.014108,0.003880,0.049868,-0.072612,-0.424457,
1629325872.000000,533605576.000000,0.102145,-0.612401,-0.015796,0.021162,0.020887,-0.955180,0.294528,0.114730,-0.014585,0.003052,0.033241,0.135129,-0.424470,
1629325872.000000,538608789.000000,0.101584,-0.612789,-0.015876,0.021658,0.021040,-0.955481,0.293505,0.128029,-0.005554,-0.003501,-0.002304,0.262754,-0.419197,
1629325872.000000,543611765.000000,0.100809,-0.613229,-0.015326,0.022381,0.021258,-0.955778,0.292464,0.147796,-0.005230,0.001176,-0.002194,0.171675,-0.414891,
1629325872.000000,548614740.000000,0.100176,-0.613630,-0.015374,0.022614,0.021337,-0.956081,0.291448,0.152655,-0.002418,-0.002796,0.023396,0.057541,-0.436130,
1629325872.000000,598646641.000000,0.093702,-0.618720,-0.015467,0.023456,0.021012,-0.959258,0.280771,0.124303,-0.019268,0.034382,0.097001,0.090004,-0.415869,
1629325872.000000,603649616.000000,0.093129,-0.618973,-0.015327,0.023622,0.020868,-0.959549,0.279773,0.119573,-0.020485,0.034607,0.074615,0.050994,-0.401226,
1629325872.000000,608653784.000000,0.092653,-0.620429,-0.015497,0.023892,0.020816,-0.959847,0.278730,0.109990,-0.017347,0.025515,0.013069,-0.122290,-0.399988,
1629325872.000000,613656759.000000,0.092138,-0.620720,-0.015482,0.023307,0.020693,-0.960140,0.277778,0.110374,-0.011719,0.016825,-0.005522,-0.299740,-0.397038,
1629325872.000000,618659735.000000,0.091633,-0.620972,-0.015437,0.022505,0.020459,-0.960438,0.276827,0.107528,-0.010735,0.013618,0.027826,-0.361482,-0.422295,
1629325872.000000,623662710.000000,0.091144,-0.621216,-0.015397,0.021717,0.020162,-0.960758,0.275799,0.104788,-0.009753,0.010698,0.045951,-0.247903,-0.431232,
1629325872.000000,628665686.000000,0.090547,-0.621536,-0.015339,0.021383,0.019983,-0.961060,0.274785,0.122682,-0.008639,0.014786,0.034284,-0.056244,-0.423471,
1629325872.000000,633668661.000000,0.089990,-0.621837,-0.015299,0.021387,0.019947,-0.961350,0.273770,0.127509,-0.007562,0.014847,0.020287,0.053789,-0.415105,
1629325872.000000,638672829.000000,0.090520,-0.623116,-0.014898,0.022036,0.020095,-0.961650,0.272655,0.133878,-0.002121,0.018968,0.024613,0.175269,-0.420361,
1629325872.000000,643675804.000000,0.089926,-0.623474,-0.014831,0.022515,0.020211,-0.961928,0.271622,0.138150,-0.001004,0.019037,0.003519,0.199177,-0.426828,
1629325872.000000,693707705.000000,0.083608,-0.627562,-0.016515,0.023174,0.020309,-0.964841,0.261021,0.122558,-0.005501,0.030325,0.120773,0.075975,-0.443939,
1629325872.000000,698710680.000000,0.083065,-0.627839,-0.016372,0.023509,0.020168,-0.965123,0.259956,0.117652,-0.009674,0.039628,0.088461,0.159662,-0.425799,
1629325872.000000,703713655.000000,0.082529,-0.628088,-0.016183,0.023850,0.020083,-0.965388,0.258947,0.112801,-0.013873,0.048836,0.071510,0.045931,-0.401262,
1629325872.000000,708716869.000000,0.081584,-0.628343,-0.016743,0.023814,0.019922,-0.965650,0.257983,0.109603,-0.006507,0.011374,0.040615,-0.139090,-0.394833,
1629325872.000000,713719606.000000,0.081102,-0.628587,-0.016725,0.023352,0.019763,-0.965920,0.257025,0.105326,-0.005244,0.005352,0.011788,-0.212552,-0.407619,
1629325872.000000,718723774.000000,0.080641,-0.628823,-0.016746,0.022764,0.019616,-0.966200,0.256037,0.101100,-0.003994,-0.001206,0.009613,-0.283851,-0.415171,
1629325872.000000,723726749.000000,0.080094,-0.629091,-0.016671,0.022047,0.019401,-0.966482,0.255049,0.112040,-0.006024,0.009844,0.036271,-0.265687,-0.414054,
1629325872.000000,728729725.000000,0.079589,-0.629343,-0.016646,0.021552,0.019174,-0.966763,0.254040,0.113826,-0.006069,0.010313,0.055554,-0.159084,-0.432082,
1629325872.000000,733732700.000000,0.079075,-0.629597,-0.016622,0.021419,0.019044,-0.967047,0.252980,0.115750,-0.006102,0.011102,0.031121,0.083808,-0.436537,
1629325872.000000,738735914.000000,0.078532,-0.629915,-0.016656,0.021827,0.019142,-0.967309,0.251933,0.124610,0.000305,0.003287,0.004277,0.191370,-0.422565,
1629325872.000000,778761864.000000,0.074166,-0.633202,-0.018239,0.023036,0.019925,-0.969502,0.243184,0.130778,0.011626,-0.022576,-0.018140,0.024690,-0.437459,
1629325872.000000,783764839.000000,0.073622,-0.633553,-0.018393,0.023096,0.019939,-0.969772,0.242100,0.129971,0.011446,-0.023573,0.049024,0.031456,-0.454601,
1629325872.000000,788767815.000000,0.073084,-0.633771,-0.018188,0.023227,0.019800,-0.970049,0.240985,0.120675,-0.001559,0.012464,0.099295,0.069332,-0.453606,
1629325872.000000,793771029.000000,0.072546,-0.634037,-0.018133,0.023470,0.019612,-0.970319,0.239887,0.117407,-0.005635,0.022687,0.116232,0.078238,-0.443930,
1629325872.000000,798774004.000000,0.072010,-0.634279,-0.018025,0.023757,0.019407,-0.970583,0.238806,0.114117,-0.009718,0.033093,0.119426,0.148510,-0.436497,
1629325872.000000,803777456.000000,0.071552,-0.634541,-0.018063,0.024189,0.019275,-0.970833,0.237753,0.105958,-0.002444,0.015754,0.079064,0.122136,-0.415238,
1629325872.000000,808780670.000000,0.071707,-0.635851,-0.018042,0.024450,0.019189,-0.971112,0.236591,0.099486,0.010807,0.007446,0.038350,-0.084866,-0.384420,
1629325872.000000,813783646.000000,0.071308,-0.636121,-0.018034,0.024007,0.019036,-0.971352,0.235662,0.094025,0.011192,0.006254,0.018222,-0.252870,-0.397041,
1629325872.000000,818786621.000000,0.070875,-0.636421,-0.018112,0.023297,0.018857,-0.971613,0.234669,0.096306,0.013000,-0.003356,0.014960,-0.310920,-0.426032,
