1624924367.000000,648976926.000000,-0.288601,-3.462180,0.000000,0.000000,0.000000,-0.032967,0.999456,0.000000,0.000000,0.000000,0.000000,0.000000,-0.000040,
1624924367.000000,681976926.000000,-0.288601,-3.462180,0.000000,0.000000,0.000000,-0.032969,0.999456,0.000000,0.000000,0.000000,0.000000,0.000000,-0.000101,
1624924367.000000,714976926.000000,-0.288601,-3.462180,0.000000,0.000000,0.000000,-0.032969,0.999456,0.000000,0.000000,0.000000,0.000000,0.000000,0.000018,
1624924367.000000,747976926.000000,-0.288601,-3.462180,0.000000,0.000000,0.000000,-0.032969,0.999456,0.000000,0.000000,0.000000,0.000000,0.000000,-0.000036,
1624924367.000000,780976926.000000,-0.288601,-3.462180,0.000000,0.000000,0.000000,-0.032973,0.999456,0.000000,0.000000,0.000000,0.000000,0.000000,-0.000213,
1624924367.000000,815976926.000000,-0.288601,-3.462180,0.000000,0.000000,0.000000,-0.032974,0.999456,0.000000,0.000000,0.000000,0.000000,0.000000,-0.000085,
1624924367.000000,848976926.000000,-0.288601,-3.462180,0.000000,0.000000,0.000000,-0.032973,0.999456,0.000000,0.000000,0.000000,0.000000,0.000000,0.000094,
1624924367.000000,881976926.000000,-0.288601,-3.462180,0.000000,0.000000,0.000000,-0.032976,0.999456,0.000000,0.000000,0.000000,0.000000,0.000000,-0.000170,
1624924367.000000,915976926.000000,-0.288601,-3.462180,0.000000,0.000000,0.000000,-0.032976,0.999456,0.000000,0.000000,0.000000,0.000000,0.000000,-0.000028,
1624924367.000000,948976926.000000,-0.288601,-3.462180,0.000000,0.000000,0.000000,-0.032976,0.999456,0.000000,0.000000,0.000000,0.000000,0.000000,-0.000007,
1624924367.000000,981976926.000000,-0.288601,-3.462180,0.000000,0.000000,0.000000,-0.032979,0.999456,0.000000,0.000000,0.000000,0.000000,0.000000,-0.000177,
1624924368.000000,14976926.000000,-0.288601,-3.462180,0.000000,0.000000,0.000000,-0.032978,0.999456,0.000000,0.000000,0.000000,0.000000,0.000000,0.000087,
1624924368.000000,48976926.000000,-0.287793,-3.462234,0.000000,0.000000,0.000000,-0.033795,0.999429,0.023822,0.000000,0.000000,0.000000,0.000000,-0.048080,
1624924368.000000,81976926.000000,-0.286000,-3.462365,0.000000,0.000000,0.000000,-0.038984,0.999240,0.054456,0.000000,0.000000,0.000000,0.000000,-0.314709,
1624924368.000000,114976926.000000,-0.283958,-3.462538,0.000000,0.000000,0.000000,-0.045685,0.998956,0.062126,0.000000,0.000000,0.000000,0.000000,-0.406471,
1624924368.000000,147976926.000000,-0.281817,-3.462750,0.000000,0.000000,0.000000,-0.052926,0.998598,0.065194,0.000000,0.000000,0.000000,0.000000,-0.439413,
1624924368.000000,180976926.000000,-0.279729,-3.462987,0.000000,0.000000,0.000000,-0.060044,0.998196,0.063660,0.000000,0.000000,0.000000,0.000000,-0.432054,
1624924368.000000,213976926.000000,-0.277696,-3.463248,0.000000,0.000000,0.000000,-0.067579,0.997714,0.062126,0.000000,0.000000,0.000000,0.000000,-0.457644,
1624924368.000000,247976926.000000,-0.275591,-3.463549,0.000000,0.000000,0.000000,-0.074351,0.997232,0.062532,0.000000,0.000000,0.000000,0.000000,-0.399341,
1624924368.000000,280976926.000000,-0.273491,-3.463880,0.000000,0.000000,0.000000,-0.081655,0.996661,0.064427,0.000000,0.000000,0.000000,0.000000,-0.444044,
1624924368.000000,313976926.000000,-0.271446,-3.464232,0.000000,0.000000,0.000000,-0.088623,0.996065,0.062893,0.000000,0.000000,0.000000,0.000000,-0.423822,
1624924368.000000,346976926.000000,-0.269356,-3.464622,0.000000,0.000000,0.000000,-0.095797,0.995401,0.064427,0.000000,0.000000,0.000000,0.000000,-0.436667,
1624924368.000000,379976926.000000,-0.267321,-3.465033,0.000000,0.000000,0.000000,-0.103087,0.994672,0.062893,0.000000,0.000000,0.000000,0.000000,-0.444000,
1624924368.000000,412976926.000000,-0.265318,-3.465468,0.000000,0.000000,0.000000,-0.110030,0.993928,0.062126,0.000000,0.000000,0.000000,0.000000,-0.423179,
1624924368.000000,444976926.000000,-0.263271,-3.465943,0.000000,0.000000,0.000000,-0.117659,0.993054,0.065650,0.000000,0.000000,0.000000,0.000000,-0.479925,
1624924368.000000,477976926.000000,-0.261183,-3.466460,0.000000,0.000000,0.000000,-0.124420,0.992230,0.065194,0.000000,0.000000,0.000000,0.000000,-0.412804,
1624924368.000000,510976926.000000,-0.259175,-3.466986,0.000000,0.000000,0.000000,-0.131475,0.991320,0.062893,0.000000,0.000000,0.000000,0.000000,-0.431108,
1624924368.000000,543976926.000000,-0.257127,-3.467556,0.000000,0.000000,0.000000,-0.138735,0.990330,0.064427,0.000000,0.000000,0.000000,0.000000,-0.444094,
1624924368.000000,576976926.000000,-0.255111,-3.468148,0.000000,0.000000,0.000000,-0.146005,0.989284,0.063660,0.000000,0.000000,0.000000,0.000000,-0.445131,
1624924368.000000,610976926.000000,-0.253080,-3.468776,0.000000,0.000000,0.000000,-0.153050,0.988218,0.062532,0.000000,0.000000,0.000000,0.000000,-0.419168,
1624924368.000000,643976926.000000,-0.250986,-3.469458,0.000000,0.000000,0.000000,-0.160360,0.987059,0.066728,0.000000,0.000000,0.000000,0.000000,-0.448556,
1624924368.000000,676976926.000000,-0.248951,-3.470156,0.000000,0.000000,0.000000,-0.168384,0.985721,0.065194,0.000000,0.000000,0.000000,0.000000,-0.492995,
1624924368.000000,709976926.000000,-0.246950,-3.470875,0.000000,0.000000,0.000000,-0.174934,0.984580,0.064427,0.000000,0.000000,0.000000,0.000000,-0.402967,
1624924368.000000,743976926.000000,-0.244912,-3.471640,0.000000,0.000000,0.000000,-0.182189,0.983263,0.064021,0.000000,0.000000,0.000000,0.000000,-0.433754,
1624924368.000000,776976926.000000,-0.242957,-3.472407,0.000000,0.000000,0.000000,-0.189457,0.981889,0.063660,0.000000,0.000000,0.000000,0.000000,-0.448285,
1624924368.000000,809976926.000000,-0.240966,-3.473222,0.000000,0.000000,0.000000,-0.196515,0.980501,0.065194,0.000000,0.000000,0.000000,0.000000,-0.435938,
1624924368.000000,843976926.000000,-0.238870,-3.474116,0.000000,0.000000,0.000000,-0.204098,0.978950,0.066999,0.000000,0.000000,0.000000,0.000000,-0.455288,
1624924368.000000,876976926.000000,-0.236928,-3.474980,0.000000,0.000000,0.000000,-0.211402,0.977399,0.064427,0.000000,0.000000,0.000000,0.000000,-0.452529,
1624924368.000000,909976926.000000,-0.234998,-3.475872,0.000000,0.000000,0.000000,-0.218486,0.975840,0.064427,0.000000,0.000000,0.000000,0.000000,-0.439593,
1624924368.000000,942976926.000000,-0.233036,-3.476815,0.000000,0.000000,0.000000,-0.225735,0.974189,0.065961,0.000000,0.000000,0.000000,0.000000,-0.450600,
1624924368.000000,975976926.000000,-0.231089,-3.477787,0.000000,0.000000,0.000000,-0.232916,0.972497,0.065961,0.000000,0.000000,0.000000,0.000000,-0.447161,
1624924369.000000,8976926.000000,-0.229267,-3.478728,0.000000,0.000000,0.000000,-0.239743,0.970836,0.062126,0.000000,0.000000,0.000000,0.000000,-0.425779,
1624924369.000000,28762981.000000,-0.227348,-3.479756,0.000000,0.000000,0.000000,-0.246926,0.969034,0.065961,0.000000,0.000000,0.000000,0.000000,-0.448827,
1624924369.000000,62762981.000000,-0.225489,-3.480787,0.000000,0.000000,0.000000,-0.253994,0.967206,0.062532,0.000000,0.000000,0.000000,0.000000,-0.429504,
1624924369.000000,95762981.000000,-0.223710,-3.481807,0.000000,0.000000,0.000000,-0.260711,0.965417,0.062126,0.000000,0.000000,0.000000,0.000000,-0.421235,
1624924369.000000,128762981.000000,-0.221881,-3.482890,0.000000,0.000000,0.000000,-0.267652,0.963516,0.064427,0.000000,0.000000,0.000000,0.000000,-0.436176,
1624924369.000000,161762981.000000,-0.220068,-3.484000,0.000000,0.000000,0.000000,-0.274702,0.961529,0.064427,0.000000,0.000000,0.000000,0.000000,-0.443906,
1624924369.000000,194762981.000000,-0.218313,-3.485108,0.000000,0.000000,0.000000,-0.281244,0.959636,0.062893,0.000000,0.000000,0.000000,0.000000,-0.412753,
1624924369.000000,227762981.000000,-0.216510,-3.486283,0.000000,0.000000,0.000000,-0.288145,0.957587,0.065194,0.000000,0.000000,0.000000,0.000000,-0.436292,
1624924369.000000,260762981.000000,-0.214767,-3.487455,0.000000,0.000000,0.000000,-0.295253,0.955419,0.063660,0.000000,0.000000,0.000000,0.000000,-0.450409,
1624924369.000000,293762981.000000,-0.213041,-3.488652,0.000000,0.000000,0.000000,-0.301797,0.953372,0.063660,0.000000,0.000000,0.000000,0.000000,-0.415513,
1624924369.000000,326762981.000000,-0.211290,-3.489903,0.000000,0.000000,0.000000,-0.308643,0.951178,0.065194,0.000000,0.000000,0.000000,0.000000,-0.435714,
1624924369.000000,359762981.000000,-0.209619,-3.491134,0.000000,0.000000,0.000000,-0.315638,0.948880,0.062893,0.000000,0.000000,0.000000,0.000000,-0.446218,
1624924369.000000,393762981.000000,-0.207966,-3.492388,0.000000,0.000000,0.000000,-0.322131,0.946695,0.061043,0.000000,0.000000,0.000000,0.000000,-0.402983,
1624924369.000000,426762981.000000,-0.206270,-3.493713,0.000000,0.000000,0.000000,-0.328929,0.944355,0.065194,0.000000,0.000000,0.000000,0.000000,-0.435742,
1624924369.000000,459762981.000000,-0.204614,-3.495046,0.000000,0.000000,0.000000,-0.335904,0.941896,0.064427,0.000000,0.000000,0.000000,0.000000,-0.448249,
1624924369.000000,492762981.000000,-0.203036,-3.496354,0.000000,0.000000,0.000000,-0.342389,0.939558,0.062126,0.000000,0.000000,0.000000,0.000000,-0.417796,
1624924369.000000,525762981.000000,-0.201418,-3.497734,0.000000,0.000000,0.000000,-0.349083,0.937092,0.064427,0.000000,0.000000,0.000000,0.000000,-0.432325,
1624924369.000000,558762981.000000,-0.199820,-3.499136,0.000000,0.000000,0.000000,-0.355990,0.934490,0.064427,0.000000,0.000000,0.000000,0.000000,-0.447331,
1624924369.000000,591762981.000000,-0.198262,-3.500545,0.000000,0.000000,0.000000,-0.362463,0.931998,0.063660,0.000000,0.000000,0.000000,0.000000,-0.420397,
1624924369.000000,624762981.000000,-0.196704,-3.501992,0.000000,0.000000,0.000000,-0.369067,0.929403,0.064427,0.000000,0.000000,0.000000,0.000000,-0.430035,
1624924369.000000,658762981.000000,-0.195187,-3.503445,0.000000,0.000000,0.000000,-0.375977,0.926629,0.061788,0.000000,0.000000,0.000000,0.000000,-0.437975,
1624924369.000000,691762981.000000,-0.193654,-3.504955,0.000000,0.000000,0.000000,-0.382489,0.923960,0.065194,0.000000,0.000000,0.000000,0.000000,-0.426516,
1624924369.000000,724762981.000000,-0.192196,-3.506432,0.000000,0.000000,0.000000,-0.389055,0.921214,0.062893,0.000000,0.000000,0.000000,0.000000,-0.431364,
1624924369.000000,757762981.000000,-0.190708,-3.507986,0.000000,0.000000,0.000000,-0.395891,0.918298,0.065194,0.000000,0.000000,0.000000,0.000000,-0.450430,
1624924369.000000,790762981.000000,-0.189242,-3.509560,0.000000,0.000000,0.000000,-0.402394,0.915467,0.065194,0.000000,0.000000,0.000000,0.000000,-0.429847,
1624924369.000000,823762981.000000,-0.187832,-3.511118,0.000000,0.000000,0.000000,-0.408924,0.912568,0.063660,0.000000,0.000000,0.000000,0.000000,-0.433012,
1624924369.000000,856762981.000000,-0.186447,-3.512697,0.000000,0.000000,0.000000,-0.416153,0.909294,0.063660,0.000000,0.000000,0.000000,0.000000,-0.480955,
1624924369.000000,889762981.000000,-0.185068,-3.514315,0.000000,0.000000,0.000000,-0.422101,0.906549,0.064427,0.000000,0.000000,0.000000,0.000000,-0.397054,
1624924369.000000,923762981.000000,-0.183743,-3.515913,0.000000,0.000000,0.000000,-0.428479,0.903552,0.061043,0.000000,0.000000,0.000000,0.000000,-0.414484,
1624924369.000000,956762981.000000,-0.182425,-3.517549,0.000000,0.000000,0.000000,-0.435085,0.900389,0.063660,0.000000,0.000000,0.000000,0.000000,-0.443906,
1624924369.000000,989762981.000000,-0.181147,-3.519185,0.000000,0.000000,0.000000,-0.441493,0.897265,0.062893,0.000000,0.000000,0.000000,0.000000,-0.432051,
1624924370.000000,22762981.000000,-0.179877,-3.520858,0.000000,0.000000,0.000000,-0.447846,0.894111,0.063660,0.000000,0.000000,0.000000,0.000000,-0.429905,
1624924370.000000,56762981.000000,-0.178573,-3.522632,0.000000,0.000000,0.000000,-0.455180,0.890399,0.064766,0.000000,0.000000,0.000000,0.000000,-0.483485,
1624924370.000000,89762981.000000,-0.177340,-3.524364,0.000000,0.000000,0.000000,-0.461120,0.887338,0.064427,0.000000,0.000000,0.000000,0.000000,-0.405037,
1624924370.000000,123762981.000000,-0.176130,-3.526113,0.000000,0.000000,0.000000,-0.467471,0.884008,0.062532,0.000000,0.000000,0.000000,0.000000,-0.421805,
1624924370.000000,156762981.000000,-0.174946,-3.527879,0.000000,0.000000,0.000000,-0.473980,0.880536,0.064427,0.000000,0.000000,0.000000,0.000000,-0.447071,
1624924370.000000,189762981.000000,-0.173802,-3.529640,0.000000,0.000000,0.000000,-0.480341,0.877082,0.063660,0.000000,0.000000,0.000000,0.000000,-0.438697,
1624924370.000000,222762981.000000,-0.172684,-3.531419,0.000000,0.000000,0.000000,-0.486603,0.873623,0.063660,0.000000,0.000000,0.000000,0.000000,-0.433589,
1624924370.000000,255762981.000000,-0.171538,-3.533299,0.000000,0.000000,0.000000,-0.493144,0.869948,0.066728,0.000000,0.000000,0.000000,0.000000,-0.454700,
1624924370.000000,288762981.000000,-0.170447,-3.535153,0.000000,0.000000,0.000000,-0.499521,0.866302,0.065194,0.000000,0.000000,0.000000,0.000000,-0.445207,
1624924370.000000,321762981.000000,-0.169395,-3.537001,0.000000,0.000000,0.000000,-0.505760,0.862674,0.064427,0.000000,0.000000,0.000000,0.000000,-0.437397,
1624924370.000000,354762981.000000,-0.168358,-3.538886,0.000000,0.000000,0.000000,-0.512168,0.858885,0.065194,0.000000,0.000000,0.000000,0.000000,-0.451153,
1624924370.000000,388762981.000000,-0.167327,-3.540832,0.000000,0.000000,0.000000,-0.519121,0.854701,0.064766,0.000000,0.000000,0.000000,0.000000,-0.477349,
1624924370.000000,421762981.000000,-0.166348,-3.542748,0.000000,0.000000,0.000000,-0.524843,0.851199,0.065194,0.000000,0.000000,0.000000,0.000000,-0.406598,
1624924370.000000,455762981.000000,-0.165386,-3.544700,0.000000,0.000000,0.000000,-0.531238,0.847223,0.064021,0.000000,0.000000,0.000000,0.000000,-0.442968,
1624924370.000000,488762981.000000,-0.164474,-3.546621,0.000000,0.000000,0.000000,-0.537473,0.843281,0.064427,0.000000,0.000000,0.000000,0.000000,-0.447078,
1624924370.000000,521762981.000000,-0.163579,-3.548577,0.000000,0.000000,0.000000,-0.543541,0.839383,0.065194,0.000000,0.000000,0.000000,0.000000,-0.437093,
1624924370.000000,554762981.000000,-0.162704,-3.550570,0.000000,0.000000,0.000000,-0.549783,0.835308,0.065961,0.000000,0.000000,0.000000,0.000000,-0.451738,
1624924370.000000,587762981.000000,-0.161877,-3.552529,0.000000,0.000000,0.000000,-0.555864,0.831273,0.064427,0.000000,0.000000,0.000000,0.000000,-0.442281,
1624924370.000000,620762981.000000,-0.161098,-3.554452,0.000000,0.000000,0.000000,-0.561757,0.827302,0.062893,0.000000,0.000000,0.000000,0.000000,-0.430700,
1624924370.000000,653762981.000000,-0.160310,-3.556482,0.000000,0.000000,0.000000,-0.567894,0.823102,0.065961,0.000000,0.000000,0.000000,0.000000,-0.450727,
1624924370.000000,686762981.000000,-0.159578,-3.558451,0.000000,0.000000,0.000000,-0.573853,0.818958,0.063660,0.000000,0.000000,0.000000,0.000000,-0.439861,
1624924370.000000,719762981.000000,-0.158867,-3.560454,0.000000,0.000000,0.000000,-0.579542,0.814942,0.064427,0.000000,0.000000,0.000000,0.000000,-0.422059,
1624924370.000000,752762981.000000,-0.158159,-3.562540,0.000000,0.000000,0.000000,-0.585648,0.810566,0.066728,0.000000,0.000000,0.000000,0.000000,-0.455286,
1624924370.000000,785762981.000000,-0.157507,-3.564563,0.000000,0.000000,0.000000,-0.591637,0.806205,0.064427,0.000000,0.000000,0.000000,0.000000,-0.449014,
1624924370.000000,820762981.000000,-0.156869,-3.566644,0.000000,0.000000,0.000000,-0.597435,0.801917,0.062192,0.000000,0.000000,0.000000,0.000000,-0.412076,
1624924370.000000,853762981.000000,-0.156268,-3.568710,0.000000,0.000000,0.000000,-0.603283,0.797527,0.065194,0.000000,0.000000,0.000000,0.000000,-0.443155,
1624924370.000000,886762981.000000,-0.155718,-3.570712,0.000000,0.000000,0.000000,-0.609035,0.793143,0.062893,0.000000,0.000000,0.000000,0.000000,-0.438343,
1624924370.000000,919762981.000000,-0.155190,-3.572745,0.000000,0.000000,0.000000,-0.614434,0.788968,0.063660,0.000000,0.000000,0.000000,0.000000,-0.413620,
1624924370.000000,952762981.000000,-0.154678,-3.574835,0.000000,0.000000,0.000000,-0.620184,0.784456,0.065194,0.000000,0.000000,0.000000,0.000000,-0.442953,
1624924370.000000,985762981.000000,-0.154214,-3.576858,0.000000,0.000000,0.000000,-0.625857,0.779938,0.062893,0.000000,0.000000,0.000000,0.000000,-0.439550,
1624924371.000000,18762981.000000,-0.153783,-3.578862,0.000000,0.000000,0.000000,-0.631212,0.775611,0.062126,0.000000,0.000000,0.000000,0.000000,-0.417254,
1624924371.000000,52762981.000000,-0.153347,-3.581046,0.000000,0.000000,0.000000,-0.636861,0.770979,0.065510,0.000000,0.000000,0.000000,0.000000,-0.429707,
1624924371.000000,85762981.000000,-0.152970,-3.583087,0.000000,0.000000,0.000000,-0.642482,0.766301,0.062893,0.000000,0.000000,0.000000,0.000000,-0.443198,
1624924371.000000,118762981.000000,-0.152626,-3.585108,0.000000,0.000000,0.000000,-0.647746,0.761856,0.062126,0.000000,0.000000,0.000000,0.000000,-0.417558,
1624924371.000000,151762981.000000,-0.152292,-3.587259,0.000000,0.000000,0.000000,-0.653242,0.757149,0.065961,0.000000,0.000000,0.000000,0.000000,-0.438603,
1624924371.000000,184762981.000000,-0.151999,-3.589339,0.000000,0.000000,0.000000,-0.658795,0.752322,0.063660,0.000000,0.000000,0.000000,0.000000,-0.445901,
1624924371.000000,217762981.000000,-0.151739,-3.591398,0.000000,0.000000,0.000000,-0.664024,0.747711,0.062893,0.000000,0.000000,0.000000,0.000000,-0.422521,
1624924371.000000,250762981.000000,-0.151498,-3.593561,0.000000,0.000000,0.000000,-0.669404,0.742899,0.065961,0.000000,0.000000,0.000000,0.000000,-0.437476,
1624924371.000000,283762981.000000,-0.151298,-3.595627,0.000000,0.000000,0.000000,-0.674883,0.737924,0.062893,0.000000,0.000000,0.000000,0.000000,-0.448516,
1624924371.000000,317762981.000000,-0.151119,-3.597797,0.000000,0.000000,0.000000,-0.680093,0.733126,0.064021,0.000000,0.000000,0.000000,0.000000,-0.416615,
1624924371.000000,350762981.000000,-0.150977,-3.599893,0.000000,0.000000,0.000000,-0.685347,0.728217,0.063660,0.000000,0.000000,0.000000,0.000000,-0.435807,
1624924371.000000,383762981.000000,-0.150864,-3.602016,0.000000,0.000000,0.000000,-0.690746,0.723098,0.064427,0.000000,0.000000,0.000000,0.000000,-0.450886,
1624924371.000000,416762981.000000,-0.150783,-3.604090,0.000000,0.000000,0.000000,-0.695791,0.718244,0.062893,0.000000,0.000000,0.000000,0.000000,-0.424334,
1624924371.000000,449762981.000000,-0.150731,-3.606215,0.000000,0.000000,0.000000,-0.700936,0.713224,0.064427,0.000000,0.000000,0.000000,0.000000,-0.435649,
1624924371.000000,482762981.000000,-0.150710,-3.608341,0.000000,0.000000,0.000000,-0.706230,0.707983,0.064427,0.000000,0.000000,0.000000,0.000000,-0.451456,
1624924371.000000,515762981.000000,-0.150719,-3.610417,0.000000,0.000000,0.000000,-0.711134,0.703056,0.062893,0.000000,0.000000,0.000000,0.000000,-0.421307,
1624924371.000000,559805027.000000,-0.150759,-3.612542,0.000000,0.000000,0.000000,-0.716147,0.697949,0.064427,0.000000,0.000000,0.000000,0.000000,-0.433720,
1624924371.000000,592805027.000000,-0.150690,-3.610468,0.000000,0.000000,0.000000,0.721229,-0.692697,0.062893,0.000000,0.000000,0.000000,0.000000,189.956619,
1624924371.000000,628805027.000000,-0.150797,-3.612693,0.000000,0.000000,0.000000,0.726466,-0.687203,0.061871,0.000000,0.000000,0.000000,0.000000,-0.421656,
1624924371.000000,661805027.000000,-0.150930,-3.614815,0.000000,0.000000,0.000000,0.731397,-0.681952,0.064427,0.000000,0.000000,0.000000,0.000000,-0.436559,
1624924371.000000,694805027.000000,-0.151095,-3.616935,0.000000,0.000000,0.000000,0.736446,-0.676496,0.064427,0.000000,0.000000,0.000000,0.000000,-0.450524,
1624924371.000000,727805027.000000,-0.151285,-3.619001,0.000000,0.000000,0.000000,0.741239,-0.671241,0.062893,0.000000,0.000000,0.000000,0.000000,-0.431111,
1624924371.000000,760805027.000000,-0.151513,-3.621140,0.000000,0.000000,0.000000,0.746085,-0.665851,0.065194,0.000000,0.000000,0.000000,0.000000,-0.439268,
1624924371.000000,793805027.000000,-0.151770,-3.623251,0.000000,0.000000,0.000000,0.750997,-0.660305,0.064427,0.000000,0.000000,0.000000,0.000000,-0.449000,
1624924371.000000,826805027.000000,-0.152054,-3.625333,0.000000,0.000000,0.000000,0.755705,-0.654912,0.063660,0.000000,0.000000,0.000000,0.000000,-0.433864,
1624924371.000000,859805027.000000,-0.152371,-3.627435,0.000000,0.000000,0.000000,0.760439,-0.649409,0.064427,0.000000,0.000000,0.000000,0.000000,-0.439940,
1624924371.000000,892805027.000000,-0.152728,-3.629582,0.000000,0.000000,0.000000,0.765279,-0.643699,0.065961,0.000000,0.000000,0.000000,0.000000,-0.453624,
1624924371.000000,926805027.000000,-0.153112,-3.631699,0.000000,0.000000,0.000000,0.769926,-0.638133,0.063277,0.000000,0.000000,0.000000,0.000000,-0.426587,
1624924371.000000,959805027.000000,-0.153526,-3.633810,0.000000,0.000000,0.000000,0.774536,-0.632529,0.065194,0.000000,0.000000,0.000000,0.000000,-0.439745,
1624924371.000000,992805027.000000,-0.153972,-3.635915,0.000000,0.000000,0.000000,0.779246,-0.626718,0.065194,0.000000,0.000000,0.000000,0.000000,-0.453349,
1624924372.000000,25805027.000000,-0.154443,-3.637988,0.000000,0.000000,0.000000,0.783747,-0.621081,0.064427,0.000000,0.000000,0.000000,0.000000,-0.437180,
1624924372.000000,58805027.000000,-0.154950,-3.640079,0.000000,0.000000,0.000000,0.788257,-0.615346,0.065194,0.000000,0.000000,0.000000,0.000000,-0.442223,
1624924372.000000,91805027.000000,-0.155501,-3.642211,0.000000,0.000000,0.000000,0.792893,-0.609360,0.066728,0.000000,0.000000,0.000000,0.000000,-0.458826,
1624924372.000000,124805027.000000,-0.156049,-3.644213,0.000000,0.000000,0.000000,0.797280,-0.603610,0.062893,0.000000,0.000000,0.000000,0.000000,-0.438358,
1624924372.000000,157805027.000000,-0.156648,-3.646279,0.000000,0.000000,0.000000,0.801605,-0.597854,0.065194,0.000000,0.000000,0.000000,0.000000,-0.436342,
1624924372.000000,190805027.000000,-0.157292,-3.648385,0.000000,0.000000,0.000000,0.806117,-0.591757,0.066728,0.000000,0.000000,0.000000,0.000000,-0.459693,
1624924372.000000,223805027.000000,-0.157928,-3.650361,0.000000,0.000000,0.000000,0.810374,-0.585913,0.062893,0.000000,0.000000,0.000000,0.000000,-0.438170,
1624924372.000000,257805027.000000,-0.158617,-3.652399,0.000000,0.000000,0.000000,0.814554,-0.580088,0.063277,0.000000,0.000000,0.000000,0.000000,-0.421720,
1624924372.000000,290805027.000000,-0.159345,-3.654450,0.000000,0.000000,0.000000,0.819244,-0.573445,0.065961,0.000000,0.000000,0.000000,0.000000,-0.492876,
1624924372.000000,323805027.000000,-0.160086,-3.656443,0.000000,0.000000,0.000000,0.823001,-0.568040,0.064427,0.000000,0.000000,0.000000,0.000000,-0.398954,
1624924372.000000,356805027.000000,-0.160845,-3.658401,0.000000,0.000000,0.000000,0.826966,-0.562252,0.063660,0.000000,0.000000,0.000000,0.000000,-0.425180,
1624924372.000000,389805027.000000,-0.161632,-3.660349,0.000000,0.000000,0.000000,0.831067,-0.556172,0.063660,0.000000,0.000000,0.000000,0.000000,-0.444499,
1624924372.000000,422805027.000000,-0.162447,-3.662286,0.000000,0.000000,0.000000,0.834994,-0.550260,0.063660,0.000000,0.000000,0.000000,0.000000,-0.430122,
1624924372.000000,456805027.000000,-0.163290,-3.664210,0.000000,0.000000,0.000000,0.839104,-0.543971,0.061788,0.000000,0.000000,0.000000,0.000000,-0.441902,
1624924372.000000,489805027.000000,-0.164192,-3.666191,0.000000,0.000000,0.000000,0.842806,-0.538217,0.065961,0.000000,0.000000,0.000000,0.000000,-0.414718,
1624924372.000000,522805027.000000,-0.165078,-3.668067,0.000000,0.000000,0.000000,0.846637,-0.532171,0.062893,0.000000,0.000000,0.000000,0.000000,-0.433777,
1624924372.000000,555805027.000000,-0.166002,-3.669954,0.000000,0.000000,0.000000,0.850269,-0.526349,0.063660,0.000000,0.000000,0.000000,0.000000,-0.415896,
1624924372.000000,589805027.000000,-0.166976,-3.671873,0.000000,0.000000,0.000000,0.854080,-0.520142,0.063277,0.000000,0.000000,0.000000,0.000000,-0.428417,
1624924372.000000,622805027.000000,-0.167941,-3.673710,0.000000,0.000000,0.000000,0.857822,-0.513947,0.062893,0.000000,0.000000,0.000000,0.000000,-0.438632,
1624924372.000000,655805027.000000,-0.168933,-3.675533,0.000000,0.000000,0.000000,0.861322,-0.508059,0.062893,0.000000,0.000000,0.000000,0.000000,-0.415145,
1624924372.000000,688805027.000000,-0.170000,-3.677430,0.000000,0.000000,0.000000,0.865009,-0.501757,0.065961,0.000000,0.000000,0.000000,0.000000,-0.442541,
1624924372.000000,721805027.000000,-0.171030,-3.679203,0.000000,0.000000,0.000000,0.868580,-0.495550,0.062126,0.000000,0.000000,0.000000,0.000000,-0.433972,
1624924372.000000,754805027.000000,-0.172086,-3.680961,0.000000,0.000000,0.000000,0.871928,-0.489633,0.062126,0.000000,0.000000,0.000000,0.000000,-0.412023,
1624924372.000000,787805027.000000,-0.173232,-3.682811,0.000000,0.000000,0.000000,0.875491,-0.483235,0.065961,0.000000,0.000000,0.000000,0.000000,-0.443870,
1624924372.000000,820805027.000000,-0.174379,-3.684601,0.000000,0.000000,0.000000,0.879012,-0.476800,0.064427,0.000000,0.000000,0.000000,0.000000,-0.444564,
1624924372.000000,853805027.000000,-0.175522,-3.686333,0.000000,0.000000,0.000000,0.882267,-0.470750,0.062893,0.000000,0.000000,0.000000,0.000000,-0.416387,
1624924372.000000,886805027.000000,-0.176747,-3.688133,0.000000,0.000000,0.000000,0.885669,-0.464316,0.065961,0.000000,0.000000,0.000000,0.000000,-0.441074,
1624924372.000000,919805027.000000,-0.177911,-3.689790,0.000000,0.000000,0.000000,0.889006,-0.457895,0.061359,0.000000,0.000000,0.000000,0.000000,-0.438589,
1624924372.000000,952805027.000000,-0.179143,-3.691491,0.000000,0.000000,0.000000,0.892153,-0.451734,0.063660,0.000000,0.000000,0.000000,0.000000,-0.419234,
1624924372.000000,985805027.000000,-0.180429,-3.693216,0.000000,0.000000,0.000000,0.895410,-0.445243,0.065194,0.000000,0.000000,0.000000,0.000000,-0.440164,
1624924373.000000,18805027.000000,-0.181724,-3.694902,0.000000,0.000000,0.000000,0.898677,-0.438610,0.064427,0.000000,0.000000,0.000000,0.000000,-0.448119,
1624924373.000000,51805027.000000,-0.183013,-3.696529,0.000000,0.000000,0.000000,0.901674,-0.432416,0.062893,0.000000,0.000000,0.000000,0.000000,-0.417009,
1624924373.000000,84805027.000000,-0.184372,-3.698197,0.000000,0.000000,0.000000,0.904793,-0.425852,0.065194,0.000000,0.000000,0.000000,0.000000,-0.440439,
1624924373.000000,117805027.000000,-0.185722,-3.699806,0.000000,0.000000,0.000000,0.907897,-0.419194,0.063660,0.000000,0.000000,0.000000,0.000000,-0.445250,
1624924373.000000,150805027.000000,-0.187096,-3.701396,0.000000,0.000000,0.000000,0.910814,-0.412816,0.063660,0.000000,0.000000,0.000000,0.000000,-0.425050,
1624924373.000000,184805027.000000,-0.188509,-3.702984,0.000000,0.000000,0.000000,0.913770,-0.406233,0.062532,0.000000,0.000000,0.000000,0.000000,-0.424469,
1624924373.000000,217805027.000000,-0.189911,-3.704515,0.000000,0.000000,0.000000,0.916727,-0.399515,0.062893,0.000000,0.000000,0.000000,0.000000,-0.444838,
1624924373.000000,250805027.000000,-0.191369,-3.706062,0.000000,0.000000,0.000000,0.919482,-0.393133,0.064427,0.000000,0.000000,0.000000,0.000000,-0.421307,
1624924373.000000,283805027.000000,-0.192813,-3.707552,0.000000,0.000000,0.000000,0.922302,-0.386470,0.062893,0.000000,0.000000,0.000000,0.000000,-0.438524,
1624924373.000000,316805027.000000,-0.194334,-3.709075,0.000000,0.000000,0.000000,0.925134,-0.379642,0.065194,0.000000,0.000000,0.000000,0.000000,-0.447996,
1624924373.000000,349805027.000000,-0.195821,-3.710522,0.000000,0.000000,0.000000,0.927794,-0.373093,0.062893,0.000000,0.000000,0.000000,0.000000,-0.428359,
1624924373.000000,382805027.000000,-0.197384,-3.712000,0.000000,0.000000,0.000000,0.930488,-0.366321,0.065194,0.000000,0.000000,0.000000,0.000000,-0.441717,
1624924373.000000,416805027.000000,-0.198951,-3.713438,0.000000,0.000000,0.000000,0.933190,-0.359384,0.062532,0.000000,0.000000,0.000000,0.000000,-0.437947,
1624924373.000000,450805027.000000,-0.200577,-3.714885,0.000000,0.000000,0.000000,0.936017,-0.351954,0.064021,0.000000,0.000000,0.000000,0.000000,-0.467602,
1624924373.000000,483805027.000000,-0.202243,-3.716325,0.000000,0.000000,0.000000,0.938388,-0.345585,0.066728,0.000000,0.000000,0.000000,0.000000,-0.411893,
1624924373.000000,516805027.000000,-0.203852,-3.717675,0.000000,0.000000,0.000000,0.940955,-0.338533,0.063660,0.000000,0.000000,0.000000,0.000000,-0.454852,
1624924373.000000,549805027.000000,-0.205520,-3.719034,0.000000,0.000000,0.000000,0.943345,-0.331813,0.065194,0.000000,0.000000,0.000000,0.000000,-0.432217,
1624924373.000000,582805027.000000,-0.207247,-3.720400,0.000000,0.000000,0.000000,0.945748,-0.324902,0.066728,0.000000,0.000000,0.000000,0.000000,-0.443480,
1624924373.000000,616805027.000000,-0.208934,-3.721694,0.000000,0.000000,0.000000,0.948180,-0.317735,0.062532,0.000000,0.000000,0.000000,0.000000,-0.445191,
1624924373.000000,649805027.000000,-0.210620,-3.722948,0.000000,0.000000,0.000000,0.950431,-0.310936,0.063660,0.000000,0.000000,0.000000,0.000000,-0.434059,
1624924373.000000,682805027.000000,-0.212426,-3.724251,0.000000,0.000000,0.000000,0.952690,-0.303945,0.067495,0.000000,0.000000,0.000000,0.000000,-0.445250,
1624924373.000000,716805027.000000,-0.214232,-3.725511,0.000000,0.000000,0.000000,0.955189,-0.295997,0.064766,0.000000,0.000000,0.000000,0.000000,-0.490083,
1624924373.000000,749805027.000000,-0.215972,-3.726687,0.000000,0.000000,0.000000,0.957121,-0.289690,0.063660,0.000000,0.000000,0.000000,0.000000,-0.399814,
1624924373.000000,782805027.000000,-0.217814,-3.727895,0.000000,0.000000,0.000000,0.959217,-0.282670,0.066728,0.000000,0.000000,0.000000,0.000000,-0.444037,
1624924373.000000,815805027.000000,-0.219630,-3.729048,0.000000,0.000000,0.000000,0.961316,-0.275447,0.065194,0.000000,0.000000,0.000000,0.000000,-0.455813,
1624924373.000000,848805027.000000,-0.221420,-3.730148,0.000000,0.000000,0.000000,0.963239,-0.268645,0.063660,0.000000,0.000000,0.000000,0.000000,-0.428402,
1624924373.000000,882805027.000000,-0.223269,-3.731248,0.000000,0.000000,0.000000,0.965166,-0.261638,0.063277,0.000000,0.000000,0.000000,0.000000,-0.427520,
1624924373.000000,915805027.000000,-0.225112,-3.732308,0.000000,0.000000,0.000000,0.967098,-0.254404,0.064427,0.000000,0.000000,0.000000,0.000000,-0.453804,
1624924373.000000,948805027.000000,-0.226926,-3.733317,0.000000,0.000000,0.000000,0.968845,-0.247668,0.062893,0.000000,0.000000,0.000000,0.000000,-0.421734,
1624924373.000000,981805027.000000,-0.228820,-3.734336,0.000000,0.000000,0.000000,0.970588,-0.240747,0.065194,0.000000,0.000000,0.000000,0.000000,-0.432556,
1624924374.000000,14805027.000000,-0.230707,-3.735315,0.000000,0.000000,0.000000,0.972335,-0.233592,0.064427,0.000000,0.000000,0.000000,0.000000,-0.446334,
1624924374.000000,41875961.000000,-0.232563,-3.736245,0.000000,0.000000,0.000000,0.973936,-0.226823,0.062893,0.000000,0.000000,0.000000,0.000000,-0.421589,
1624924374.000000,74875961.000000,-0.234477,-3.737171,0.000000,0.000000,0.000000,0.975516,-0.219928,0.064427,0.000000,0.000000,0.000000,0.000000,-0.428706,
1624924374.000000,107875961.000000,-0.236381,-3.738058,0.000000,0.000000,0.000000,0.977111,-0.212730,0.063660,0.000000,0.000000,0.000000,0.000000,-0.446833,
1624924374.000000,140875961.000000,-0.238251,-3.738898,0.000000,0.000000,0.000000,0.978570,-0.205916,0.062126,0.000000,0.000000,0.000000,0.000000,-0.422326,
1624924374.000000,173875961.000000,-0.240227,-3.739751,0.000000,0.000000,0.000000,0.980000,-0.198997,0.065194,0.000000,0.000000,0.000000,0.000000,-0.428178,
1624924374.000000,207875961.000000,-0.242190,-3.740566,0.000000,0.000000,0.000000,0.981428,-0.191831,0.062532,0.000000,0.000000,0.000000,0.000000,-0.429820,
1624924374.000000,240875961.000000,-0.244095,-3.741324,0.000000,0.000000,0.000000,0.982754,-0.184916,0.062126,0.000000,0.000000,0.000000,0.000000,-0.426751,
1624924374.000000,273875961.000000,-0.246105,-3.742092,0.000000,0.000000,0.000000,0.984024,-0.178038,0.065194,0.000000,0.000000,0.000000,0.000000,-0.423890,
1624924374.000000,306875961.000000,-0.248149,-3.742840,0.000000,0.000000,0.000000,0.985328,-0.170674,0.065961,0.000000,0.000000,0.000000,0.000000,-0.453252,
1624924374.000000,340875961.000000,-0.250085,-3.743515,0.000000,0.000000,0.000000,0.986512,-0.163690,0.060299,0.000000,0.000000,0.000000,0.000000,-0.416682,
1624924374.000000,373875961.000000,-0.252077,-3.744180,0.000000,0.000000,0.000000,0.987635,-0.156769,0.063660,0.000000,0.000000,0.000000,0.000000,-0.424916,
1624924374.000000,406875961.000000,-0.254104,-3.744823,0.000000,0.000000,0.000000,0.988759,-0.149520,0.064427,0.000000,0.000000,0.000000,0.000000,-0.444582,
1624924374.000000,439875961.000000,-0.256139,-3.745438,0.000000,0.000000,0.000000,0.989804,-0.142436,0.064427,0.000000,0.000000,0.000000,0.000000,-0.433990,
1624924374.000000,472875961.000000,-0.258183,-3.746023,0.000000,0.000000,0.000000,0.990780,-0.135481,0.064427,0.000000,0.000000,0.000000,0.000000,-0.425671,
1624924374.000000,505875961.000000,-0.260236,-3.746578,0.000000,0.000000,0.000000,0.991746,-0.128220,0.064427,0.000000,0.000000,0.000000,0.000000,-0.443914,
1624924374.000000,538875961.000000,-0.262320,-3.747111,0.000000,0.000000,0.000000,0.992649,-0.121027,0.065194,0.000000,0.000000,0.000000,0.000000,-0.439384,
1624924374.000000,571875961.000000,-0.264314,-3.747589,0.000000,0.000000,0.000000,0.993472,-0.114079,0.062126,0.000000,0.000000,0.000000,0.000000,-0.423991,
1624924374.000000,604875961.000000,-0.266413,-3.748062,0.000000,0.000000,0.000000,0.994284,-0.106769,0.065194,0.000000,0.000000,0.000000,0.000000,-0.445803,
1624924374.000000,638875961.000000,-0.268493,-3.748498,0.000000,0.000000,0.000000,0.995031,-0.099561,0.062532,0.000000,0.000000,0.000000,0.000000,-0.426247,
1624924374.000000,671875961.000000,-0.270531,-3.748894,0.000000,0.000000,0.000000,0.995753,-0.092063,0.062893,0.000000,0.000000,0.000000,0.000000,-0.456546,
1624924374.000000,704875961.000000,-0.272673,-3.749278,0.000000,0.000000,0.000000,0.996356,-0.085294,0.065961,0.000000,0.000000,0.000000,0.000000,-0.411868,
1624924374.000000,737875961.000000,-0.274721,-3.749616,0.000000,0.000000,0.000000,0.996950,-0.078047,0.062893,0.000000,0.000000,0.000000,0.000000,-0.440688,
1624924374.000000,770875961.000000,-0.276773,-3.749925,0.000000,0.000000,0.000000,0.997465,-0.071155,0.062893,0.000000,0.000000,0.000000,0.000000,-0.418826,
1624924374.000000,803875961.000000,-0.278905,-3.750215,0.000000,0.000000,0.000000,0.997958,-0.063871,0.065194,0.000000,0.000000,0.000000,0.000000,-0.442498,
1624924374.000000,837875961.000000,-0.281016,-3.750470,0.000000,0.000000,0.000000,0.998405,-0.056459,0.062532,0.000000,0.000000,0.000000,0.000000,-0.436758,
1624924374.000000,870875961.000000,-0.283080,-3.750690,0.000000,0.000000,0.000000,0.998775,-0.049475,0.062893,0.000000,0.000000,0.000000,0.000000,-0.423890,
1624924374.000000,904875961.000000,-0.285222,-3.750886,0.000000,0.000000,0.000000,0.999114,-0.042086,0.063277,0.000000,0.000000,0.000000,0.000000,-0.435068,
1624924374.000000,937875961.000000,-0.287342,-3.751050,0.000000,0.000000,0.000000,0.999398,-0.034708,0.064427,0.000000,0.000000,0.000000,0.000000,-0.447501,
1624924374.000000,970875961.000000,-0.289439,-3.751181,0.000000,0.000000,0.000000,0.999616,-0.027719,0.063660,0.000000,0.000000,0.000000,0.000000,-0.423767,
1624924375.000000,3875961.000000,-0.291613,-3.751285,0.000000,0.000000,0.000000,0.999794,-0.020315,0.065961,0.000000,0.000000,0.000000,0.000000,-0.448906,
1624924375.000000,36875961.000000,-0.293712,-3.751355,0.000000,0.000000,0.000000,0.999917,-0.012909,0.063660,0.000000,0.000000,0.000000,0.000000,-0.448888,
1624924375.000000,69875961.000000,-0.295788,-3.751394,0.000000,0.000000,0.000000,0.999983,-0.005908,0.062893,0.000000,0.000000,0.000000,0.000000,-0.424334,
1624924375.000000,102875961.000000,-0.297964,-3.751404,0.000000,0.000000,0.000000,0.999999,0.001490,0.065961,0.000000,0.000000,0.000000,0.000000,-0.448335,
1624924375.000000,135875961.000000,-0.300065,-3.751382,0.000000,0.000000,0.000000,0.999960,0.008935,0.063660,0.000000,0.000000,0.000000,0.000000,-0.451236,
1624924375.000000,168875961.000000,-0.302190,-3.751329,0.000000,0.000000,0.000000,0.999872,0.016010,0.064427,0.000000,0.000000,0.000000,0.000000,-0.428843,
1624924375.000000,202875961.000000,-0.304416,-3.751241,0.000000,0.000000,0.000000,0.999726,0.023413,0.065510,0.000000,0.000000,0.000000,0.000000,-0.435559,
1624924375.000000,236875961.000000,-0.306640,-3.751119,0.000000,0.000000,0.000000,0.999510,0.031292,0.065510,0.000000,0.000000,0.000000,0.000000,-0.463643,
1624924375.000000,269875961.000000,-0.308786,-3.750969,0.000000,0.000000,0.000000,0.999263,0.038387,0.065194,0.000000,0.000000,0.000000,0.000000,-0.430281,
1624924375.000000,302875961.000000,-0.310930,-3.750788,0.000000,0.000000,0.000000,0.998949,0.045835,0.065194,0.000000,0.000000,0.000000,0.000000,-0.451760,
1624924375.000000,336875961.000000,-0.313096,-3.750573,0.000000,0.000000,0.000000,0.998572,0.053415,0.064021,0.000000,0.000000,0.000000,0.000000,-0.446467,
1624924375.000000,369875961.000000,-0.315208,-3.750331,0.000000,0.000000,0.000000,0.998169,0.060486,0.064427,0.000000,0.000000,0.000000,0.000000,-0.429208,
1624924375.000000,402875961.000000,-0.317367,-3.750052,0.000000,0.000000,0.000000,0.997692,0.067903,0.065961,0.000000,0.000000,0.000000,0.000000,-0.450438,
1624924375.000000,436875961.000000,-0.319571,-3.749733,0.000000,0.000000,0.000000,0.997139,0.075595,0.065510,0.000000,0.000000,0.000000,0.000000,-0.453633,
