1624924241.466429,0.000000,0.574034,-0.497325,0.196367,
1624924241.470599,0.000000,0.574031,-0.497325,0.196384,
1624924241.474758,0.000000,0.574032,-0.497315,0.196383,
1624924241.478931,0.000000,0.574038,-0.497320,0.196384,
1624924241.483097,0.000000,0.574040,-0.497319,0.196383,
1624924241.487264,0.000000,0.574025,-0.497318,0.196368,
1624924241.491440,0.000000,0.574030,-0.497325,0.196374,
1624924241.495601,0.000000,0.574022,-0.497314,0.196350,
1624924241.499762,0.000000,0.574028,-0.497328,0.196360,
1624924241.503929,0.000000,0.574029,-0.497318,0.196365,
1624924241.508100,0.000000,0.574031,-0.497316,0.196372,
1624924241.512258,0.000000,0.574034,-0.497317,0.196378,
1624924241.516428,0.000000,0.574037,-0.497322,0.196387,
1624924241.520598,0.000000,0.574037,-0.497320,0.196388,
1624924241.524787,0.000000,0.574031,-0.497322,0.196376,
1624924241.528929,0.000000,0.574027,-0.497324,0.196367,
1624924241.533095,0.000000,0.574021,-0.497315,0.196359,
1624924241.537261,0.000000,0.574031,-0.497324,0.196369,
1624924241.541429,0.000000,0.574026,-0.497314,0.196363,
1624924241.545596,0.000000,0.574023,-0.497311,0.196366,
1624924241.549752,0.000000,0.574023,-0.497308,0.196368,
1624924241.553933,0.000000,0.574031,-0.497315,0.196366,
1624924241.558103,0.000000,0.574023,-0.497310,0.196369,
1624924241.562260,0.000000,0.574031,-0.497319,0.196376,
1624924241.566423,0.000000,0.574036,-0.497323,0.196376,
1624924241.570596,0.000000,0.574031,-0.497326,0.196373,
1624924241.574929,0.000000,0.574028,-0.497314,0.196352,
1624924241.578932,0.000000,0.574035,-0.497323,0.196362,
1624924252.216462,0.000000,0.574032,-0.497331,0.196377,
1624924252.220625,0.000000,0.574022,-0.497320,0.196369,
1624924252.224777,0.000000,0.574030,-0.497319,0.196361,
1624924252.229043,0.000000,0.574020,-0.497324,0.196385,
1624924252.233111,0.000000,0.574031,-0.497327,0.196377,
1624924252.237290,0.000000,0.574046,-0.497335,0.196379,
1624924252.241450,0.000000,0.574031,-0.497328,0.196378,
1624924252.245622,0.000000,0.574037,-0.497329,0.196382,
1624924252.249787,0.000000,0.574025,-0.497317,0.196373,
1624924252.253974,0.000000,0.574027,-0.497331,0.196381,
1624924252.316448,0.000000,0.574743,-0.497583,0.196587,
1624924252.320609,0.000000,0.575082,-0.497715,0.196648,
1624924252.324774,0.000000,0.575425,-0.497818,0.196682,
1624924252.328940,0.000000,0.575867,-0.497915,0.196666,
1624924252.333113,0.000000,0.576322,-0.498041,0.196694,
1624924252.337285,0.000000,0.576782,-0.498142,0.196720,
1624924252.341453,0.000000,0.577261,-0.498248,0.196753,
1624924252.345611,0.000000,0.577772,-0.498331,0.196758,
1624924252.349768,0.000000,0.578319,-0.498413,0.196782,
1624924252.354023,0.000000,0.578857,-0.498481,0.196786,
1624924252.416448,0.000000,0.587707,-0.499759,0.196277,
1624924252.420600,0.000000,0.588261,-0.499874,0.196312,
1624924252.424783,0.000000,0.588825,-0.499981,0.196343,
1624924252.428948,0.000000,0.589359,-0.500098,0.196390,
1624924252.433095,0.000000,0.589890,-0.500173,0.196466,
1624924252.437274,0.000000,0.590411,-0.500308,0.196533,
1624924252.441441,0.000000,0.590901,-0.500445,0.196581,
1624924252.445576,0.000000,0.591390,-0.500576,0.196612,
1624924252.449739,0.000000,0.591896,-0.500706,0.196576,
1624924252.453906,0.000000,0.592429,-0.500840,0.196588,
1624924252.516423,0.000000,0.601361,-0.502591,0.196137,
1624924252.520594,0.000000,0.601931,-0.502752,0.196181,
1624924252.524743,0.000000,0.602480,-0.502881,0.196233,
1624924252.528923,0.000000,0.602998,-0.503008,0.196284,
1624924252.533075,0.000000,0.603519,-0.503166,0.196337,
1624924252.537252,0.000000,0.603971,-0.503269,0.196390,
1624924252.541402,0.000000,0.604452,-0.503398,0.196480,
1624924252.545588,0.000000,0.604968,-0.503613,0.196528,
1624924252.549773,0.000000,0.605518,-0.503761,0.196506,
1624924252.553947,0.000000,0.606057,-0.503958,0.196422,
1624924252.616465,0.000000,0.614894,-0.505978,0.195928,
1624924252.620642,0.000000,0.615458,-0.506156,0.195964,
1624924252.624773,0.000000,0.615945,-0.506345,0.196032,
1624924252.628942,0.000000,0.616428,-0.506520,0.196103,
1624924252.633111,0.000000,0.616907,-0.506669,0.196127,
1624924252.637315,0.000000,0.617379,-0.506824,0.196145,
1624924252.641459,0.000000,0.617900,-0.507029,0.196153,
1624924252.645621,0.000000,0.618380,-0.507200,0.196191,
1624924252.649789,0.000000,0.618901,-0.507437,0.196224,
1624924252.653934,0.000000,0.619358,-0.507606,0.196253,
1624924252.716464,0.000000,0.628136,-0.510189,0.195817,
1624924252.720618,0.000000,0.628628,-0.510382,0.195876,
1624924252.724777,0.000000,0.629126,-0.510502,0.195915,
1624924252.728934,0.000000,0.629591,-0.510684,0.195965,
1624924252.733104,0.000000,0.630062,-0.510869,0.196013,
1624924252.737293,0.000000,0.630527,-0.511044,0.196049,
1624924252.741539,0.000000,0.630998,-0.511238,0.196076,
1624924252.745616,0.000000,0.631448,-0.511433,0.196099,
1624924252.749794,0.000000,0.631928,-0.511612,0.196093,
1624924252.753956,0.000000,0.632409,-0.511804,0.196104,
1624924252.816459,0.000000,0.640840,-0.514552,0.195680,
1624924252.820606,0.000000,0.641359,-0.514774,0.195729,
1624924252.824776,0.000000,0.641822,-0.515021,0.195783,
1624924252.828961,0.000000,0.642271,-0.515261,0.195862,
1624924252.833098,0.000000,0.642769,-0.515481,0.195930,
1624924252.837320,0.000000,0.643210,-0.515671,0.195962,
1624924252.841447,0.000000,0.643664,-0.515876,0.195991,
1624924252.845619,0.000000,0.644120,-0.516045,0.195990,
1624924252.849805,0.000000,0.644580,-0.516237,0.195998,
1624924252.853942,0.000000,0.645046,-0.516440,0.196013,
1624924252.916481,0.000000,0.653356,-0.519774,0.195632,
1624924252.920617,0.000000,0.653880,-0.520014,0.195685,
1624924252.924778,0.000000,0.654365,-0.520233,0.195714,
1624924252.928938,0.000000,0.654833,-0.520455,0.195773,
1624924252.933086,0.000000,0.655290,-0.520664,0.195826,
1624924252.937275,0.000000,0.655728,-0.520886,0.195848,
1624924252.941438,0.000000,0.656174,-0.521116,0.195883,
1624924252.945598,0.000000,0.656607,-0.521359,0.195942,
1624924252.949761,0.000000,0.657043,-0.521600,0.195958,
1624924252.953943,0.000000,0.657523,-0.521863,0.195989,
1624924253.016446,0.000000,0.665561,-0.525407,0.195574,
1624924253.020605,0.000000,0.666091,-0.525680,0.195564,
1624924253.024774,0.000000,0.666637,-0.525944,0.195598,
1624924253.028949,0.000000,0.667149,-0.526249,0.195699,
1624924253.033111,0.000000,0.667582,-0.526522,0.195788,
1624924253.037272,0.000000,0.668015,-0.526781,0.195847,
1624924253.041436,0.000000,0.668405,-0.527030,0.195881,
1624924253.045612,0.000000,0.668820,-0.527284,0.195908,
1624924253.049783,0.000000,0.669289,-0.527557,0.195941,
1624924253.053935,0.000000,0.669764,-0.527813,0.195947,
1624924253.116433,0.000000,0.677621,-0.531646,0.195463,
1624924253.120595,0.000000,0.678133,-0.531947,0.195594,
1624924253.124845,0.000000,0.678584,-0.532213,0.195534,
1624924253.128936,0.000000,0.679042,-0.532513,0.195606,
1624924253.133101,0.000000,0.679505,-0.532741,0.195600,
1624924253.137303,0.000000,0.679939,-0.533034,0.195656,
1624924253.141440,0.000000,0.680350,-0.533380,0.195749,
1624924253.145607,0.000000,0.680725,-0.533582,0.195778,
1624924253.149777,0.000000,0.681142,-0.533840,0.195787,
1624924253.153935,0.000000,0.681609,-0.534102,0.195764,
1624924253.216383,0.000000,0.689332,-0.538362,0.195389,
1624924253.220566,0.000000,0.689863,-0.538672,0.195387,
1624924253.224726,0.000000,0.690336,-0.538967,0.195424,
1624924253.228888,0.000000,0.690796,-0.539276,0.195482,
1624924253.233062,0.000000,0.691223,-0.539562,0.195611,
1624924253.237267,0.000000,0.691643,-0.539860,0.195676,
1624924253.241403,0.000000,0.692077,-0.540159,0.195703,
1624924253.245565,0.000000,0.692455,-0.540469,0.195744,
1624924253.249722,0.000000,0.692881,-0.540751,0.195762,
1624924253.253975,0.000000,0.693279,-0.541053,0.195803,
1624924253.316443,0.000000,0.700783,-0.545535,0.195318,
1624924253.320617,0.000000,0.701298,-0.545861,0.195301,
1624924253.324773,0.000000,0.701790,-0.546207,0.195323,
1624924253.328935,0.000000,0.702291,-0.546553,0.195373,
1624924253.333101,0.000000,0.702735,-0.546888,0.195429,
1624924253.337262,0.000000,0.703162,-0.547197,0.195459,
1624924253.341433,0.000000,0.703565,-0.547519,0.195521,
1624924253.345604,0.000000,0.703960,-0.547824,0.195559,
1624924253.349761,0.000000,0.704356,-0.548148,0.195621,
1624924253.353936,0.000000,0.704749,-0.548487,0.195675,
1624924253.416399,0.000000,0.712049,-0.553329,0.195270,
1624924253.420573,0.000000,0.712510,-0.553665,0.195285,
1624924253.424752,0.000000,0.712945,-0.554025,0.195345,
1624924253.428899,0.000000,0.713390,-0.554382,0.195383,
1624924253.433084,0.000000,0.713823,-0.554774,0.195499,
1624924253.437227,0.000000,0.714250,-0.555092,0.195503,
1624924253.441401,0.000000,0.714666,-0.555422,0.195525,
1624924253.445572,0.000000,0.715024,-0.555776,0.195596,
1624924253.449733,0.000000,0.715413,-0.556100,0.195651,
1624924253.453903,0.000000,0.715802,-0.556432,0.195678,
1624924253.516427,0.000000,0.722798,-0.561525,0.195202,
1624924253.520591,0.000000,0.723274,-0.561908,0.195167,
1624924253.524756,0.000000,0.723760,-0.562275,0.195168,
1624924253.528922,0.000000,0.724200,-0.562633,0.195200,
1624924253.533078,0.000000,0.724590,-0.563012,0.195258,
1624924253.537252,0.000000,0.724995,-0.563362,0.195319,
1624924253.541420,0.000000,0.725386,-0.563727,0.195402,
1624924253.545579,0.000000,0.725756,-0.564095,0.195470,
1624924253.549753,0.000000,0.726128,-0.564486,0.195554,
1624924253.553918,0.000000,0.726493,-0.564883,0.195585,
1624924253.616429,0.000000,0.733146,-0.570203,0.195242,
1624924253.620604,0.000000,0.733606,-0.570581,0.195196,
1624924253.624762,0.000000,0.734053,-0.571001,0.195215,
1624924253.628921,0.000000,0.734462,-0.571365,0.195227,
1624924253.633103,0.000000,0.734866,-0.571817,0.195209,
1624924253.637347,0.000000,0.735259,-0.572215,0.195303,
1624924253.641424,0.000000,0.735636,-0.572564,0.195332,
1624924253.645594,0.000000,0.736024,-0.572904,0.195392,
1624924253.649760,0.000000,0.736400,-0.573273,0.195440,
1624924253.653923,0.000000,0.736753,-0.573641,0.195466,
1624924253.716438,0.000000,0.743103,-0.579382,0.195215,
1624924253.720595,0.000000,0.743593,-0.579805,0.195158,
1624924253.724765,0.000000,0.744062,-0.580202,0.195091,
1624924253.728966,0.000000,0.744474,-0.580507,0.195040,
1624924253.733107,0.000000,0.744876,-0.580923,0.195135,
1624924253.737263,0.000000,0.745256,-0.581365,0.195226,
1624924253.741431,0.000000,0.745651,-0.581761,0.195307,
1624924253.745598,0.000000,0.746003,-0.582153,0.195377,
1624924253.749762,0.000000,0.746317,-0.582530,0.195430,
1624924253.753921,0.000000,0.746659,-0.582937,0.195468,
1624924253.816422,0.000000,0.752889,-0.588943,0.194997,
1624924253.820601,0.000000,0.753340,-0.589357,0.194943,
1624924253.824774,0.000000,0.753760,-0.589770,0.194908,
1624924253.828951,0.000000,0.754142,-0.590180,0.194923,
1624924253.833099,0.000000,0.754537,-0.590622,0.194939,
1624924253.837273,0.000000,0.754924,-0.591055,0.194975,
1624924253.841429,0.000000,0.755273,-0.591539,0.195075,
1624924253.845596,0.000000,0.755637,-0.591979,0.195125,
1624924253.849764,0.000000,0.755973,-0.592396,0.195172,
1624924253.853941,0.000000,0.756328,-0.592852,0.195209,
1624924253.916405,0.000000,0.762202,-0.599147,0.194934,
1624924253.920568,0.000000,0.762652,-0.599575,0.194857,
1624924253.924734,0.000000,0.763089,-0.600047,0.194804,
1624924253.928890,0.000000,0.763517,-0.600527,0.194786,
1624924253.933050,0.000000,0.763923,-0.600984,0.194811,
1624924253.937238,0.000000,0.764278,-0.601452,0.194879,
1624924253.941408,0.000000,0.764625,-0.601881,0.194899,
1624924253.945573,0.000000,0.764933,-0.602281,0.194971,
1624924253.949732,0.000000,0.765245,-0.602723,0.195045,
1624924253.953897,0.000000,0.765557,-0.603154,0.195077,
1624924254.016425,0.000000,0.771193,-0.609758,0.194781,
1624924254.020609,0.000000,0.771682,-0.610255,0.194687,
1624924254.024835,0.000000,0.772034,-0.610692,0.194669,
1624924254.028925,0.000000,0.772410,-0.611183,0.194719,
1624924254.033097,0.000000,0.772775,-0.611668,0.194727,
1624924254.037264,0.000000,0.773095,-0.612136,0.194804,
1624924254.041429,0.000000,0.773407,-0.612612,0.194933,
1624924254.045598,0.000000,0.773747,-0.613072,0.194976,
1624924254.049769,0.000000,0.774109,-0.613519,0.194996,
1624924254.053927,0.000000,0.774415,-0.613963,0.194994,
1624924254.116430,0.000000,0.779802,-0.620722,0.194651,
1624924254.120588,0.000000,0.780212,-0.621242,0.194587,
1624924254.124764,0.000000,0.780566,-0.621675,0.194475,
1624924254.128916,0.000000,0.780906,-0.622110,0.194444,
1624924254.133099,0.000000,0.781254,-0.622587,0.194455,
1624924254.137257,0.000000,0.781653,-0.623107,0.194513,
1624924254.141424,0.000000,0.781939,-0.623617,0.194671,
1624924254.145585,0.000000,0.782249,-0.624108,0.194675,
1624924254.149750,0.000000,0.782504,-0.624551,0.194726,
1624924254.154012,0.000000,0.782775,-0.624994,0.194787,
1624924254.216386,0.000000,0.787879,-0.632144,0.194543,
1624924254.220540,0.000000,0.788213,-0.632616,0.194523,
1624924254.224710,0.000000,0.788564,-0.633141,0.194495,
1624924254.228883,0.000000,0.788893,-0.633647,0.194600,
1624924254.233059,0.000000,0.789284,-0.634160,0.194497,
1624924254.237228,0.000000,0.789596,-0.634608,0.194495,
1624924254.241391,0.000000,0.789877,-0.635059,0.194531,
1624924254.245547,0.000000,0.790114,-0.635467,0.194593,
1624924254.249717,0.000000,0.790315,-0.635888,0.194699,
1624924254.253890,0.000000,0.790578,-0.636382,0.194720,
1624924254.316397,0.000000,0.795367,-0.644065,0.194832,
1624924254.320553,0.000000,0.795716,-0.644521,0.194768,
1624924254.324730,0.000000,0.796060,-0.645014,0.194716,
1624924254.328909,0.000000,0.796374,-0.645476,0.194624,
1624924254.333062,0.000000,0.796705,-0.645990,0.194609,
1624924254.337239,0.000000,0.796998,-0.646516,0.194690,
1624924254.341395,0.000000,0.797289,-0.647023,0.194738,
1624924254.345562,0.000000,0.797536,-0.647491,0.194816,
1624924254.349719,0.000000,0.797700,-0.647785,0.194318,
1624924254.353883,0.000000,0.797913,-0.648221,0.194371,
1624924254.416428,0.000000,0.802225,-0.655650,0.194018,
1624924254.420598,0.000000,0.802506,-0.656125,0.193959,
1624924254.424748,0.000000,0.802797,-0.656649,0.193891,
1624924254.428919,0.000000,0.803094,-0.657152,0.193891,
1624924254.433088,0.000000,0.803346,-0.657646,0.193966,
1624924254.437253,0.000000,0.803618,-0.658164,0.194003,
1624924254.441427,0.000000,0.803871,-0.658707,0.193997,
1624924254.445585,0.000000,0.804058,-0.659152,0.194060,
1624924254.449756,0.000000,0.804307,-0.659644,0.194124,
1624924254.453905,0.000000,0.804526,-0.660120,0.194209,
1624924254.516424,0.000000,0.808585,-0.667874,0.194255,
1624924254.520592,0.000000,0.808829,-0.668332,0.194326,
1624924254.524750,0.000000,0.809144,-0.668881,0.194294,
1624924254.528921,0.000000,0.809399,-0.669428,0.194192,
1624924254.533116,0.000000,0.809661,-0.669951,0.194226,
1624924254.537344,0.000000,0.809874,-0.670479,0.194281,
1624924254.541423,0.000000,0.810043,-0.670981,0.194379,
1624924254.545604,0.000000,0.810243,-0.671435,0.194430,
1624924254.549752,0.000000,0.810418,-0.671883,0.194480,
1624924254.553952,0.000000,0.810555,-0.672300,0.194505,
1624924254.616450,0.000000,0.814299,-0.679933,0.194142,
1624924254.620591,0.000000,0.814570,-0.680474,0.194090,
1624924254.624759,0.000000,0.814811,-0.681008,0.194070,
1624924254.628931,0.000000,0.815041,-0.681549,0.194072,
1624924254.633086,0.000000,0.815246,-0.682052,0.194070,
1624924254.637258,0.000000,0.815494,-0.682585,0.194068,
1624924254.641426,0.000000,0.815694,-0.683107,0.194112,
1624924254.645600,0.000000,0.815874,-0.683571,0.194162,
1624924254.649761,0.000000,0.816029,-0.684069,0.194251,
1624924254.653925,0.000000,0.816192,-0.684531,0.194288,
1624924254.716418,0.000000,0.819315,-0.692320,0.194216,
1624924254.720588,0.000000,0.819573,-0.692907,0.194161,
1624924254.724755,0.000000,0.819826,-0.693482,0.194029,
1624924254.728920,0.000000,0.820045,-0.694049,0.193984,
1624924254.733090,0.000000,0.820291,-0.694608,0.193981,
1624924254.737259,0.000000,0.820510,-0.695174,0.194008,
1624924254.741426,0.000000,0.820699,-0.695745,0.194083,
1624924254.745576,0.000000,0.820861,-0.696258,0.194060,
1624924254.749745,0.000000,0.820981,-0.696744,0.194153,
1624924254.753917,0.000000,0.821108,-0.697217,0.194212,
1624924254.816421,0.000000,0.823951,-0.705121,0.194083,
1624924254.820599,0.000000,0.824180,-0.705758,0.193998,
1624924254.824745,0.000000,0.824396,-0.706298,0.193964,
1624924254.828918,0.000000,0.824617,-0.706873,0.193876,
1624924254.833076,0.000000,0.824803,-0.707360,0.193959,
1624924254.837249,0.000000,0.824976,-0.707870,0.193977,
1624924254.841413,0.000000,0.825135,-0.708421,0.194027,
1624924254.845582,0.000000,0.825269,-0.708970,0.194109,
1624924254.849751,0.000000,0.825436,-0.709496,0.194144,
1624924254.853918,0.000000,0.825547,-0.709988,0.194182,
1624924254.916425,0.000000,0.827980,-0.717940,0.193922,
1624924254.920681,0.000000,0.828191,-0.718534,0.193838,
1624924254.924745,0.000000,0.828403,-0.719100,0.193766,
1624924254.928929,0.000000,0.828586,-0.719707,0.193686,
1624924254.933080,0.000000,0.828787,-0.720299,0.193633,
1624924254.937247,0.000000,0.828967,-0.720817,0.193624,
1624924254.941409,0.000000,0.829130,-0.721398,0.193646,
1624924254.945584,0.000000,0.829268,-0.721961,0.193904,
1624924254.949749,0.000000,0.829382,-0.722461,0.193966,
1624924254.953911,0.000000,0.829481,-0.722964,0.194053,
1624924255.016385,0.000000,0.831556,-0.731104,0.193765,
1624924255.020549,0.000000,0.831761,-0.731687,0.193667,
1624924255.024716,0.000000,0.831917,-0.732259,0.193591,
1624924255.028881,0.000000,0.832143,-0.732893,0.193516,
1624924255.033049,0.000000,0.832232,-0.733448,0.193540,
1624924255.037238,0.000000,0.832415,-0.734007,0.193602,
1624924255.041394,0.000000,0.832496,-0.734619,0.193642,
1624924255.045556,0.000000,0.832576,-0.735182,0.193633,
1624924255.049806,0.000000,0.832717,-0.735725,0.193710,
1624924255.053877,0.000000,0.832793,-0.736254,0.193812,
1624924255.116415,0.000000,0.834593,-0.744295,0.193918,
1624924255.120575,0.000000,0.834691,-0.744836,0.193890,
1624924255.124753,0.000000,0.834793,-0.745562,0.193616,
1624924255.128927,0.000000,0.835009,-0.746214,0.193527,
1624924255.133077,0.000000,0.835179,-0.746797,0.193459,
1624924255.137255,0.000000,0.835289,-0.747413,0.193394,
1624924255.141417,0.000000,0.835400,-0.747999,0.193424,
1624924255.145583,0.000000,0.835456,-0.748580,0.193389,
1624924255.149749,0.000000,0.835530,-0.749157,0.193432,
1624924255.153919,0.000000,0.835582,-0.749681,0.193471,
1624924255.216446,0.000000,0.836769,-0.757656,0.193527,
1624924255.220551,0.000000,0.836869,-0.758278,0.193468,
1624924255.224724,0.000000,0.837048,-0.758918,0.193400,
1624924255.228878,0.000000,0.837048,-0.759384,0.193632,
1624924255.233044,0.000000,0.837231,-0.759981,0.193531,
1624924255.237214,0.000000,0.837371,-0.760606,0.193455,
1624924255.241422,0.000000,0.837597,-0.761266,0.193273,
1624924255.245551,0.000000,0.837636,-0.761883,0.193217,
1624924255.249709,0.000000,0.837704,-0.762379,0.193334,
1624924255.253877,0.000000,0.837735,-0.762947,0.193379,
1624924255.316381,0.000000,0.838622,-0.770817,0.193823,
1624924255.320570,0.000000,0.838723,-0.771582,0.193476,
1624924255.324747,0.000000,0.838823,-0.772214,0.193446,
1624924255.328906,0.000000,0.838848,-0.772803,0.193521,
1624924255.333071,0.000000,0.838975,-0.773384,0.193389,
1624924255.337229,0.000000,0.839038,-0.773918,0.193386,
1624924255.341408,0.000000,0.839145,-0.774510,0.193339,
1624924255.345565,0.000000,0.839223,-0.775198,0.193239,
1624924255.349731,0.000000,0.839248,-0.775791,0.193278,
1624924255.353898,0.000000,0.839254,-0.776254,0.193379,
1624924255.416490,0.000000,0.839855,-0.784645,0.193478,
1624924255.420665,0.000000,0.839920,-0.785242,0.193444,
1624924255.424828,0.000000,0.839941,-0.785817,0.193420,
1624924255.428990,0.000000,0.840045,-0.786425,0.193336,
1624924255.433160,0.000000,0.840117,-0.787067,0.193253,
1624924255.437407,0.000000,0.840190,-0.787813,0.193091,
1624924255.441502,0.000000,0.840258,-0.788334,0.193072,
1624924255.445650,0.000000,0.840314,-0.788936,0.193086,
1624924255.449827,0.000000,0.840346,-0.789460,0.193138,
1624924255.454001,0.000000,0.840363,-0.790043,0.193209,
1624924255.516498,0.000000,0.840483,-0.798447,0.193250,
1624924255.520655,0.000000,0.840596,-0.798996,0.193352,
1624924255.524825,0.000000,0.840636,-0.799638,0.193276,
1624924255.529014,0.000000,0.840685,-0.800272,0.193215,
1624924255.533162,0.000000,0.840628,-0.801014,0.193060,
1624924255.537327,0.000000,0.840689,-0.801609,0.193063,
1624924255.541497,0.000000,0.840721,-0.802228,0.192935,
1624924255.545648,0.000000,0.840733,-0.802817,0.192915,
1624924255.549820,0.000000,0.840760,-0.803430,0.192910,
1624924255.553985,0.000000,0.840781,-0.803985,0.192932,
1624924255.616488,0.000000,0.840565,-0.812438,0.192994,
1624924255.620665,0.000000,0.840600,-0.813063,0.192955,
1624924255.624815,0.000000,0.840631,-0.813653,0.192869,
1624924255.628953,0.000000,0.840684,-0.814282,0.192759,
1624924255.633113,0.000000,0.840713,-0.814883,0.192691,
1624924255.637281,0.000000,0.840711,-0.815550,0.192615,
1624924255.641450,0.000000,0.840729,-0.816165,0.192542,
1624924255.645630,0.000000,0.840691,-0.816828,0.192623,
1624924255.649803,0.000000,0.840658,-0.817395,0.192658,
1624924255.653963,0.000000,0.840645,-0.817990,0.192676,
1624924255.716461,0.000000,0.840042,-0.826391,0.192904,
1624924255.720625,0.000000,0.840058,-0.827014,0.192815,
1624924255.724816,0.000000,0.840072,-0.827634,0.192753,
1624924255.728961,0.000000,0.840072,-0.828252,0.192657,
1624924255.733162,0.000000,0.840059,-0.828888,0.192579,
1624924255.737319,0.000000,0.840040,-0.829530,0.192517,
1624924255.741515,0.000000,0.839998,-0.830186,0.192500,
1624924255.745665,0.000000,0.839953,-0.830803,0.192480,
1624924255.749826,0.000000,0.839908,-0.831370,0.192466,
1624924255.753990,0.000000,0.839864,-0.831918,0.192494,
1624924255.816491,0.000000,0.838987,-0.840316,0.192615,
1624924255.820737,0.000000,0.838947,-0.840982,0.192537,
1624924255.824827,0.000000,0.838896,-0.841625,0.192491,
1624924255.828990,0.000000,0.838851,-0.842265,0.192446,
1624924255.833155,0.000000,0.838814,-0.842872,0.192365,
1624924255.837333,0.000000,0.838764,-0.843471,0.192306,
1624924255.841504,0.000000,0.838692,-0.844065,0.192275,
1624924255.845665,0.000000,0.838610,-0.844690,0.192276,
1624924255.849806,0.000000,0.838535,-0.845281,0.192270,
1624924255.853993,0.000000,0.838455,-0.845797,0.192365,
1624924255.916486,0.000000,0.837168,-0.853962,0.192354,
1624924255.920662,0.000000,0.837106,-0.854563,0.192313,
1624924255.924821,0.000000,0.837049,-0.855201,0.192267,
1624924255.928991,0.000000,0.837020,-0.855899,0.192160,
1624924255.933157,0.000000,0.836965,-0.856510,0.192075,
1624924255.937315,0.000000,0.836867,-0.857135,0.192028,
1624924255.941486,0.000000,0.836796,-0.857736,0.191976,
1624924255.945646,0.000000,0.836687,-0.858370,0.191966,
1624924255.949992,0.000000,0.836570,-0.858941,0.192022,
1624924255.953984,0.000000,0.836448,-0.859497,0.192105,
1624924256.016491,0.000000,0.834796,-0.867478,0.192244,
1624924256.020668,0.000000,0.834651,-0.868098,0.192456,
1624924256.024822,0.000000,0.834632,-0.868684,0.192422,
1624924256.028986,0.000000,0.834547,-0.869302,0.192308,
1624924256.033155,0.000000,0.834439,-0.869934,0.192259,
1624924256.037318,0.000000,0.834358,-0.870583,0.192299,
1624924256.041487,0.000000,0.834244,-0.871146,0.192215,
1624924256.045648,0.000000,0.834166,-0.871740,0.192277,
1624924256.049807,0.000000,0.834049,-0.872297,0.192285,
1624924256.053978,0.000000,0.833918,-0.872847,0.192307,
1624924256.116475,0.000000,0.831740,-0.880702,0.192500,
1624924256.120641,0.000000,0.831605,-0.881281,0.192461,
1624924256.124817,0.000000,0.831428,-0.881898,0.192508,
1624924256.128984,0.000000,0.831318,-0.882512,0.192440,
1624924256.133162,0.000000,0.831212,-0.883088,0.192388,
1624924256.137311,0.000000,0.831111,-0.883681,0.192266,
1624924256.141480,0.000000,0.830984,-0.884300,0.192225,
1624924256.145643,0.000000,0.830855,-0.884898,0.192170,
1624924256.149817,0.000000,0.830703,-0.885480,0.192176,
1624924256.153985,0.000000,0.830546,-0.886073,0.192152,
1624924256.216477,0.000000,0.828195,-0.893673,0.192381,
1624924256.220651,0.000000,0.828031,-0.894321,0.192294,
1624924256.224809,0.000000,0.827992,-0.894900,0.191917,
1624924256.228980,0.000000,0.827831,-0.895510,0.191838,
1624924256.233150,0.000000,0.827634,-0.896145,0.192078,
1624924256.237313,0.000000,0.827476,-0.896704,0.192080,
1624924256.241478,0.000000,0.827337,-0.897279,0.192057,
1624924256.245635,0.000000,0.827192,-0.897833,0.192006,
1624924256.249791,0.000000,0.827009,-0.898391,0.192015,
1624924256.253968,0.000000,0.826852,-0.898924,0.192020,
1624924256.316471,0.000000,0.824271,-0.906441,0.191933,
1624924256.320644,0.000000,0.823991,-0.907055,0.192215,
1624924256.324801,0.000000,0.823809,-0.907635,0.192195,
1624924256.328973,0.000000,0.823624,-0.908276,0.192154,
1624924256.351109,0.000000,0.823478,-0.908864,0.192092,
1624924256.337274,0.000000,0.823338,-0.909451,0.192021,
1624924256.341439,0.000000,0.823163,-0.910062,0.191936,
1624924256.345600,0.000000,0.822983,-0.910671,0.191871,
1624924256.349766,0.000000,0.822792,-0.911265,0.191865,
1624924256.353953,0.000000,0.822600,-0.911840,0.191838,
1624924256.416475,0.000000,0.819620,-0.919176,0.192080,
1624924256.420666,0.000000,0.819383,-0.919777,0.192054,
1624924256.424816,0.000000,0.819292,-0.920287,0.191947,
1624924256.428983,0.000000,0.819105,-0.920885,0.191913,
1624924256.433147,0.000000,0.818929,-0.921491,0.191853,
1624924256.437305,0.000000,0.818733,-0.922152,0.191718,
1624924256.441484,0.000000,0.818512,-0.922718,0.191694,
1624924256.445642,0.000000,0.818280,-0.923296,0.191682,
1624924256.449785,0.000000,0.818052,-0.923853,0.191647,
1624924256.453945,0.000000,0.817875,-0.924389,0.191611,
1624924256.516438,0.000000,0.814418,-0.931668,0.192022,
1624924256.520602,0.000000,0.814119,-0.932225,0.192056,
1624924256.524775,0.000000,0.813938,-0.932824,0.191945,
1624924256.528944,0.000000,0.813671,-0.933363,0.191961,
1624924256.533111,0.000000,0.813468,-0.933922,0.191908,
1624924256.537283,0.000000,0.813240,-0.934528,0.191820,
1624924256.541447,0.000000,0.812987,-0.935156,0.191756,
1624924256.545614,0.000000,0.812756,-0.935773,0.191657,
1624924256.549795,0.000000,0.812587,-0.936352,0.191569,
1624924256.553986,0.000000,0.812291,-0.937040,0.191449,
1624924256.616501,0.000000,0.808535,-0.944166,0.191753,
1624924256.620645,0.000000,0.808279,-0.944711,0.191716,
1624924256.624812,0.000000,0.808044,-0.945245,0.191707,
1624924256.628983,0.000000,0.807779,-0.945842,0.191673,
1624924256.633149,0.000000,0.807542,-0.946428,0.191624,
1624924256.637316,0.000000,0.807324,-0.947036,0.191515,
1624924256.641479,0.000000,0.807058,-0.947616,0.191446,
1624924256.645674,0.000000,0.806792,-0.948209,0.191363,
1624924256.649814,0.000000,0.806531,-0.948762,0.191315,
1624924256.653987,0.000000,0.806259,-0.949295,0.191289,
1624924256.716555,0.000000,0.802299,-0.956190,0.191633,
1624924256.720633,0.000000,0.801871,-0.956772,0.191642,
1624924256.724836,0.000000,0.801602,-0.957322,0.191604,
1624924256.728974,0.000000,0.801359,-0.957850,0.191585,
1624924256.733145,0.000000,0.801212,-0.958366,0.191505,
1624924256.737318,0.000000,0.800929,-0.958892,0.191539,
1624924256.741485,0.000000,0.800658,-0.959457,0.191460,
1624924256.745688,0.000000,0.800530,-0.959846,0.191487,
1624924256.749812,0.000000,0.800277,-0.960391,0.191385,
1624924256.753991,0.000000,0.799917,-0.961077,0.191136,
1624924256.816453,0.000000,0.795811,-0.967560,0.191658,
1624924256.820637,0.000000,0.795512,-0.968061,0.191688,
1624924256.824802,0.000000,0.795254,-0.968575,0.191640,
1624924256.828974,0.000000,0.795022,-0.969123,0.191515,
1624924256.833155,0.000000,0.794683,-0.969722,0.191438,
1624924256.837320,0.000000,0.794347,-0.970294,0.191391,
1624924256.841469,0.000000,0.794003,-0.970946,0.191220,
1624924256.845722,0.000000,0.793804,-0.971322,0.191290,
1624924256.849809,0.000000,0.793506,-0.971874,0.191180,
1624924256.853987,0.000000,0.793208,-0.972422,0.191124,
1624924256.916459,0.000000,0.788564,-0.979021,0.191384,
1624924256.920598,0.000000,0.788189,-0.979549,0.191546,
1624924256.924759,0.000000,0.787819,-0.980091,0.191565,
1624924256.928955,0.000000,0.787523,-0.980581,0.191597,
1624924256.933241,0.000000,0.787174,-0.981138,0.191562,
1624924256.937279,0.000000,0.786831,-0.981665,0.191491,
1624924256.941447,0.000000,0.786576,-0.982233,0.191145,
1624924256.945602,0.000000,0.786348,-0.982819,0.190989,
1624924256.949847,0.000000,0.786050,-0.983330,0.190939,
1624924256.953924,0.000000,0.785635,-0.983793,0.191178,
1624924257.016476,0.000000,0.780632,-0.990319,0.191459,
1624924257.020666,0.000000,0.780309,-0.990808,0.191414,
1624924257.024844,0.000000,0.780018,-0.991297,0.191375,
1624924257.028975,0.000000,0.779704,-0.991793,0.191289,
1624924257.033149,0.000000,0.779356,-0.992316,0.191234,
1624924257.037306,0.000000,0.779043,-0.992853,0.191145,
1624924257.041466,0.000000,0.778703,-0.993359,0.191080,
1624924257.045636,0.000000,0.778302,-0.993869,0.191026,
1624924257.049810,0.000000,0.777973,-0.994348,0.190985,
1624924257.053969,0.000000,0.777654,-0.994865,0.190945,
1624924257.116451,0.000000,0.772428,-1.001242,0.191251,
1624924257.120654,0.000000,0.772070,-1.001657,0.191244,
1624924257.124759,0.000000,0.771712,-1.002143,0.191181,
1624924257.128942,0.000000,0.771343,-1.002634,0.191081,
1624924257.133103,0.000000,0.770978,-1.003150,0.191025,
1624924257.137271,0.000000,0.770619,-1.003676,0.190947,
1624924257.141488,0.000000,0.770229,-1.004165,0.190894,
1624924257.145610,0.000000,0.769848,-1.004685,0.190854,
1624924257.149770,0.000000,0.769419,-1.005188,0.190862,
1624924257.153931,0.000000,0.769181,-1.005677,0.190767,
1624924257.216627,0.000000,0.763581,-1.011897,0.191006,
1624924257.220644,0.000000,0.763182,-1.012362,0.190982,
1624924257.224788,0.000000,0.762803,-1.012830,0.190959,
1624924257.228994,0.000000,0.762338,-1.013297,0.190986,
1624924257.233303,0.000000,0.761971,-1.013800,0.190901,
1624924257.237304,0.000000,0.761663,-1.014299,0.190788,
1624924257.241463,0.000000,0.761272,-1.014784,0.190706,
1624924257.245634,0.000000,0.760892,-1.015267,0.190646,
1624924257.249820,0.000000,0.760507,-1.015781,0.190548,
1624924257.253989,0.000000,0.760112,-1.016248,0.190490,
1624924257.316434,0.000000,0.754011,-1.022252,0.190933,
1624924257.320603,0.000000,0.753499,-1.022689,0.190978,
1624924257.324760,0.000000,0.753169,-1.023158,0.190896,
1624924257.328934,0.000000,0.752754,-1.023605,0.190830,
1624924257.333110,0.000000,0.752392,-1.024072,0.190727,
1624924257.337270,0.000000,0.751962,-1.024536,0.190690,
1624924257.341439,0.000000,0.751511,-1.025017,0.190633,
1624924257.345608,0.000000,0.751093,-1.025500,0.190594,
1624924257.349776,0.000000,0.750693,-1.025981,0.190514,
1624924257.353938,0.000000,0.750057,-1.026405,0.190563,
1624924257.416464,0.000000,0.743962,-1.032093,0.190810,
1624924257.420629,0.000000,0.743563,-1.032520,0.190785,
1624924257.424793,0.000000,0.743167,-1.032971,0.190725,
1624924257.428962,0.000000,0.742779,-1.033440,0.190625,
1624924257.433130,0.000000,0.742291,-1.033921,0.190561,
1624924257.437294,0.000000,0.741933,-1.034390,0.190407,
1624924257.441468,0.000000,0.741558,-1.034805,0.190349,
1624924257.445628,0.000000,0.740991,-1.035298,0.190349,
1624924257.449795,0.000000,0.740601,-1.035757,0.190277,
1624924257.453965,0.000000,0.740079,-1.036201,0.190289,
1624924257.516473,0.000000,0.733934,-1.041589,0.190384,
1624924257.520621,0.000000,0.733466,-1.042002,0.190310,
1624924257.524801,0.000000,0.733018,-1.042415,0.190309,
1624924257.528957,0.000000,0.732570,-1.042851,0.190251,
1624924257.533131,0.000000,0.732171,-1.043313,0.190105,
1624924257.537298,0.000000,0.731698,-1.043703,0.190149,
1624924257.541467,0.000000,0.731298,-1.044158,0.189992,
1624924257.545634,0.000000,0.730913,-1.044584,0.189926,
1624924257.549792,0.000000,0.730407,-1.045004,0.189899,
1624924257.553964,0.000000,0.729862,-1.045435,0.189896,
1624924257.616556,0.000000,0.723273,-1.050048,0.190783,
1624924257.620625,0.000000,0.722844,-1.050407,0.190790,
1624924257.624794,0.000000,0.722365,-1.050807,0.190736,
1624924257.628965,0.000000,0.721914,-1.051205,0.190633,
1624924257.633133,0.000000,0.721454,-1.051595,0.190620,
1624924257.637297,0.000000,0.720971,-1.052021,0.190560,
1624924257.641469,0.000000,0.720462,-1.052443,0.190498,
1624924257.645635,0.000000,0.720025,-1.052876,0.190384,
1624924257.649798,0.000000,0.719592,-1.053257,0.190334,
1624924257.653983,0.000000,0.719136,-1.053653,0.190269,
1624924257.716464,0.000000,0.712563,-1.058400,0.190513,
1624924257.720655,0.000000,0.712126,-1.058690,0.190521,
1624924257.724797,0.000000,0.711650,-1.059054,0.190471,
1624924257.728967,0.000000,0.711123,-1.059417,0.190489,
1624924257.733129,0.000000,0.710665,-1.059812,0.190435,
1624924257.737298,0.000000,0.710089,-1.060211,0.190377,
1624924257.741464,0.000000,0.709550,-1.060754,0.190123,
1624924257.745741,0.000000,0.709026,-1.061113,0.190147,
1624924257.749798,0.000000,0.708608,-1.061519,0.190026,
1624924257.753970,0.000000,0.708021,-1.061913,0.190030,
1624924257.816463,0.000000,0.701639,-1.066204,0.190311,
1624924257.820633,0.000000,0.701128,-1.066627,0.190121,
1624924257.824801,0.000000,0.700676,-1.066918,0.190167,
1624924257.828966,0.000000,0.700148,-1.067270,0.190122,
1624924257.833136,0.000000,0.699708,-1.067578,0.190102,
1624924257.837305,0.000000,0.699246,-1.067908,0.190072,
1624924257.841470,0.000000,0.698764,-1.068213,0.190081,
1624924257.845624,0.000000,0.698261,-1.068564,0.190065,
1624924257.849793,0.000000,0.697740,-1.068907,0.190033,
1624924257.853968,0.000000,0.697231,-1.069282,0.189976,
1624924257.916502,0.000000,0.690202,-1.073185,0.190455,
1624924257.920717,0.000000,0.689644,-1.073463,0.190480,
1624924257.924838,0.000000,0.689226,-1.074067,0.190009,
1624924257.928999,0.000000,0.688737,-1.074374,0.190042,
1624924257.933163,0.000000,0.688232,-1.074421,0.190428,
1624924257.937329,0.000000,0.687721,-1.074742,0.190397,
1624924257.941503,0.000000,0.687217,-1.075104,0.190284,
1624924257.945686,0.000000,0.686656,-1.075480,0.190184,
1624924257.949837,0.000000,0.686141,-1.075837,0.190124,
1624924257.954000,0.000000,0.685733,-1.076496,0.189579,
1624924258.016490,0.000000,0.678529,-1.080036,0.190356,
1624924258.020668,0.000000,0.678016,-1.080287,0.190312,
1624924258.024839,0.000000,0.677495,-1.080581,0.190364,
1624924258.028995,0.000000,0.677007,-1.080846,0.190354,
1624924258.033169,0.000000,0.676499,-1.081144,0.190321,
1624924258.037333,0.000000,0.675985,-1.081436,0.190278,
1624924258.041504,0.000000,0.675458,-1.081728,0.190251,
1624924258.045663,0.000000,0.675005,-1.082054,0.190124,
1624924258.049840,0.000000,0.674428,-1.082405,0.190050,
1624924258.053994,0.000000,0.673872,-1.082710,0.190054,
1624924258.116509,0.000000,0.666478,-1.086418,0.190063,
1624924258.120664,0.000000,0.666125,-1.086592,0.190113,
1624924258.124854,0.000000,0.665566,-1.086858,0.190108,
1624924258.129071,0.000000,0.665062,-1.087153,0.190044,
1624924258.133170,0.000000,0.664319,-1.087397,0.190194,
1624924258.137326,0.000000,0.664096,-1.087667,0.189996,
1624924258.141520,0.000000,0.663584,-1.088021,0.189885,
1624924258.145658,0.000000,0.662965,-1.088296,0.189912,
1624924258.149836,0.000000,0.662415,-1.088549,0.189921,
1624924258.153990,0.000000,0.661620,-1.088814,0.190070,
1624924258.216504,0.000000,0.654169,-1.092088,0.190290,
1624924258.220661,0.000000,0.653651,-1.092285,0.190311,
1624924258.224828,0.000000,0.653049,-1.092503,0.190378,
1624924258.229004,0.000000,0.652536,-1.092724,0.190393,
1624924258.233168,0.000000,0.652125,-1.092986,0.190275,
1624924258.237343,0.000000,0.651398,-1.093226,0.190406,
1624924258.241508,0.000000,0.650841,-1.093442,0.190422,
1624924258.245665,0.000000,0.650500,-1.093767,0.190196,
1624924258.249863,0.000000,0.649939,-1.094032,0.190141,
1624924258.254004,0.000000,0.649436,-1.094303,0.190053,
1624924258.316499,0.000000,0.641574,-1.097264,0.190367,
1624924258.320670,0.000000,0.641162,-1.097454,0.190362,
1624924258.324834,0.000000,0.640604,-1.097629,0.190384,
1624924258.329002,0.000000,0.639987,-1.097799,0.190494,
1624924258.333185,0.000000,0.639453,-1.098035,0.190394,
1624924258.337333,0.000000,0.638834,-1.098257,0.190400,
1624924258.341497,0.000000,0.638242,-1.098468,0.190407,
1624924258.345662,0.000000,0.637665,-1.098713,0.190351,
1624924258.349835,0.000000,0.637108,-1.098990,0.190256,
1624924258.354002,0.000000,0.636698,-1.099194,0.190234,
1624924258.416462,0.000000,0.628739,-1.101938,0.190260,
1624924258.420623,0.000000,0.628158,-1.102111,0.190254,
1624924258.424784,0.000000,0.627706,-1.102196,0.190429,
1624924258.428954,0.000000,0.627212,-1.102370,0.190422,
1624924258.433133,0.000000,0.626647,-1.102583,0.190347,
1624924258.437283,0.000000,0.626267,-1.102795,0.190239,
1624924258.441453,0.000000,0.625699,-1.102989,0.190236,
1624924258.445620,0.000000,0.625147,-1.103221,0.190165,
1624924258.449782,0.000000,0.624422,-1.103436,0.190152,
1624924258.453965,0.000000,0.623821,-1.103624,0.190154,
1624924258.516586,0.000000,0.615787,-1.106004,0.190275,
1624924258.520659,0.000000,0.615259,-1.106144,0.190283,
1624924258.524840,0.000000,0.614724,-1.106251,0.190312,
1624924258.528992,0.000000,0.614187,-1.106396,0.190281,
1624924258.533155,0.000000,0.613648,-1.106555,0.190265,
1624924258.537319,0.000000,0.613104,-1.106733,0.190252,
1624924258.541493,0.000000,0.612520,-1.106925,0.190247,
1624924258.545674,0.000000,0.611923,-1.107136,0.190191,
1624924258.549843,0.000000,0.611361,-1.107328,0.190144,
1624924258.553996,0.000000,0.610697,-1.107537,0.190060,
1624924258.616517,0.000000,0.602704,-1.109571,0.190219,
1624924258.620630,0.000000,0.602228,-1.109675,0.190251,
1624924258.624798,0.000000,0.601595,-1.109742,0.190339,
1624924258.628958,0.000000,0.601085,-1.109896,0.190307,
1624924258.633136,0.000000,0.600606,-1.109979,0.190366,
1624924258.637315,0.000000,0.600081,-1.110114,0.190362,
1624924258.641557,0.000000,0.599500,-1.110274,0.190330,
1624924258.645632,0.000000,0.598900,-1.110440,0.190297,
1624924258.649793,0.000000,0.598272,-1.110627,0.190235,
1624924258.653963,0.000000,0.597653,-1.110823,0.190125,
1624924258.716456,0.000000,0.589289,-1.112624,0.190096,
1624924258.720623,0.000000,0.588793,-1.112710,0.190073,
1624924258.724827,0.000000,0.588313,-1.112806,0.190070,
1624924258.728993,0.000000,0.587871,-1.112901,0.190040,
1624924258.733160,0.000000,0.587247,-1.112983,0.190065,
1624924258.737329,0.000000,0.586667,-1.113078,0.190063,
1624924258.741511,0.000000,0.586088,-1.113194,0.190072,
1624924258.745655,0.000000,0.585503,-1.113352,0.190020,
1624924258.749829,0.000000,0.584793,-1.113456,0.190027,
1624924258.754000,0.000000,0.584200,-1.113612,0.190002,
1624924258.816485,0.000000,0.575689,-1.114930,0.190226,
1624924258.820667,0.000000,0.575176,-1.114984,0.190210,
1624924258.824824,0.000000,0.574582,-1.115042,0.190212,
1624924258.828997,0.000000,0.574036,-1.115135,0.190193,
1624924258.833178,0.000000,0.573474,-1.115161,0.190203,
1624924258.837346,0.000000,0.572907,-1.115249,0.190188,
1624924258.841500,0.000000,0.572371,-1.115333,0.190182,
1624924258.845645,0.000000,0.571847,-1.115568,0.189867,
1624924258.849834,0.000000,0.571347,-1.115642,0.189990,
1624924258.853989,0.000000,0.570764,-1.115782,0.189901,
1624924258.916484,0.000000,0.562196,-1.116783,0.190029,
1624924258.920676,0.000000,0.561538,-1.116836,0.190008,
1624924258.924819,0.000000,0.560997,-1.116908,0.189988,
1624924258.928983,0.000000,0.560218,-1.116852,0.190159,
1624924258.933150,0.000000,0.559734,-1.116916,0.190159,
1624924258.937329,0.000000,0.559181,-1.116985,0.190128,
1624924258.941486,0.000000,0.558593,-1.116936,0.190288,
1624924258.945666,0.000000,0.557989,-1.117016,0.190254,
1624924258.949832,0.000000,0.557448,-1.117125,0.190143,
1624924258.953993,0.000000,0.556650,-1.117250,0.190088,
1624924259.016483,0.000000,0.548073,-1.117867,0.190269,
1624924259.020671,0.000000,0.547557,-1.117859,0.190314,
1624924259.024834,0.000000,0.547004,-1.117901,0.190274,
1624924259.029069,0.000000,0.546400,-1.117892,0.190349,
1624924259.033141,0.000000,0.545747,-1.117955,0.190299,
1624924259.037311,0.000000,0.545203,-1.118012,0.190237,
1624924259.041477,0.000000,0.544663,-1.118072,0.190183,
1624924259.045643,0.000000,0.544095,-1.118137,0.190156,
1624924259.049809,0.000000,0.543455,-1.118184,0.190168,
1624924259.053976,0.000000,0.542853,-1.118223,0.190148,
1624924259.116504,0.000000,0.534343,-1.118500,0.190138,
1624924259.120674,0.000000,0.533827,-1.118478,0.190160,
1624924259.124812,0.000000,0.533273,-1.118449,0.190172,
1624924259.128975,0.000000,0.532663,-1.118430,0.190263,
1624924259.133150,0.000000,0.532113,-1.118481,0.190234,
1624924259.137290,0.000000,0.531523,-1.118500,0.190230,
1624924259.141448,0.000000,0.530917,-1.118511,0.190227,
1624924259.145617,0.000000,0.530251,-1.118517,0.190192,
1624924259.149786,0.000000,0.529690,-1.118603,0.190049,
1624924259.153945,0.000000,0.528935,-1.118633,0.190029,
1624924259.216463,0.000000,0.520740,-1.118552,0.190118,
1624924259.220624,0.000000,0.520220,-1.118509,0.190147,
1624924259.224786,0.000000,0.519736,-1.118517,0.190118,
1624924259.228952,0.000000,0.519141,-1.118516,0.190146,
1624924259.233126,0.000000,0.518600,-1.118520,0.190130,
1624924259.237287,0.000000,0.517978,-1.118518,0.190115,
1624924259.241476,0.000000,0.517367,-1.118497,0.190093,
1624924259.245644,0.000000,0.516745,-1.118438,0.190119,
1624924259.249816,0.000000,0.516235,-1.118455,0.190053,
1624924259.253986,0.000000,0.515655,-1.118479,0.190015,
1624924259.316481,0.000000,0.507249,-1.117957,0.189939,
1624924259.320660,0.000000,0.506690,-1.117885,0.190009,
1624924259.324807,0.000000,0.506158,-1.117813,0.190036,
1624924259.328987,0.000000,0.505534,-1.117739,0.190076,
1624924259.333142,0.000000,0.505123,-1.117700,0.190074,
1624924259.337373,0.000000,0.504558,-1.117703,0.190098,
1624924259.341492,0.000000,0.504037,-1.117654,0.190139,
1624924259.345656,0.000000,0.503363,-1.117633,0.190138,
1624924259.349818,0.000000,0.502809,-1.117605,0.190115,
1624924259.353992,0.000000,0.502214,-1.117609,0.190041,
1624924259.416484,0.000000,0.493734,-1.116820,0.189898,
1624924259.420648,0.000000,0.493296,-1.116749,0.189936,
1624924259.424822,0.000000,0.492789,-1.116698,0.189936,
1624924259.428980,0.000000,0.492282,-1.116623,0.189966,
1624924259.433154,0.000000,0.491691,-1.116507,0.190041,
1624924259.437327,0.000000,0.491155,-1.116446,0.190055,
1624924259.441493,0.000000,0.490601,-1.116400,0.190048,
1624924259.445654,0.000000,0.489930,-1.116311,0.190031,
1624924259.449808,0.000000,0.489412,-1.116289,0.189902,
1624924259.453978,0.000000,0.488764,-1.116230,0.189881,
1624924259.516484,0.000000,0.480434,-1.114946,0.190146,
1624924259.520643,0.000000,0.479873,-1.114823,0.190168,
1624924259.524813,0.000000,0.479372,-1.114772,0.190152,
1624924259.528973,0.000000,0.478850,-1.114658,0.190192,
1624924259.533139,0.000000,0.478307,-1.114596,0.190161,
1624924259.537308,0.000000,0.477831,-1.114516,0.190063,
1624924259.541573,0.000000,0.477312,-1.114388,0.190084,
1624924259.545638,0.000000,0.476702,-1.114365,0.190025,
1624924259.549804,0.000000,0.476074,-1.114282,0.190033,
1624924259.553953,0.000000,0.475509,-1.114238,0.189975,
1624924259.616457,0.000000,0.467189,-1.112735,0.190052,
1624924259.620625,0.000000,0.466672,-1.112610,0.190064,
1624924259.624788,0.000000,0.466232,-1.112444,0.190122,
1624924259.628946,0.000000,0.465705,-1.112302,0.190154,
1624924259.633117,0.000000,0.465192,-1.112189,0.190144,
1624924259.637278,0.000000,0.464639,-1.112108,0.190088,
1624924259.641438,0.000000,0.464096,-1.111985,0.190095,
1624924259.645617,0.000000,0.463510,-1.111864,0.190094,
1624924259.649791,0.000000,0.462928,-1.111695,0.190146,
1624924259.653980,0.000000,0.462298,-1.111625,0.190089,
1624924259.716479,0.000000,0.453878,-1.109717,0.190161,
1624924259.720665,0.000000,0.453421,-1.109523,0.190212,
1624924259.724810,0.000000,0.452897,-1.109394,0.190238,
1624924259.728993,0.000000,0.452414,-1.109212,0.190295,
1624924259.733144,0.000000,0.451941,-1.109111,0.190234,
1624924259.737304,0.000000,0.451437,-1.108987,0.190248,
1624924259.741479,0.000000,0.450938,-1.108765,0.190324,
1624924259.745648,0.000000,0.450416,-1.108643,0.190296,
1624924259.749812,0.000000,0.449800,-1.108511,0.190273,
1624924259.753979,0.000000,0.449255,-1.108358,0.190265,
