1624923966.620042,0.000000,0.567244,-0.496446,0.196776,
1624923966.624223,0.000000,0.567243,-0.496439,0.196767,
1624923966.628376,0.000000,0.567237,-0.496436,0.196757,
1624923966.632551,0.000000,0.567235,-0.496434,0.196764,
1624923966.636710,0.000000,0.567231,-0.496437,0.196764,
1624923966.640875,0.000000,0.567236,-0.496437,0.196756,
1624923966.645053,0.000000,0.567225,-0.496440,0.196775,
1624923966.649220,0.000000,0.567239,-0.496447,0.196780,
1624923966.653379,0.000000,0.567226,-0.496440,0.196771,
1624923966.657544,0.000000,0.567244,-0.496442,0.196762,
1624923966.661718,0.000000,0.567254,-0.496458,0.196790,
1624923966.665876,0.000000,0.567231,-0.496436,0.196765,
1624923977.399242,0.000000,0.567226,-0.496439,0.196772,
1624923977.403455,0.000000,0.567229,-0.496436,0.196760,
1624923977.407550,0.000000,0.567240,-0.496444,0.196764,
1624923977.411718,0.000000,0.567248,-0.496443,0.196780,
1624923977.415888,0.000000,0.567245,-0.496440,0.196768,
1624923977.420110,0.000000,0.567229,-0.496446,0.196777,
1624923977.424222,0.000000,0.567247,-0.496454,0.196785,
1624923977.428390,0.000000,0.567250,-0.496451,0.196791,
1624923977.432574,0.000000,0.567240,-0.496462,0.196784,
1624923977.436723,0.000000,0.567234,-0.496440,0.196778,
1624923977.499205,0.000000,0.567864,-0.496599,0.196797,
1624923977.503402,0.000000,0.568184,-0.496637,0.196766,
1624923977.507559,0.000000,0.568539,-0.496697,0.196747,
1624923977.511694,0.000000,0.568949,-0.496749,0.196708,
1624923977.515852,0.000000,0.569404,-0.496787,0.196683,
1624923977.520040,0.000000,0.569899,-0.496816,0.196624,
1624923977.524188,0.000000,0.570379,-0.496840,0.196566,
1624923977.528344,0.000000,0.570928,-0.496871,0.196495,
1624923977.532541,0.000000,0.571496,-0.496894,0.196415,
1624923977.536689,0.000000,0.572074,-0.496918,0.196366,
1624923977.599225,0.000000,0.580047,-0.498233,0.196689,
1624923977.603389,0.000000,0.580622,-0.498349,0.196682,
1624923977.607555,0.000000,0.581184,-0.498454,0.196663,
1624923977.611722,0.000000,0.581776,-0.498532,0.196593,
1624923977.615901,0.000000,0.582379,-0.498620,0.196508,
1624923977.620151,0.000000,0.582987,-0.498684,0.196446,
1624923977.624269,0.000000,0.583641,-0.498881,0.196461,
1624923977.628425,0.000000,0.584211,-0.498834,0.196373,
1624923977.632570,0.000000,0.584873,-0.498965,0.196352,
1624923977.636734,0.000000,0.585494,-0.499056,0.196277,
1624923977.699228,0.000000,0.593831,-0.500861,0.196535,
1624923977.703396,0.000000,0.594406,-0.501017,0.196553,
1624923977.707573,0.000000,0.594956,-0.501089,0.196532,
1624923977.711734,0.000000,0.595480,-0.501205,0.196514,
1624923977.715897,0.000000,0.596069,-0.501291,0.196472,
1624923977.720064,0.000000,0.596687,-0.501406,0.196415,
1624923977.724377,0.000000,0.597331,-0.501530,0.196352,
1624923977.728382,0.000000,0.597956,-0.501627,0.196249,
1624923977.732567,0.000000,0.598593,-0.501752,0.196186,
1624923977.736727,0.000000,0.599240,-0.501844,0.196126,
1624923977.799227,0.000000,0.607014,-0.503882,0.196449,
1624923977.803381,0.000000,0.607548,-0.504133,0.196310,
1624923977.807565,0.000000,0.608142,-0.504289,0.196296,
1624923977.811716,0.000000,0.608778,-0.504395,0.196294,
1624923977.815891,0.000000,0.609307,-0.504470,0.196265,
1624923977.820040,0.000000,0.609916,-0.504589,0.196188,
1624923977.824226,0.000000,0.610492,-0.504698,0.196169,
1624923977.828404,0.000000,0.611095,-0.504814,0.196144,
1624923977.832550,0.000000,0.611718,-0.505051,0.196121,
1624923977.836714,0.000000,0.612316,-0.505195,0.196046,
1624923977.899205,0.000000,0.620088,-0.507711,0.196192,
1624923977.903364,0.000000,0.620596,-0.507912,0.196216,
1624923977.907586,0.000000,0.621035,-0.507965,0.196131,
1624923977.911760,0.000000,0.621679,-0.508161,0.196129,
1624923977.915915,0.000000,0.622309,-0.508369,0.196112,
1624923977.920087,0.000000,0.622921,-0.508580,0.196075,
1624923977.924249,0.000000,0.623496,-0.508736,0.196051,
1624923977.928411,0.000000,0.624090,-0.508897,0.195991,
1624923977.932646,0.000000,0.624586,-0.509025,0.195935,
1624923977.936759,0.000000,0.625175,-0.509124,0.195916,
1624923977.999265,0.000000,0.632806,-0.511867,0.196062,
1624923978.003542,0.000000,0.633358,-0.512083,0.196081,
1624923978.007574,0.000000,0.633806,-0.512268,0.196045,
1624923978.011758,0.000000,0.634388,-0.512459,0.196016,
1624923978.015919,0.000000,0.634929,-0.512607,0.195999,
1624923978.020081,0.000000,0.635513,-0.512813,0.195962,
1624923978.024231,0.000000,0.636152,-0.513104,0.195981,
1624923978.028418,0.000000,0.636724,-0.513224,0.195968,
1624923978.032577,0.000000,0.637283,-0.513399,0.195932,
1624923978.036757,0.000000,0.637855,-0.513590,0.195882,
1624923978.099247,0.000000,0.645401,-0.516680,0.196020,
1624923978.103410,0.000000,0.645915,-0.516903,0.196024,
1624923978.107580,0.000000,0.646423,-0.517124,0.196023,
1624923978.111721,0.000000,0.646950,-0.517406,0.196025,
1624923978.115893,0.000000,0.647448,-0.517621,0.195975,
1624923978.120071,0.000000,0.648005,-0.517846,0.195962,
1624923978.124225,0.000000,0.648560,-0.518059,0.195924,
1624923978.128391,0.000000,0.649135,-0.518277,0.195937,
1624923978.132654,0.000000,0.649723,-0.518551,0.195881,
1624923978.136719,0.000000,0.650294,-0.518732,0.195795,
1624923978.199224,0.000000,0.657766,-0.522183,0.196014,
1624923978.203384,0.000000,0.658240,-0.522420,0.196035,
1624923978.207555,0.000000,0.658747,-0.522677,0.196037,
1624923978.211743,0.000000,0.659239,-0.522890,0.196013,
1624923978.215907,0.000000,0.659765,-0.523109,0.195971,
1624923978.220082,0.000000,0.660288,-0.523347,0.195946,
1624923978.224252,0.000000,0.660850,-0.523585,0.195877,
1624923978.228415,0.000000,0.661355,-0.523812,0.195844,
1624923978.232581,0.000000,0.661936,-0.524071,0.195816,
1624923978.236760,0.000000,0.662546,-0.524311,0.195778,
1624923978.299246,0.000000,0.669863,-0.528214,0.196034,
1624923978.303437,0.000000,0.670371,-0.528546,0.196083,
1624923978.307578,0.000000,0.670850,-0.528815,0.196071,
1624923978.311743,0.000000,0.671368,-0.529092,0.196074,
1624923978.315910,0.000000,0.671841,-0.529299,0.196044,
1624923978.320073,0.000000,0.672314,-0.529599,0.196018,
1624923978.324257,0.000000,0.672840,-0.529815,0.195978,
1624923978.328415,0.000000,0.673404,-0.530088,0.195952,
1624923978.332590,0.000000,0.673959,-0.530324,0.195835,
1624923978.336755,0.000000,0.674535,-0.530604,0.195856,
1624923978.399252,0.000000,0.681719,-0.534711,0.195906,
1624923978.403408,0.000000,0.682178,-0.534983,0.195926,
1624923978.407573,0.000000,0.682642,-0.535246,0.195919,
1624923978.411738,0.000000,0.683111,-0.535545,0.195919,
1624923978.415924,0.000000,0.683606,-0.535849,0.195951,
1624923978.420079,0.000000,0.684139,-0.536151,0.195927,
1624923978.424246,0.000000,0.684664,-0.536436,0.195896,
1624923978.428409,0.000000,0.685206,-0.536724,0.195862,
1624923978.432580,0.000000,0.685730,-0.537024,0.195775,
1624923978.436746,0.000000,0.686224,-0.537275,0.195764,
1624923978.499246,0.000000,0.693465,-0.541756,0.195832,
1624923978.503410,0.000000,0.693895,-0.542048,0.195832,
1624923978.507587,0.000000,0.694316,-0.542340,0.195864,
1624923978.511738,0.000000,0.694760,-0.542629,0.195866,
1624923978.515915,0.000000,0.695228,-0.542923,0.195843,
1624923978.520167,0.000000,0.695668,-0.543235,0.195851,
1624923978.524282,0.000000,0.696138,-0.543529,0.195812,
1624923978.528409,0.000000,0.696663,-0.543809,0.195787,
1624923978.532580,0.000000,0.697196,-0.544105,0.195742,
1624923978.536741,0.000000,0.697738,-0.544447,0.195685,
1624923978.599248,0.000000,0.704786,-0.549226,0.195726,
1624923978.603401,0.000000,0.705189,-0.549545,0.195766,
1624923978.607582,0.000000,0.705593,-0.549870,0.195774,
1624923978.611741,0.000000,0.706020,-0.550187,0.195778,
1624923978.615903,0.000000,0.706458,-0.550534,0.195800,
1624923978.620070,0.000000,0.706875,-0.550828,0.195769,
1624923978.624240,0.000000,0.707404,-0.551176,0.195741,
1624923978.628445,0.000000,0.707873,-0.551492,0.195730,
1624923978.632614,0.000000,0.708385,-0.551840,0.195693,
1624923978.636763,0.000000,0.708891,-0.552165,0.195641,
1624923978.699249,0.000000,0.715610,-0.557242,0.195769,
1624923978.703420,0.000000,0.715982,-0.557567,0.195791,
1624923978.707595,0.000000,0.716411,-0.557891,0.195787,
1624923978.711743,0.000000,0.716821,-0.558276,0.195783,
1624923978.715902,0.000000,0.717243,-0.558560,0.195800,
1624923978.720069,0.000000,0.717698,-0.558915,0.195805,
1624923978.724262,0.000000,0.718121,-0.559267,0.195809,
1624923978.728402,0.000000,0.718604,-0.559615,0.195785,
1624923978.732575,0.000000,0.719064,-0.559983,0.195767,
1624923978.736738,0.000000,0.719539,-0.560302,0.195679,
1624923978.799218,0.000000,0.726274,-0.565771,0.195591,
1624923978.803398,0.000000,0.726651,-0.566130,0.195621,
1624923978.807563,0.000000,0.727060,-0.566486,0.195646,
1624923978.811737,0.000000,0.727446,-0.566843,0.195681,
1624923978.815897,0.000000,0.727845,-0.567204,0.195702,
1624923978.820247,0.000000,0.728259,-0.567552,0.195712,
1624923978.824229,0.000000,0.728697,-0.567918,0.195687,
1624923978.828409,0.000000,0.729156,-0.568287,0.195655,
1624923978.832578,0.000000,0.729632,-0.568685,0.195633,
1624923978.836923,0.000000,0.730116,-0.569069,0.195581,
1624923978.899267,0.000000,0.736600,-0.574732,0.195475,
1624923978.903503,0.000000,0.736974,-0.575132,0.195470,
1624923978.907599,0.000000,0.737337,-0.575512,0.195486,
1624923978.911762,0.000000,0.737702,-0.575909,0.195548,
1624923978.915928,0.000000,0.738101,-0.576299,0.195589,
1624923978.920100,0.000000,0.738509,-0.576683,0.195581,
1624923978.924255,0.000000,0.738932,-0.577061,0.195548,
1624923978.928432,0.000000,0.739373,-0.577454,0.195518,
1624923978.932580,0.000000,0.739808,-0.577855,0.195462,
1624923978.936752,0.000000,0.740255,-0.578255,0.195439,
1624923978.999246,0.000000,0.746573,-0.584274,0.195395,
1624923979.003424,0.000000,0.746937,-0.584652,0.195455,
1624923979.007591,0.000000,0.747278,-0.585057,0.195535,
1624923979.011751,0.000000,0.747636,-0.585443,0.195537,
1624923979.015907,0.000000,0.748023,-0.585844,0.195506,
1624923979.020081,0.000000,0.748464,-0.586290,0.195447,
1624923979.024247,0.000000,0.748859,-0.586716,0.195416,
1624923979.028423,0.000000,0.749287,-0.587137,0.195379,
1624923979.032671,0.000000,0.749723,-0.587565,0.195321,
1624923979.036725,0.000000,0.750156,-0.587979,0.195289,
1624923979.099214,0.000000,0.756185,-0.594326,0.195203,
1624923979.103374,0.000000,0.756512,-0.594731,0.195236,
1624923979.107537,0.000000,0.756848,-0.595164,0.195255,
1624923979.111704,0.000000,0.757209,-0.595595,0.195308,
1624923979.115866,0.000000,0.757597,-0.596034,0.195328,
1624923979.120042,0.000000,0.757983,-0.596484,0.195326,
1624923979.124218,0.000000,0.758352,-0.596913,0.195329,
1624923979.128394,0.000000,0.758722,-0.597333,0.195308,
1624923979.132560,0.000000,0.759124,-0.597782,0.195267,
1624923979.136747,0.000000,0.759538,-0.598191,0.195214,
1624923979.199246,0.000000,0.765399,-0.604774,0.194990,
1624923979.203416,0.000000,0.765701,-0.605215,0.195016,
1624923979.207578,0.000000,0.766005,-0.605608,0.195018,
1624923979.211744,0.000000,0.766341,-0.606023,0.195008,
1624923979.215905,0.000000,0.766630,-0.606420,0.195036,
1624923979.220080,0.000000,0.767011,-0.606855,0.195017,
1624923979.224261,0.000000,0.767359,-0.607296,0.195010,
1624923979.228426,0.000000,0.767792,-0.607758,0.194943,
1624923979.232575,0.000000,0.768197,-0.608223,0.194935,
1624923979.236751,0.000000,0.768608,-0.608707,0.194895,
1624923979.299241,0.000000,0.774049,-0.615609,0.195017,
1624923979.303427,0.000000,0.774377,-0.616085,0.195064,
1624923979.307576,0.000000,0.774683,-0.616515,0.195021,
1624923979.311764,0.000000,0.774963,-0.616907,0.195025,
1624923979.315918,0.000000,0.775290,-0.617378,0.195006,
1624923979.320080,0.000000,0.775624,-0.617835,0.194987,
1624923979.324240,0.000000,0.775968,-0.618274,0.194951,
1624923979.328429,0.000000,0.776322,-0.618734,0.194916,
1624923979.332571,0.000000,0.776771,-0.619219,0.194911,
1624923979.336748,0.000000,0.777135,-0.619678,0.194804,
1624923979.399261,0.000000,0.782226,-0.626602,0.194729,
1624923979.403406,0.000000,0.782506,-0.627053,0.194801,
1624923979.407585,0.000000,0.782781,-0.627545,0.194694,
1624923979.411749,0.000000,0.783020,-0.627919,0.194850,
1624923979.415989,0.000000,0.783315,-0.628411,0.194805,
1624923979.420071,0.000000,0.783618,-0.628860,0.194797,
1624923979.424252,0.000000,0.783946,-0.629349,0.194771,
1624923979.428418,0.000000,0.784296,-0.629821,0.194716,
1624923979.432585,0.000000,0.784636,-0.630310,0.194729,
1624923979.436768,0.000000,0.784975,-0.630732,0.194786,
1624923979.499212,0.000000,0.789649,-0.637907,0.194744,
1624923979.503398,0.000000,0.789902,-0.638310,0.194877,
1624923979.507544,0.000000,0.790143,-0.638705,0.194879,
1624923979.511713,0.000000,0.790423,-0.639162,0.194886,
1624923979.515886,0.000000,0.790654,-0.639591,0.194901,
1624923979.520039,0.000000,0.790907,-0.640052,0.194954,
1624923979.524203,0.000000,0.791183,-0.640489,0.194978,
1624923979.528422,0.000000,0.791478,-0.640958,0.194953,
1624923979.532547,0.000000,0.791811,-0.641393,0.194954,
1624923979.536716,0.000000,0.792201,-0.641968,0.194899,
1624923979.599246,0.000000,0.796786,-0.649489,0.194348,
1624923979.603402,0.000000,0.797029,-0.649941,0.194311,
1624923979.607568,0.000000,0.797256,-0.650355,0.194313,
1624923979.611747,0.000000,0.797446,-0.650781,0.194355,
1624923979.615908,0.000000,0.797678,-0.651242,0.194413,
1624923979.620070,0.000000,0.797963,-0.651711,0.194400,
1624923979.624236,0.000000,0.798200,-0.652200,0.194452,
1624923979.628419,0.000000,0.798443,-0.652667,0.194467,
1624923979.632568,0.000000,0.798714,-0.653160,0.194405,
1624923979.636737,0.000000,0.799041,-0.653719,0.194443,
1624923979.699235,0.000000,0.803176,-0.661299,0.194615,
1624923979.703403,0.000000,0.803405,-0.661760,0.194624,
1624923979.707572,0.000000,0.803587,-0.662224,0.194649,
1624923979.711736,0.000000,0.803797,-0.662698,0.194689,
1624923979.715896,0.000000,0.804034,-0.663145,0.194699,
1624923979.720068,0.000000,0.804241,-0.663585,0.194692,
1624923979.724238,0.000000,0.804475,-0.664050,0.194683,
1624923979.728406,0.000000,0.804738,-0.664526,0.194643,
1624923979.732566,0.000000,0.805028,-0.665045,0.194611,
1624923979.736732,0.000000,0.805288,-0.665554,0.194579,
1624923979.799238,0.000000,0.809214,-0.673292,0.194441,
1624923979.803444,0.000000,0.809390,-0.673755,0.194472,
1624923979.807570,0.000000,0.809551,-0.674180,0.194617,
1624923979.811728,0.000000,0.809741,-0.674640,0.194622,
1624923979.815912,0.000000,0.809919,-0.675147,0.194649,
1624923979.820077,0.000000,0.810129,-0.675627,0.194586,
1624923979.824275,0.000000,0.810340,-0.676085,0.194600,
1624923979.828411,0.000000,0.810553,-0.676601,0.194605,
1624923979.832581,0.000000,0.810788,-0.677121,0.194541,
1624923979.836739,0.000000,0.811018,-0.677658,0.194500,
1624923979.899253,0.000000,0.814612,-0.685624,0.194312,
1624923979.903447,0.000000,0.814775,-0.686081,0.194349,
1624923979.907567,0.000000,0.814931,-0.686531,0.194381,
1624923979.911735,0.000000,0.815079,-0.686998,0.194388,
1624923979.915896,0.000000,0.815240,-0.687452,0.194393,
1624923979.920066,0.000000,0.815386,-0.687961,0.194421,
1624923979.924239,0.000000,0.815590,-0.688506,0.194453,
1624923979.928491,0.000000,0.815787,-0.689041,0.194439,
1624923979.932590,0.000000,0.815957,-0.689583,0.194452,
1624923979.936747,0.000000,0.816198,-0.690134,0.194412,
1624923979.999230,0.000000,0.819453,-0.698296,0.194293,
1624923980.003433,0.000000,0.819591,-0.698755,0.194313,
1624923980.007568,0.000000,0.819738,-0.699220,0.194338,
1624923980.011734,0.000000,0.819905,-0.699751,0.194309,
1624923980.015899,0.000000,0.820020,-0.700256,0.194345,
1624923980.020056,0.000000,0.820184,-0.700784,0.194362,
1624923980.024236,0.000000,0.820357,-0.701306,0.194379,
1624923980.028404,0.000000,0.820517,-0.701804,0.194404,
1624923980.032568,0.000000,0.820691,-0.702329,0.194374,
1624923980.036740,0.000000,0.820886,-0.702836,0.194360,
1624923980.099281,0.000000,0.823861,-0.711187,0.194226,
1624923980.103424,0.000000,0.823951,-0.711658,0.194274,
1624923980.107569,0.000000,0.824064,-0.712172,0.194315,
1624923980.111736,0.000000,0.824199,-0.712672,0.194310,
1624923980.115939,0.000000,0.824319,-0.713153,0.194362,
1624923980.120079,0.000000,0.824416,-0.713696,0.194418,
1624923980.124249,0.000000,0.824560,-0.714169,0.194433,
1624923980.128410,0.000000,0.824689,-0.714695,0.194469,
1624923980.132625,0.000000,0.824831,-0.715221,0.194434,
1624923980.136747,0.000000,0.825048,-0.715823,0.194354,
1624923980.199271,0.000000,0.827674,-0.724136,0.193898,
1624923980.203410,0.000000,0.827785,-0.724620,0.193980,
1624923980.207564,0.000000,0.827875,-0.725152,0.194019,
1624923980.211729,0.000000,0.827963,-0.725608,0.194061,
1624923980.215896,0.000000,0.828085,-0.726121,0.194086,
1624923980.220067,0.000000,0.828178,-0.726650,0.194107,
1624923980.224234,0.000000,0.828289,-0.727160,0.194099,
1624923980.228560,0.000000,0.828417,-0.727692,0.194084,
1624923980.232563,0.000000,0.828534,-0.728202,0.194098,
1624923980.236749,0.000000,0.828640,-0.728689,0.194113,
1624923980.274234,0.000000,0.830158,-0.733981,0.193625,
1624923980.278403,0.000000,0.830272,-0.734562,0.193608,
1624923980.282568,0.000000,0.830428,-0.735188,0.193610,
1624923980.286727,0.000000,0.830566,-0.735686,0.193711,
1624923980.290897,0.000000,0.830696,-0.736205,0.193728,
1624923980.295069,0.000000,0.830771,-0.736771,0.193705,
1624923980.299237,0.000000,0.830854,-0.737269,0.193710,
1624923980.303395,0.000000,0.830907,-0.737777,0.193755,
1624923980.307569,0.000000,0.831072,-0.738355,0.193817,
1624923980.311741,0.000000,0.831114,-0.738873,0.193868,
1624923980.399221,0.000000,0.833568,-0.750691,0.193613,
1624923980.403389,0.000000,0.833677,-0.751211,0.193653,
1624923980.407598,0.000000,0.833754,-0.751682,0.193684,
1624923980.411724,0.000000,0.833815,-0.752162,0.193715,
1624923980.415906,0.000000,0.833864,-0.752707,0.193749,
1624923980.420056,0.000000,0.833916,-0.753198,0.193789,
1624923980.424231,0.000000,0.833899,-0.753563,0.193927,
1624923980.428403,0.000000,0.833935,-0.754075,0.193953,
1624923980.432580,0.000000,0.833993,-0.754576,0.193933,
1624923980.436728,0.000000,0.834069,-0.755149,0.193914,
1624923980.499273,0.000000,0.835739,-0.764077,0.193485,
1624923980.503401,0.000000,0.835783,-0.764647,0.193543,
1624923980.507559,0.000000,0.835831,-0.765128,0.193604,
1624923980.511733,0.000000,0.835881,-0.765666,0.193624,
1624923980.515904,0.000000,0.835945,-0.766187,0.193777,
1624923980.520068,0.000000,0.835921,-0.766899,0.193659,
1624923980.524248,0.000000,0.835972,-0.767305,0.193767,
1624923980.528390,0.000000,0.835995,-0.768016,0.193763,
1624923980.532559,0.000000,0.836039,-0.768578,0.193766,
1624923980.536738,0.000000,0.836067,-0.769130,0.193758,
1624923980.599247,0.000000,0.837239,-0.778103,0.193344,
1624923980.603374,0.000000,0.837258,-0.778633,0.193374,
1624923980.607539,0.000000,0.837282,-0.779179,0.193410,
1624923980.611700,0.000000,0.837265,-0.779672,0.193474,
1624923980.615866,0.000000,0.837281,-0.780166,0.193488,
1624923980.620037,0.000000,0.837306,-0.780657,0.193476,
1624923980.624198,0.000000,0.837318,-0.781076,0.193560,
1624923980.628368,0.000000,0.837349,-0.781557,0.193543,
1624923980.632537,0.000000,0.837384,-0.782077,0.193593,
1624923980.636699,0.000000,0.837395,-0.782634,0.193610,
1624923980.699387,0.000000,0.838210,-0.791992,0.193105,
1624923980.703392,0.000000,0.838201,-0.792404,0.193256,
1624923980.707556,0.000000,0.838167,-0.792950,0.193330,
1624923980.711723,0.000000,0.838164,-0.793603,0.193322,
1624923980.715892,0.000000,0.838152,-0.794110,0.193326,
1624923980.720059,0.000000,0.838161,-0.794621,0.193348,
1624923980.724224,0.000000,0.838148,-0.795124,0.193362,
1624923980.728393,0.000000,0.838103,-0.795698,0.193304,
1624923980.732563,0.000000,0.838145,-0.796197,0.193353,
1624923980.736731,0.000000,0.838148,-0.796747,0.193355,
1624923980.799299,0.000000,0.838477,-0.805924,0.192877,
1624923980.803357,0.000000,0.838468,-0.806420,0.192914,
1624923980.807518,0.000000,0.838425,-0.806989,0.193000,
1624923980.811685,0.000000,0.838385,-0.807453,0.193083,
1624923980.815846,0.000000,0.838349,-0.807971,0.193107,
1624923980.820018,0.000000,0.838321,-0.808490,0.193116,
1624923980.824189,0.000000,0.838314,-0.809080,0.193038,
1624923980.828448,0.000000,0.838293,-0.809628,0.193039,
1624923980.832535,0.000000,0.838298,-0.810089,0.193117,
1624923980.836687,0.000000,0.838276,-0.810665,0.193146,
1624923980.899262,0.000000,0.838248,-0.819850,0.192601,
1624923980.903385,0.000000,0.838206,-0.820395,0.192665,
1624923980.907557,0.000000,0.838164,-0.820892,0.192712,
1624923980.911728,0.000000,0.838122,-0.821379,0.192754,
1624923980.915883,0.000000,0.838060,-0.821914,0.192789,
1624923980.920049,0.000000,0.838000,-0.822459,0.192778,
1624923980.924222,0.000000,0.837948,-0.822949,0.192810,
1624923980.928411,0.000000,0.837896,-0.823447,0.192845,
1624923980.932556,0.000000,0.837843,-0.824003,0.192864,
1624923980.936749,0.000000,0.837809,-0.824570,0.192858,
1624923980.999224,0.000000,0.837402,-0.833625,0.192480,
1624923981.003409,0.000000,0.837332,-0.834151,0.192516,
1624923981.007587,0.000000,0.837274,-0.834660,0.192559,
1624923981.011727,0.000000,0.837210,-0.835143,0.192586,
1624923981.015885,0.000000,0.837104,-0.835624,0.192634,
1624923981.020074,0.000000,0.837033,-0.836100,0.192659,
1624923981.024221,0.000000,0.836984,-0.836583,0.192687,
1624923981.028381,0.000000,0.836914,-0.837130,0.192684,
1624923981.032552,0.000000,0.836829,-0.837640,0.192655,
1624923981.036735,0.000000,0.836757,-0.838190,0.192668,
1624923981.099224,0.000000,0.835897,-0.847040,0.192338,
1624923981.103397,0.000000,0.835821,-0.847594,0.192352,
1624923981.107570,0.000000,0.835726,-0.848125,0.192403,
1624923981.111712,0.000000,0.835648,-0.848585,0.192383,
1624923981.115884,0.000000,0.835559,-0.849066,0.192416,
1624923981.120055,0.000000,0.835473,-0.849508,0.192425,
1624923981.124221,0.000000,0.835377,-0.850010,0.192458,
1624923981.128384,0.000000,0.835288,-0.850549,0.192531,
1624923981.132546,0.000000,0.835199,-0.851076,0.192488,
1624923981.136714,0.000000,0.835109,-0.851635,0.192484,
1624923981.199302,0.000000,0.833897,-0.860498,0.192084,
1624923981.203445,0.000000,0.833756,-0.860966,0.192136,
1624923981.207606,0.000000,0.833652,-0.861468,0.192181,
1624923981.211874,0.000000,0.833549,-0.861974,0.192200,
1624923981.215945,0.000000,0.833443,-0.862425,0.192241,
1624923981.220105,0.000000,0.833326,-0.862880,0.192291,
1624923981.224269,0.000000,0.833201,-0.863364,0.192293,
1624923981.228449,0.000000,0.833067,-0.863865,0.192304,
1624923981.232615,0.000000,0.832949,-0.864380,0.192297,
1624923981.236779,0.000000,0.832757,-0.864877,0.192652,
1624923981.299265,0.000000,0.831260,-0.873787,0.192234,
1624923981.303438,0.000000,0.831025,-0.874396,0.192302,
1624923981.307600,0.000000,0.830875,-0.874889,0.192346,
1624923981.311772,0.000000,0.830762,-0.875343,0.192444,
1624923981.315942,0.000000,0.830684,-0.875796,0.192276,
1624923981.320100,0.000000,0.830568,-0.876202,0.192335,
1624923981.324274,0.000000,0.830446,-0.876728,0.192267,
1624923981.328435,0.000000,0.830309,-0.877286,0.192187,
1624923981.332632,0.000000,0.830166,-0.877770,0.192217,
1624923981.336769,0.000000,0.830021,-0.878250,0.192203,
1624923981.399277,0.000000,0.827887,-0.886814,0.192149,
1624923981.403440,0.000000,0.827690,-0.887333,0.192265,
1624923981.407594,0.000000,0.827545,-0.887850,0.192322,
1624923981.411778,0.000000,0.827374,-0.888286,0.192434,
1624923981.415926,0.000000,0.827244,-0.888756,0.192452,
1624923981.420098,0.000000,0.827113,-0.889205,0.192495,
1624923981.424268,0.000000,0.826922,-0.889695,0.192515,
1624923981.428439,0.000000,0.826745,-0.890145,0.192532,
1624923981.432604,0.000000,0.826577,-0.890593,0.192537,
1624923981.436769,0.000000,0.826422,-0.891070,0.192537,
1624923981.499270,0.000000,0.824194,-0.899706,0.191969,
1624923981.503437,0.000000,0.823977,-0.900236,0.192061,
1624923981.507629,0.000000,0.823793,-0.900712,0.192101,
1624923981.511782,0.000000,0.823571,-0.901194,0.192190,
1624923981.515934,0.000000,0.823394,-0.901657,0.192234,
1624923981.520105,0.000000,0.823229,-0.902096,0.192256,
1624923981.524265,0.000000,0.823038,-0.902559,0.192280,
1624923981.528430,0.000000,0.822929,-0.903037,0.192014,
1624923981.532608,0.000000,0.822672,-0.903536,0.192317,
1624923981.536768,0.000000,0.822492,-0.904065,0.192348,
1624923981.599396,0.000000,0.819833,-0.912498,0.191861,
1624923981.603442,0.000000,0.819644,-0.913009,0.191901,
1624923981.607604,0.000000,0.819434,-0.913485,0.191993,
1624923981.611768,0.000000,0.819188,-0.914060,0.192067,
1624923981.615952,0.000000,0.818966,-0.914548,0.192153,
1624923981.620097,0.000000,0.818772,-0.915001,0.192213,
1624923981.624274,0.000000,0.818559,-0.915447,0.192259,
1624923981.628423,0.000000,0.818353,-0.915924,0.192274,
1624923981.632639,0.000000,0.818147,-0.916351,0.192309,
1624923981.636763,0.000000,0.817905,-0.916848,0.192346,
1624923981.699281,0.000000,0.814853,-0.925187,0.191830,
1624923981.703436,0.000000,0.814806,-0.925615,0.191771,
1624923981.707620,0.000000,0.814585,-0.926111,0.191809,
1624923981.711783,0.000000,0.814315,-0.926585,0.191901,
1624923981.715966,0.000000,0.814058,-0.927039,0.192004,
1624923981.720097,0.000000,0.813826,-0.927527,0.192046,
1624923981.724257,0.000000,0.813614,-0.927995,0.192063,
1624923981.728508,0.000000,0.813389,-0.928413,0.192102,
1624923981.732594,0.000000,0.813173,-0.928861,0.192078,
1624923981.736765,0.000000,0.812958,-0.929349,0.192046,
1624923981.799259,0.000000,0.809392,-0.937655,0.191553,
1624923981.803440,0.000000,0.809130,-0.938180,0.191565,
1624923981.807604,0.000000,0.808852,-0.938682,0.191633,
1624923981.811761,0.000000,0.808440,-0.939240,0.191711,
1624923981.815935,0.000000,0.808229,-0.939743,0.191710,
1624923981.820093,0.000000,0.808083,-0.940177,0.191725,
1624923981.824268,0.000000,0.807852,-0.940609,0.191793,
1624923981.828438,0.000000,0.807586,-0.941052,0.191807,
1624923981.832603,0.000000,0.807332,-0.941484,0.191827,
1624923981.836768,0.000000,0.807089,-0.941932,0.191820,
1624923981.899275,0.000000,0.803393,-0.949840,0.191342,
1624923981.903435,0.000000,0.803150,-0.950368,0.191303,
1624923981.907608,0.000000,0.802874,-0.950894,0.191295,
1624923981.911778,0.000000,0.802578,-0.951349,0.191380,
1624923981.915921,0.000000,0.802278,-0.951806,0.191470,
1624923981.920089,0.000000,0.801993,-0.952252,0.191567,
1624923981.924270,0.000000,0.801722,-0.952700,0.191603,
1624923981.928427,0.000000,0.801480,-0.953142,0.191627,
1624923981.932598,0.000000,0.801203,-0.953579,0.191667,
1624923981.936761,0.000000,0.800941,-0.954005,0.191685,
1624923981.999264,0.000000,0.796944,-0.961646,0.191294,
1624923982.003424,0.000000,0.796869,-0.961968,0.191307,
1624923982.007591,0.000000,0.796599,-0.962469,0.191233,
1624923982.011753,0.000000,0.796218,-0.963017,0.191224,
1624923982.015931,0.000000,0.795905,-0.963439,0.191349,
1624923982.020092,0.000000,0.795661,-0.963791,0.191578,
1624923982.024275,0.000000,0.795365,-0.964216,0.191668,
1624923982.028430,0.000000,0.794690,-0.964740,0.191862,
1624923982.032602,0.000000,0.794423,-0.965151,0.191907,
1624923982.036764,0.000000,0.794446,-0.965560,0.191714,
1624923982.099280,0.000000,0.790180,-0.973089,0.191066,
1624923982.103432,0.000000,0.789861,-0.973628,0.191027,
1624923982.107600,0.000000,0.789471,-0.974183,0.191092,
1624923982.111847,0.000000,0.789101,-0.974675,0.191132,
1624923982.115930,0.000000,0.788780,-0.975143,0.191176,
1624923982.120088,0.000000,0.788513,-0.975563,0.191221,
1624923982.124254,0.000000,0.788172,-0.975968,0.191314,
1624923982.128418,0.000000,0.787790,-0.976379,0.191581,
1624923982.132582,0.000000,0.787539,-0.976775,0.191416,
1624923982.136767,0.000000,0.787268,-0.977109,0.191424,
1624923982.199262,0.000000,0.782463,-0.984586,0.191115,
1624923982.203428,0.000000,0.782068,-0.985149,0.191069,
1624923982.207587,0.000000,0.781692,-0.985659,0.191057,
1624923982.211748,0.000000,0.781355,-0.986108,0.191032,
1624923982.215922,0.000000,0.781067,-0.986523,0.191101,
1624923982.220087,0.000000,0.780726,-0.986940,0.191177,
1624923982.224251,0.000000,0.780357,-0.987368,0.191246,
1624923982.228422,0.000000,0.780044,-0.987748,0.191337,
1624923982.232594,0.000000,0.779766,-0.988183,0.191368,
1624923982.236758,0.000000,0.779447,-0.988578,0.191377,
1624923982.299249,0.000000,0.774361,-0.995787,0.190840,
1624923982.303420,0.000000,0.773987,-0.996294,0.190821,
1624923982.307585,0.000000,0.773608,-0.996759,0.190852,
1624923982.311747,0.000000,0.773206,-0.997277,0.190853,
1624923982.315923,0.000000,0.772788,-0.997724,0.190916,
1624923982.320088,0.000000,0.772423,-0.998154,0.190984,
1624923982.324251,0.000000,0.772054,-0.998535,0.191060,
1624923982.328420,0.000000,0.771769,-0.998883,0.191110,
1624923982.332587,0.000000,0.771414,-0.999284,0.191131,
1624923982.336753,0.000000,0.771078,-0.999678,0.191114,
1624923982.399340,0.000000,0.765746,-1.006666,0.190622,
1624923982.403425,0.000000,0.765351,-1.007175,0.190622,
1624923982.407593,0.000000,0.764986,-1.007637,0.190626,
1624923982.411751,0.000000,0.764576,-1.008074,0.190605,
1624923982.415920,0.000000,0.764159,-1.008466,0.190699,
1624923982.420086,0.000000,0.763795,-1.008841,0.190779,
1624923982.424250,0.000000,0.763446,-1.009194,0.190877,
1624923982.428425,0.000000,0.763091,-1.009526,0.190947,
1624923982.432594,0.000000,0.762832,-1.009895,0.190948,
1624923982.436767,0.000000,0.762419,-1.010303,0.190984,
1624923982.499265,0.000000,0.756386,-1.017260,0.190438,
1624923982.503415,0.000000,0.755999,-1.017718,0.190419,
1624923982.507599,0.000000,0.755634,-1.018157,0.190387,
1624923982.511759,0.000000,0.755227,-1.018571,0.190364,
1624923982.515965,0.000000,0.754783,-1.018936,0.190483,
1624923982.520083,0.000000,0.754386,-1.019303,0.190627,
1624923982.524269,0.000000,0.754031,-1.019621,0.190725,
1624923982.528427,0.000000,0.753701,-1.019961,0.190792,
1624923982.532591,0.000000,0.753363,-1.020291,0.190826,
1624923982.536755,0.000000,0.753001,-1.020623,0.190860,
1624923982.599309,0.000000,0.746727,-1.027196,0.190327,
1624923982.603428,0.000000,0.746253,-1.027723,0.190267,
1624923982.607593,0.000000,0.745832,-1.028130,0.190253,
1624923982.611763,0.000000,0.745470,-1.028553,0.190215,
1624923982.615932,0.000000,0.744856,-1.028916,0.190462,
1624923982.620092,0.000000,0.744388,-1.029266,0.190551,
1624923982.624341,0.000000,0.743981,-1.029567,0.190641,
1624923982.628428,0.000000,0.743634,-1.029861,0.190703,
1624923982.632582,0.000000,0.743204,-1.030196,0.190756,
1624923982.636753,0.000000,0.742926,-1.030479,0.190764,
1624923982.699263,0.000000,0.737149,-1.036734,0.189911,
1624923982.703409,0.000000,0.736768,-1.037142,0.189855,
1624923982.707574,0.000000,0.736315,-1.037550,0.189849,
1624923982.711741,0.000000,0.735595,-1.037871,0.190147,
1624923982.715921,0.000000,0.735045,-1.038209,0.190271,
1624923982.720075,0.000000,0.734476,-1.038566,0.190420,
1624923982.724248,0.000000,0.734368,-1.038902,0.190237,
1624923982.728416,0.000000,0.733996,-1.039232,0.190261,
1624923982.732574,0.000000,0.733709,-1.039561,0.190235,
1624923982.736742,0.000000,0.733239,-1.039891,0.190303,
1624923982.799271,0.000000,0.726970,-1.045628,0.189758,
1624923982.803419,0.000000,0.726486,-1.046036,0.189744,
1624923982.807585,0.000000,0.726031,-1.046432,0.189748,
1624923982.811753,0.000000,0.725515,-1.046825,0.189777,
1624923982.815910,0.000000,0.725177,-1.047138,0.189828,
1624923982.820088,0.000000,0.724770,-1.047445,0.189880,
1624923982.824251,0.000000,0.724288,-1.047715,0.189992,
1624923982.828437,0.000000,0.723620,-1.047675,0.190621,
1624923982.832582,0.000000,0.723225,-1.047999,0.190618,
1624923982.836713,0.000000,0.722830,-1.048325,0.190616,
1624923982.899263,0.000000,0.716150,-1.053690,0.190344,
1624923982.903412,0.000000,0.715725,-1.054103,0.190254,
1624923982.907554,0.000000,0.715202,-1.054496,0.190228,
1624923982.911736,0.000000,0.714701,-1.054866,0.190259,
1624923982.915887,0.000000,0.714230,-1.055217,0.190275,
1624923982.920053,0.000000,0.713761,-1.055451,0.190411,
1624923982.924244,0.000000,0.713316,-1.055750,0.190450,
1624923982.928377,0.000000,0.712894,-1.056044,0.190478,
1624923982.932544,0.000000,0.712487,-1.056347,0.190498,
1624923982.936705,0.000000,0.712098,-1.056660,0.190478,
1624923982.999247,0.000000,0.705395,-1.061775,0.190082,
1624923983.003415,0.000000,0.704921,-1.062127,0.190036,
1624923983.007584,0.000000,0.704424,-1.062486,0.190047,
1624923983.011851,0.000000,0.703939,-1.062844,0.190005,
1624923983.015914,0.000000,0.703460,-1.063147,0.190061,
1624923983.020076,0.000000,0.702942,-1.063487,0.190082,
1624923983.024245,0.000000,0.702504,-1.063741,0.190202,
1624923983.028426,0.000000,0.702031,-1.063959,0.190293,
1624923983.032578,0.000000,0.701608,-1.064193,0.190370,
1624923983.036741,0.000000,0.701158,-1.064567,0.190270,
1624923983.099293,0.000000,0.694313,-1.069421,0.189725,
1624923983.103409,0.000000,0.693855,-1.069819,0.189613,
1624923983.107575,0.000000,0.693415,-1.070120,0.189619,
1624923983.111751,0.000000,0.692864,-1.070442,0.189707,
1624923983.115910,0.000000,0.692443,-1.070798,0.189502,
1624923983.120072,0.000000,0.691746,-1.071092,0.189728,
1624923983.124234,0.000000,0.691131,-1.071301,0.189864,
1624923983.128406,0.000000,0.690777,-1.071569,0.189806,
1624923983.132565,0.000000,0.690305,-1.071815,0.189886,
1624923983.136822,0.000000,0.689817,-1.071999,0.190041,
1624923983.199255,0.000000,0.682676,-1.076169,0.190038,
1624923983.203459,0.000000,0.682198,-1.076519,0.189990,
1624923983.207564,0.000000,0.681782,-1.076803,0.189973,
1624923983.211766,0.000000,0.681196,-1.077147,0.190005,
1624923983.215919,0.000000,0.680648,-1.077386,0.190124,
1624923983.220085,0.000000,0.680148,-1.077751,0.189998,
1624923983.224229,0.000000,0.679640,-1.078001,0.190078,
1624923983.228398,0.000000,0.679258,-1.078517,0.189741,
1624923983.232572,0.000000,0.678867,-1.078709,0.189749,
1624923983.236749,0.000000,0.678276,-1.078937,0.189908,
1624923983.299282,0.000000,0.670704,-1.082803,0.190021,
1624923983.303409,0.000000,0.670224,-1.083042,0.190086,
1624923983.307570,0.000000,0.669763,-1.083390,0.189893,
1624923983.311738,0.000000,0.669225,-1.083669,0.189949,
1624923983.315913,0.000000,0.668744,-1.083976,0.189863,
1624923983.320080,0.000000,0.668220,-1.084203,0.189961,
1624923983.324249,0.000000,0.667808,-1.084434,0.189910,
1624923983.328402,0.000000,0.667277,-1.084737,0.189832,
1624923983.332572,0.000000,0.666573,-1.084982,0.189995,
1624923983.336745,0.000000,0.666330,-1.085117,0.189987,
1624923983.399240,0.000000,0.658822,-1.088847,0.189878,
1624923983.403392,0.000000,0.658366,-1.089118,0.189816,
1624923983.407559,0.000000,0.657846,-1.089418,0.189755,
1624923983.411742,0.000000,0.657245,-1.089726,0.189648,
1624923983.415893,0.000000,0.656573,-1.090016,0.189694,
1624923983.420066,0.000000,0.656053,-1.090188,0.189841,
1624923983.424226,0.000000,0.655547,-1.090368,0.189933,
1624923983.428399,0.000000,0.654969,-1.090575,0.189989,
1624923983.432562,0.000000,0.654426,-1.090750,0.190109,
1624923983.436727,0.000000,0.653812,-1.090937,0.190209,
1624923983.499249,0.000000,0.646358,-1.094174,0.190222,
1624923983.503442,0.000000,0.645790,-1.094428,0.190179,
1624923983.507566,0.000000,0.645237,-1.094707,0.190085,
1624923983.511737,0.000000,0.644464,-1.094898,0.190210,
1624923983.515896,0.000000,0.644038,-1.095165,0.190120,
1624923983.520066,0.000000,0.643576,-1.095412,0.190103,
1624923983.524322,0.000000,0.643089,-1.095644,0.190084,
1624923983.528403,0.000000,0.642585,-1.095873,0.190086,
1624923983.532575,0.000000,0.641966,-1.096035,0.190182,
1624923983.536752,0.000000,0.641518,-1.096220,0.190237,
1624923983.599240,0.000000,0.633904,-1.099081,0.190156,
1624923983.603397,0.000000,0.633336,-1.099305,0.190211,
1624923983.607563,0.000000,0.632554,-1.099523,0.190229,
1624923983.611738,0.000000,0.632028,-1.099793,0.190127,
1624923983.615907,0.000000,0.631420,-1.100010,0.190081,
1624923983.620070,0.000000,0.630868,-1.100240,0.190043,
1624923983.624238,0.000000,0.630333,-1.100461,0.189992,
1624923983.628399,0.000000,0.629732,-1.100647,0.190020,
1624923983.632565,0.000000,0.629300,-1.100800,0.190047,
1624923983.636736,0.000000,0.628583,-1.100932,0.190211,
1624923983.699271,0.000000,0.620680,-1.103573,0.190107,
1624923983.703436,0.000000,0.620203,-1.103771,0.190030,
1624923983.707607,0.000000,0.619566,-1.104031,0.189951,
1624923983.711768,0.000000,0.618957,-1.104233,0.189971,
1624923983.715936,0.000000,0.618349,-1.104480,0.189810,
1624923983.720115,0.000000,0.617787,-1.104630,0.189852,
1624923983.724274,0.000000,0.617130,-1.104810,0.189885,
1624923983.728443,0.000000,0.616693,-1.105002,0.189833,
1624923983.732603,0.000000,0.616134,-1.105138,0.189917,
1624923983.736770,0.000000,0.615530,-1.105254,0.190013,
1624923983.799342,0.000000,0.607326,-1.107461,0.190116,
1624923983.803421,0.000000,0.606671,-1.107681,0.190056,
1624923983.807591,0.000000,0.606212,-1.107869,0.190028,
1624923983.811762,0.000000,0.605659,-1.108031,0.189990,
1624923983.815924,0.000000,0.605100,-1.108216,0.189956,
1624923983.820096,0.000000,0.604508,-1.108394,0.189893,
1624923983.824259,0.000000,0.603855,-1.108542,0.189892,
1624923983.828426,0.000000,0.603271,-1.108677,0.189940,
1624923983.832603,0.000000,0.602794,-1.108794,0.189971,
1624923983.836799,0.000000,0.602227,-1.108880,0.190076,
1624923983.899269,0.000000,0.594117,-1.110806,0.189935,
1624923983.903416,0.000000,0.593538,-1.111010,0.189863,
1624923983.907678,0.000000,0.592933,-1.111159,0.189830,
1624923983.911770,0.000000,0.592336,-1.111287,0.189805,
1624923983.915919,0.000000,0.591757,-1.111477,0.189736,
1624923983.920093,0.000000,0.591156,-1.111624,0.189742,
1624923983.924264,0.000000,0.590561,-1.111793,0.189704,
1624923983.928428,0.000000,0.589924,-1.111884,0.189742,
1624923983.932606,0.000000,0.589384,-1.112014,0.189762,
1624923983.936769,0.000000,0.588879,-1.112123,0.189800,
1624923983.999322,0.000000,0.580570,-1.113603,0.189867,
1624923984.003426,0.000000,0.579906,-1.113713,0.189851,
1624923984.007598,0.000000,0.579241,-1.113869,0.189804,
1624923984.011766,0.000000,0.578708,-1.113987,0.189850,
1624923984.015936,0.000000,0.578102,-1.114120,0.189790,
1624923984.020098,0.000000,0.577383,-1.114266,0.189671,
1624923984.024255,0.000000,0.576762,-1.114351,0.189667,
1624923984.028425,0.000000,0.576141,-1.114404,0.189727,
1624923984.032596,0.000000,0.575573,-1.114501,0.189747,
1624923984.036862,0.000000,0.575036,-1.114520,0.189928,
1624923984.099261,0.000000,0.566652,-1.115731,0.189774,
1624923984.103420,0.000000,0.566052,-1.115832,0.189763,
1624923984.107589,0.000000,0.565588,-1.115896,0.189848,
1624923984.111754,0.000000,0.565001,-1.116031,0.189761,
1624923984.115922,0.000000,0.564404,-1.116160,0.189659,
1624923984.120089,0.000000,0.563848,-1.116251,0.189595,
1624923984.124264,0.000000,0.563254,-1.116345,0.189591,
1624923984.128441,0.000000,0.562659,-1.116420,0.189610,
1624923984.132572,0.000000,0.562110,-1.116466,0.189669,
1624923984.136755,0.000000,0.561734,-1.116647,0.189496,
1624923984.199213,0.000000,0.553122,-1.117263,0.189845,
1624923984.203379,0.000000,0.552503,-1.117370,0.189752,
1624923984.207536,0.000000,0.551813,-1.117498,0.189542,
1624923984.211703,0.000000,0.551121,-1.117541,0.189683,
1624923984.215872,0.000000,0.550488,-1.117609,0.189673,
1624923984.220045,0.000000,0.549864,-1.117621,0.189716,
1624923984.224209,0.000000,0.549312,-1.117682,0.189665,
1624923984.228375,0.000000,0.548788,-1.117701,0.189722,
1624923984.232534,0.000000,0.548252,-1.117755,0.189723,
1624923984.236735,0.000000,0.547845,-1.117770,0.189756,
1624923984.299263,0.000000,0.539339,-1.118105,0.189977,
1624923984.303408,0.000000,0.538809,-1.118207,0.189869,
1624923984.307572,0.000000,0.538188,-1.118278,0.189828,
1624923984.311756,0.000000,0.537569,-1.118301,0.189800,
1624923984.315921,0.000000,0.537075,-1.118382,0.189717,
1624923984.320067,0.000000,0.536581,-1.118430,0.189620,
1624923984.324244,0.000000,0.535905,-1.118454,0.189680,
1624923984.328414,0.000000,0.535365,-1.118453,0.189648,
1624923984.332579,0.000000,0.534847,-1.118447,0.189699,
1624923984.336756,0.000000,0.534250,-1.118434,0.189844,
1624923984.399230,0.000000,0.526033,-1.118445,0.189897,
1624923984.403427,0.000000,0.525465,-1.118479,0.189808,
1624923984.407592,0.000000,0.524856,-1.118527,0.189792,
1624923984.411736,0.000000,0.524301,-1.118576,0.189723,
1624923984.415915,0.000000,0.523695,-1.118604,0.189674,
1624923984.420220,0.000000,0.523041,-1.118617,0.189665,
1624923984.424251,0.000000,0.522454,-1.118608,0.189680,
1624923984.428414,0.000000,0.521878,-1.118586,0.189722,
1624923984.432578,0.000000,0.521381,-1.118582,0.189747,
1624923984.436752,0.000000,0.520825,-1.118542,0.189787,
1624923984.499239,0.000000,0.512709,-1.118216,0.189900,
1624923984.503417,0.000000,0.512002,-1.118188,0.189866,
1624923984.507568,0.000000,0.511452,-1.118196,0.189832,
1624923984.511768,0.000000,0.510772,-1.118147,0.189841,
1624923984.515912,0.000000,0.510255,-1.118174,0.189769,
1624923984.520080,0.000000,0.509678,-1.118182,0.189712,
1624923984.524247,0.000000,0.509075,-1.118132,0.189694,
1624923984.528423,0.000000,0.508477,-1.118108,0.189657,
1624923984.532571,0.000000,0.507853,-1.118062,0.189704,
1624923984.536737,0.000000,0.507305,-1.118003,0.189777,
1624923984.599232,0.000000,0.499319,-1.117201,0.190107,
1624923984.603444,0.000000,0.498821,-1.117229,0.189993,
1624923984.607564,0.000000,0.498172,-1.117184,0.189885,
1624923984.611722,0.000000,0.497508,-1.117158,0.189883,
1624923984.615899,0.000000,0.496905,-1.117161,0.189792,
1624923984.620065,0.000000,0.496291,-1.117129,0.189727,
1624923984.624234,0.000000,0.495776,-1.117155,0.189648,
1624923984.628393,0.000000,0.495124,-1.117095,0.189652,
1624923984.632563,0.000000,0.494618,-1.117058,0.189669,
1624923984.636730,0.000000,0.494081,-1.117017,0.189693,
1624923984.699267,0.000000,0.486045,-1.115857,0.189959,
1624923984.703381,0.000000,0.485303,-1.115814,0.189900,
1624923984.707551,0.000000,0.484687,-1.115767,0.189837,
1624923984.711716,0.000000,0.484093,-1.115720,0.189794,
1624923984.715876,0.000000,0.483538,-1.115649,0.189736,
1624923984.720042,0.000000,0.482968,-1.115593,0.189786,
1624923984.724211,0.000000,0.482377,-1.115562,0.189742,
1624923984.728380,0.000000,0.481747,-1.115517,0.189695,
1624923984.732554,0.000000,0.481133,-1.115432,0.189760,
1624923984.736700,0.000000,0.480596,-1.115333,0.189764,
1624923984.799207,0.000000,0.472590,-1.113799,0.189998,
1624923984.803371,0.000000,0.471926,-1.113583,0.190184,
1624923984.807607,0.000000,0.471333,-1.113521,0.190108,
1624923984.811706,0.000000,0.470761,-1.113463,0.190048,
1624923984.815867,0.000000,0.470214,-1.113404,0.189985,
1624923984.820047,0.000000,0.469604,-1.113325,0.189955,
1624923984.824202,0.000000,0.469046,-1.113274,0.189872,
1624923984.828357,0.000000,0.468419,-1.113290,0.189758,
1624923984.832536,0.000000,0.467848,-1.113176,0.189751,
1624923984.836702,0.000000,0.467307,-1.113026,0.189836,
1624923984.899230,0.000000,0.459259,-1.111169,0.190064,
1624923984.903404,0.000000,0.458674,-1.110998,0.190083,
1624923984.907578,0.000000,0.458079,-1.110916,0.190012,
1624923984.911739,0.000000,0.457474,-1.110830,0.189941,
1624923984.915887,0.000000,0.456808,-1.110792,0.189869,
1624923984.920062,0.000000,0.456133,-1.110710,0.189827,
1624923984.924235,0.000000,0.455631,-1.110564,0.189834,
1624923984.928390,0.000000,0.455016,-1.110437,0.189865,
1624923984.932653,0.000000,0.454469,-1.110266,0.189895,
1624923984.936725,0.000000,0.453859,-1.110118,0.189974,
