1624923977.000000,387930632.000000,-0.000039,0.000071,0.000343,0.002628,0.034523,0.000002,0.999400,0.000031,0.000956,0.008709,-0.003857,-0.006797,0.003825,
1624923977.000000,392933607.000000,-0.000048,0.000073,0.000397,0.002615,0.034484,0.000006,0.999402,-0.001169,0.000720,0.010351,-0.000795,-0.001052,-0.001514,
1624923977.000000,397936821.000000,-0.000052,0.000076,0.000447,0.002617,0.034501,-0.000002,0.999401,-0.001441,0.000680,0.010995,-0.002761,-0.005732,-0.002613,
1624923977.000000,402939796.000000,-0.000056,0.000079,0.000501,0.002606,0.034462,-0.000005,0.999403,-0.001656,0.000641,0.011611,-0.000793,-0.008370,-0.000453,
1624923977.000000,407942533.000000,-0.000060,0.000084,0.000547,0.002612,0.034474,-0.000005,0.999402,-0.001563,0.000850,0.010743,0.002535,0.012064,0.000607,
1624923977.000000,412945271.000000,0.000012,0.000069,0.000410,0.002593,0.034433,-0.000011,0.999404,-0.000262,0.000821,0.010193,0.000339,-0.004796,-0.000456,
1624923977.000000,417948484.000000,0.000014,0.000073,0.000463,0.002598,0.034412,-0.000012,0.999404,-0.000320,0.000881,0.010890,0.004596,0.001233,0.000579,
1624923977.000000,422951460.000000,0.000016,0.000077,0.000520,0.002603,0.034428,-0.000011,0.999404,-0.000399,0.000939,0.011682,-0.004906,-0.000520,-0.001508,
1624923977.000000,427954435.000000,0.000017,0.000078,0.000593,0.002589,0.034412,-0.000013,0.999404,-0.000668,0.000662,0.013633,0.001303,-0.003997,0.002682,
1624923977.000000,432958603.000000,0.000021,0.000081,0.000660,0.002608,0.034421,-0.000006,0.999404,-0.000532,0.000626,0.014374,0.007892,0.009921,-0.001466,
1624923977.000000,477985620.000000,-0.000056,-0.000026,0.000278,0.002627,0.034383,-0.000019,0.999405,0.000424,-0.000909,0.008486,0.009855,0.001113,-0.000453,
1624923977.000000,482988596.000000,-0.000050,-0.000031,0.000325,0.002652,0.034414,-0.000025,0.999404,0.000752,-0.000944,0.009296,-0.000569,0.005907,-0.004741,
1624923977.000000,487992764.000000,-0.000055,-0.000036,0.000392,0.002632,0.034414,-0.000036,0.999404,-0.000477,-0.000998,0.011963,-0.006177,0.005482,-0.001581,
1624923977.000000,492995501.000000,-0.000053,-0.000042,0.000454,0.002630,0.034430,-0.000034,0.999404,-0.000553,-0.001039,0.013163,0.001458,-0.004770,0.000610,
1624923977.000000,497998476.000000,-0.000051,-0.000047,0.000526,0.002611,0.034168,-0.000037,0.999413,-0.000691,-0.001083,0.014810,-0.022990,-0.266719,-0.002613,
1624923977.000000,503001690.000000,0.000092,-0.000099,0.000622,0.002545,0.033056,-0.000089,0.999450,0.018452,-0.007597,0.019521,-0.013706,-0.593189,-0.051438,
1624923977.000000,508004665.000000,0.000210,-0.000144,0.000719,0.002521,0.031562,-0.000337,0.999499,0.026039,-0.010214,0.021689,-0.012244,-0.508334,-0.148487,
1624923977.000000,513007641.000000,0.000520,-0.000109,0.000292,0.002454,0.030694,-0.000791,0.999526,0.041176,-0.012824,0.014304,0.009660,-0.221903,-0.224303,
1624923977.000000,518010616.000000,0.001112,-0.000183,0.000196,0.002499,0.030446,-0.001395,0.999532,0.091964,-0.015607,0.000439,0.027162,0.020536,-0.248789,
1624923977.000000,523013592.000000,0.001631,-0.000269,0.000152,0.002495,0.030755,-0.002044,0.999522,0.114470,-0.018137,-0.003213,-0.022986,0.214464,-0.278391,
1624923977.000000,568041563.000000,0.006568,-0.000623,-0.000295,0.002265,0.034593,-0.009995,0.999349,0.138288,-0.012679,0.016667,0.054709,0.065130,-0.439710,
1624923977.000000,573044538.000000,0.007264,-0.000712,-0.000241,0.002439,0.034827,-0.011126,0.999328,0.138582,-0.017017,0.024219,0.122656,0.148038,-0.461943,
1624923977.000000,578047514.000000,0.006019,-0.001475,-0.000265,0.002690,0.034576,-0.012296,0.999323,0.109474,-0.039773,0.044550,0.105082,0.285964,-0.476211,
1624923977.000000,583050489.000000,0.006394,-0.001604,-0.000137,0.002829,0.035331,-0.013482,0.999281,0.091150,-0.034265,0.043578,0.038560,0.254138,-0.463462,
1624923977.000000,588054419.000000,0.006849,-0.001793,0.000069,0.002894,0.035674,-0.014609,0.999252,0.086312,-0.035593,0.050452,0.060744,0.000453,-0.435699,
1624923977.000000,593057632.000000,0.007281,-0.001989,0.000315,0.003021,0.035324,-0.015677,0.999248,0.081443,-0.036943,0.057638,0.049658,-0.272157,-0.416481,
1624923977.000000,598060608.000000,0.007659,-0.002156,0.000427,0.003033,0.034459,-0.016722,0.999262,0.073487,-0.033518,0.040099,0.009746,-0.385901,-0.419652,
1624923977.000000,603063583.000000,0.008017,-0.002336,0.000594,0.003002,0.033511,-0.017774,0.999276,0.067242,-0.033009,0.036912,0.010924,-0.365364,-0.413410,
1624923977.000000,608066559.000000,0.008342,-0.002513,0.000748,0.002996,0.032660,-0.018796,0.999285,0.060952,-0.032531,0.033675,0.024798,-0.316526,-0.404746,
1624923977.000000,613069534.000000,0.009393,-0.002733,-0.000477,0.003066,0.032163,-0.019862,0.999281,0.111552,-0.033031,-0.003433,0.030262,-0.115808,-0.427416,
1624923977.000000,663100243.000000,0.018048,-0.004588,0.001029,0.002846,0.035636,-0.031127,0.998876,0.142348,-0.025667,0.026747,-0.018646,-0.011689,-0.436202,
1624923977.000000,668103456.000000,0.018758,-0.004765,0.001128,0.002791,0.035638,-0.032224,0.998841,0.141491,-0.026640,0.030451,0.025709,0.021179,-0.445815,
1624923977.000000,673106432.000000,0.019464,-0.004948,0.001238,0.002933,0.035769,-0.033362,0.998799,0.140586,-0.027592,0.033630,0.113380,0.087003,-0.458669,
1624923977.000000,678109407.000000,0.021873,-0.004594,0.000463,0.003143,0.035848,-0.034559,0.998755,0.151447,-0.029716,0.058481,0.092431,0.129516,-0.452484,
1624923977.000000,683112621.000000,0.022634,-0.004805,0.000730,0.003271,0.036166,-0.035674,0.998704,0.149509,-0.032450,0.069324,0.049199,0.117846,-0.436434,
1624923977.000000,688115358.000000,0.023387,-0.005030,0.001046,0.003369,0.036361,-0.036759,0.998657,0.147514,-0.035202,0.079749,0.057888,0.021599,-0.432141,
1624923977.000000,693118334.000000,0.023972,-0.005167,0.000994,0.003453,0.036169,-0.037831,0.998623,0.130941,-0.028278,0.043797,0.034656,-0.196538,-0.416276,
1624923977.000000,698122501.000000,0.024617,-0.005359,0.001163,0.003457,0.035505,-0.038866,0.998607,0.124932,-0.028084,0.040363,0.033236,-0.283385,-0.417145,
1624923977.000000,703125477.000000,0.025227,-0.005548,0.001319,0.003478,0.034849,-0.039933,0.998589,0.118765,-0.027908,0.037075,0.019796,-0.247602,-0.429034,
1624923977.000000,708128452.000000,0.025955,-0.005761,0.001510,0.003453,0.034351,-0.041007,0.998562,0.133544,-0.029548,0.042165,0.020452,-0.129444,-0.426885,
1624923977.000000,798183441.000000,0.038075,-0.008372,-0.000451,0.003793,0.035356,-0.061178,0.997493,0.105494,-0.026797,0.034132,-0.023990,-0.216684,-0.404020,
1624923977.000000,803187370.000000,0.038680,-0.008582,-0.000338,0.003692,0.034739,-0.062165,0.997454,0.113716,-0.026906,0.031701,0.038294,-0.251359,-0.393183,
1624923977.000000,808190346.000000,0.039236,-0.008788,-0.000221,0.003890,0.034262,-0.063184,0.997406,0.113258,-0.027056,0.030765,0.161422,-0.089297,-0.419850,
1624923977.000000,813193321.000000,0.039594,-0.008792,-0.000536,0.003984,0.034258,-0.064339,0.997332,0.112458,-0.023779,0.016199,-0.021814,-0.161716,-0.424507,
1624923977.000000,818196535.000000,0.040391,-0.008939,-0.000426,0.003679,0.033895,-0.065385,0.997278,0.137316,-0.015460,0.022965,-0.078606,-0.013469,-0.426390,
1624923977.000000,823199511.000000,0.041083,-0.009103,-0.000365,0.003641,0.034160,-0.066455,0.997198,0.144086,-0.012867,0.023243,0.042328,0.115949,-0.427628,
1624923977.000000,828202486.000000,0.041812,-0.009260,-0.000293,0.003787,0.034446,-0.067523,0.997116,0.150851,-0.010238,0.024623,0.080470,0.180309,-0.428561,
1624923977.000000,833205462.000000,0.042502,-0.009424,-0.000268,0.003925,0.034984,-0.068604,0.997023,0.147921,-0.010991,0.019517,0.003006,0.194753,-0.435024,
1624923977.000000,838208437.000000,0.043240,-0.009579,-0.000226,0.003843,0.035362,-0.069692,0.996934,0.150947,-0.009700,0.019383,-0.022381,0.122621,-0.441388,
1624923977.000000,843211412.000000,0.044215,-0.009931,-0.000930,0.003842,0.035861,-0.070887,0.996832,0.157172,-0.011029,-0.016008,-0.014244,0.101266,-0.438370,
1624923977.000000,888239622.000000,0.050061,-0.012060,-0.000763,0.004196,0.036452,-0.080906,0.996046,0.123749,-0.031230,0.047045,0.040972,-0.052427,-0.417261,
1624923977.000000,893242598.000000,0.050661,-0.012322,-0.000544,0.004221,0.036136,-0.081924,0.995974,0.119745,-0.033133,0.054702,0.039813,-0.168839,-0.403239,
1624923977.000000,898245573.000000,0.051215,-0.012520,-0.000598,0.004248,0.035684,-0.082943,0.995906,0.114671,-0.027348,0.025869,0.031566,-0.186537,-0.411844,
1624923977.000000,903248549.000000,0.051752,-0.012748,-0.000511,0.004235,0.035248,-0.083984,0.995835,0.109977,-0.026727,0.021475,0.023877,-0.153741,-0.419334,
1624923977.000000,908252478.000000,0.052268,-0.012971,-0.000454,0.004235,0.034848,-0.085033,0.995760,0.105448,-0.026121,0.016705,0.032511,-0.193461,-0.418273,
1624923977.000000,913255453.000000,0.052714,-0.012840,-0.001077,0.004170,0.034427,-0.086136,0.995680,0.102890,-0.019134,0.000977,0.031512,-0.122506,-0.422629,
1624923977.000000,918258429.000000,0.053195,-0.013020,-0.001114,0.004181,0.034272,-0.087196,0.995593,0.098898,-0.018553,-0.002154,0.014478,-0.029295,-0.423763,
1624923977.000000,923261404.000000,0.053655,-0.013195,-0.001162,0.004169,0.034233,-0.088249,0.995501,0.094869,-0.017992,-0.005159,0.015401,-0.000094,-0.422643,
1624923977.000000,928264380.000000,0.054738,-0.013420,-0.001212,0.004203,0.034317,-0.089306,0.995404,0.135113,-0.013376,-0.004132,0.034677,0.078172,-0.424795,
1624923977.000000,933267593.000000,0.055404,-0.013605,-0.001307,0.004264,0.034629,-0.090374,0.995297,0.140486,-0.011881,-0.007373,0.008231,0.168436,-0.434346,
1624923977.000000,983298540.000000,0.062385,-0.016503,-0.000825,0.004574,0.036565,-0.101630,0.994139,0.131982,-0.035103,0.062582,0.111413,0.038712,-0.439882,
1624923977.000000,988301516.000000,0.062892,-0.016706,-0.000844,0.004775,0.036635,-0.102730,0.994023,0.116323,-0.027860,0.036963,0.059398,0.021234,-0.438794,
1624923977.000000,993304729.000000,0.063426,-0.016959,-0.000691,0.004819,0.036528,-0.103801,0.993915,0.109356,-0.027376,0.037013,0.038632,-0.137326,-0.410159,
1624923977.000000,998307705.000000,0.063923,-0.017204,-0.000537,0.004825,0.036002,-0.104795,0.993830,0.102253,-0.026944,0.036783,0.025288,-0.242155,-0.394983,
1624923978.000000,3310442.000000,0.064393,-0.017441,-0.000381,0.004776,0.035399,-0.105807,0.993745,0.095714,-0.026534,0.036705,0.032309,-0.243691,-0.418516,
1624923978.000000,8313656.000000,0.064983,-0.017708,-0.000304,0.004778,0.034829,-0.106875,0.993651,0.107746,-0.026571,0.028456,0.033808,-0.199416,-0.430366,
1624923978.000000,13316631.000000,0.065717,-0.017696,-0.001220,0.004626,0.034454,-0.107966,0.993547,0.122096,-0.022326,0.008510,0.032529,-0.104944,-0.426134,
1624923978.000000,18320560.000000,0.066293,-0.017937,-0.001224,0.004657,0.034283,-0.109023,0.993437,0.123035,-0.021996,0.006526,0.032684,-0.038045,-0.420814,
1624923978.000000,23323774.000000,0.067033,-0.018183,-0.001214,0.004683,0.034288,-0.110067,0.993321,0.139792,-0.018473,0.008280,0.014543,0.060094,-0.419726,
1624923978.000000,28326511.000000,0.067711,-0.018427,-0.001222,0.004700,0.034497,-0.111116,0.993197,0.145472,-0.017140,0.007754,0.016544,0.070380,-0.425057,
1624923978.000000,73354483.000000,0.074173,-0.020763,-0.001053,0.004574,0.036087,-0.121066,0.991978,0.149089,-0.019333,0.023018,0.053875,0.092961,-0.449678,
1624923978.000000,78357458.000000,0.074465,-0.020967,-0.001401,0.004746,0.036057,-0.122224,0.991836,0.136944,-0.024441,0.031904,0.083927,0.150695,-0.459289,
1624923978.000000,83360672.000000,0.075018,-0.021238,-0.001227,0.004967,0.036399,-0.123363,0.991681,0.125308,-0.026353,0.042758,0.093336,0.141860,-0.444530,
1624923978.000000,88363409.000000,0.075598,-0.021526,-0.001048,0.005176,0.036615,-0.124442,0.991538,0.121254,-0.028156,0.049757,0.074331,0.019463,-0.425161,
1624923978.000000,93366385.000000,0.076158,-0.021819,-0.000832,0.005274,0.036488,-0.125491,0.991410,0.117116,-0.029992,0.056721,0.053861,-0.078890,-0.413541,
1624923978.000000,98369598.000000,0.076675,-0.022062,-0.000784,0.005306,0.036177,-0.126503,0.991292,0.110266,-0.024952,0.034472,0.026359,-0.194538,-0.398598,
1624923978.000000,103372574.000000,0.077174,-0.022319,-0.000664,0.005241,0.035529,-0.127493,0.991189,0.105134,-0.024095,0.030325,0.031394,-0.302269,-0.400670,
1624923978.000000,108375549.000000,0.077612,-0.022394,-0.001603,0.005114,0.034860,-0.128525,0.991080,0.096935,-0.019396,0.003641,0.033880,-0.232464,-0.418910,
1624923978.000000,113379717.000000,0.078297,-0.022683,-0.001538,0.005093,0.034476,-0.129590,0.990955,0.121397,-0.019568,0.012191,0.024078,-0.082552,-0.437011,
1624923978.000000,118382454.000000,0.078864,-0.022935,-0.001519,0.005111,0.034358,-0.130671,0.990817,0.125372,-0.019023,0.012457,0.035818,-0.033531,-0.424354,
1624923978.000000,168413401.000000,0.085770,-0.025951,-0.001548,0.005121,0.036224,-0.141579,0.989251,0.147826,-0.013568,0.000434,-0.014320,0.009509,-0.434918,
1624923978.000000,173416376.000000,0.086455,-0.026222,-0.001599,0.005088,0.036168,-0.142651,0.989099,0.146533,-0.013422,0.000518,0.026315,-0.069872,-0.433810,
1624923978.000000,178419352.000000,0.086762,-0.026660,-0.001510,0.005195,0.035740,-0.143803,0.988947,0.138624,-0.027457,0.037138,0.078461,0.087724,-0.462615,
1624923978.000000,183422327.000000,0.087392,-0.027000,-0.001351,0.005455,0.036171,-0.144978,0.988758,0.137666,-0.030615,0.047665,0.102060,0.209564,-0.472423,
1624923978.000000,188425541.000000,0.088024,-0.027359,-0.001138,0.005733,0.036570,-0.146120,0.988574,0.137296,-0.033766,0.058448,0.107217,0.136554,-0.440392,
1624923978.000000,193428516.000000,0.088549,-0.027629,-0.001104,0.005935,0.036701,-0.147170,0.988412,0.121277,-0.026762,0.036103,0.048936,-0.041002,-0.406193,
1624923978.000000,198431492.000000,0.089085,-0.027931,-0.000975,0.005912,0.036380,-0.148171,0.988275,0.114788,-0.025946,0.034391,0.023840,-0.184841,-0.408260,
1624923978.000000,203434467.000000,0.089591,-0.028220,-0.000849,0.005858,0.035832,-0.149194,0.988141,0.108389,-0.025148,0.032702,0.014781,-0.259538,-0.408463,
1624923978.000000,208437443.000000,0.090171,-0.028545,-0.000707,0.005759,0.035135,-0.150200,0.988014,0.117926,-0.026455,0.035126,0.038808,-0.291588,-0.404066,
1624923978.000000,213440418.000000,0.090483,-0.028750,-0.001649,0.005646,0.034476,-0.151185,0.987888,0.112476,-0.024873,0.011054,0.046832,-0.190287,-0.412628,
1624923978.000000,263471603.000000,0.096362,-0.031556,-0.001185,0.005807,0.036132,-0.162019,0.986109,0.136354,-0.011165,0.003426,-0.010859,0.023705,-0.446764,
1624923978.000000,268475533.000000,0.096990,-0.031826,-0.001222,0.005731,0.036214,-0.163104,0.985927,0.136244,-0.010536,0.001949,-0.026862,0.007548,-0.434003,
1624923978.000000,273478746.000000,0.097602,-0.032124,-0.001149,0.005639,0.036219,-0.164169,0.985751,0.134130,-0.014636,0.016294,-0.004627,0.007944,-0.436052,
1624923978.000000,278481483.000000,0.098655,-0.032849,-0.001644,0.005641,0.035792,-0.165262,0.985584,0.137342,-0.022628,0.025606,0.050881,0.005291,-0.445748,
1624923978.000000,283484459.000000,0.099271,-0.033185,-0.001552,0.005796,0.035816,-0.166383,0.985393,0.136258,-0.023899,0.030672,0.095732,0.056752,-0.461671,
1624923978.000000,288487434.000000,0.099820,-0.033550,-0.001345,0.006065,0.036075,-0.167542,0.985186,0.129033,-0.029607,0.045329,0.111693,0.190420,-0.467104,
1624923978.000000,293490410.000000,0.100383,-0.033912,-0.001148,0.006345,0.036469,-0.168662,0.984979,0.125605,-0.032302,0.052956,0.078767,0.083524,-0.427750,
1624923978.000000,298493385.000000,0.100926,-0.034283,-0.000914,0.006441,0.036390,-0.169667,0.984808,0.122195,-0.035047,0.060458,0.045488,-0.098064,-0.391295,
1624923978.000000,303496361.000000,0.101418,-0.034570,-0.000870,0.006412,0.035981,-0.170633,0.984657,0.112016,-0.026876,0.034836,0.010533,-0.246681,-0.393458,
1624923978.000000,308499575.000000,0.101897,-0.034881,-0.000749,0.006275,0.035282,-0.171630,0.984510,0.106061,-0.025304,0.029779,0.024046,-0.277233,-0.412698,
1624923978.000000,398555756.000000,0.112654,-0.041463,-0.001352,0.007038,0.036295,-0.191191,0.980856,0.121384,-0.030955,0.035300,0.054260,0.056488,-0.425605,
1624923978.000000,403558254.000000,0.113157,-0.041833,-0.001221,0.007078,0.036149,-0.192192,0.980666,0.116280,-0.030465,0.034605,0.028758,-0.184234,-0.387217,
1624923978.000000,408561468.000000,0.113751,-0.042189,-0.001655,0.006973,0.035582,-0.193158,0.980498,0.104398,-0.026195,0.017825,0.017096,-0.288018,-0.403086,
1624923978.000000,413564444.000000,0.114280,-0.042546,-0.001617,0.006859,0.034950,-0.194190,0.980317,0.111135,-0.025696,0.015756,0.026625,-0.220588,-0.426795,
1624923978.000000,418567419.000000,0.114745,-0.042876,-0.001584,0.006813,0.034477,-0.195250,0.980124,0.109319,-0.025229,0.013717,0.038458,-0.166358,-0.433079,
1624923978.000000,423571587.000000,0.115202,-0.043201,-0.001559,0.006808,0.034125,-0.196315,0.979923,0.107657,-0.024766,0.011796,0.043730,-0.099894,-0.426750,
1624923978.000000,428574562.000000,0.115787,-0.043567,-0.001555,0.006830,0.034018,-0.197371,0.979715,0.126060,-0.022772,0.009896,0.008762,0.029318,-0.440427,
1624923978.000000,433577299.000000,0.116341,-0.043921,-0.001555,0.006834,0.034183,-0.198460,0.979489,0.131922,-0.021648,0.008815,0.022113,0.067018,-0.438561,
1624923978.000000,438580513.000000,0.116922,-0.044282,-0.001558,0.006916,0.034341,-0.199524,0.979267,0.137699,-0.020508,0.007993,0.026980,0.091641,-0.436169,
1624923978.000000,443583488.000000,0.117808,-0.045164,-0.001114,0.007093,0.034893,-0.200605,0.979025,0.152047,-0.019887,0.009964,-0.001004,0.126990,-0.434158,
1624923978.000000,493614435.000000,0.123676,-0.048521,-0.001771,0.007352,0.035789,-0.211481,0.976699,0.128300,-0.027904,0.041819,0.125829,-0.027519,-0.440393,
1624923978.000000,498617649.000000,0.124205,-0.048922,-0.001605,0.007568,0.035771,-0.212572,0.976461,0.125008,-0.030467,0.048117,0.047469,0.042214,-0.445776,
1624923978.000000,503620625.000000,0.124720,-0.049333,-0.001414,0.007585,0.035812,-0.213635,0.976228,0.122237,-0.033059,0.053612,0.034694,-0.046316,-0.411853,
1624923978.000000,508623600.000000,0.125728,-0.049324,-0.002430,0.007548,0.035504,-0.214604,0.976026,0.111803,-0.014239,0.011839,0.026030,-0.217474,-0.389197,
1624923978.000000,513626814.000000,0.126199,-0.049616,-0.002418,0.007416,0.034898,-0.215579,0.975835,0.106702,-0.012536,0.008823,0.017096,-0.240173,-0.408453,
1624923978.000000,518629551.000000,0.126648,-0.049889,-0.002419,0.007340,0.034383,-0.216613,0.975624,0.101559,-0.010843,0.005680,0.042823,-0.179215,-0.431975,
1624923978.000000,523632526.000000,0.127289,-0.050294,-0.002353,0.007331,0.034009,-0.217676,0.975401,0.123892,-0.014089,0.013417,0.035516,-0.110505,-0.426722,
1624923978.000000,528636456.000000,0.127834,-0.050628,-0.002325,0.007328,0.033821,-0.218711,0.975176,0.127771,-0.013925,0.014245,0.033120,-0.040473,-0.424403,
1624923978.000000,533639431.000000,0.128394,-0.050970,-0.002292,0.007372,0.033825,-0.219768,0.974938,0.131380,-0.013742,0.015240,0.020602,0.064153,-0.441522,
1624923978.000000,538642406.000000,0.128992,-0.051298,-0.002313,0.007417,0.034102,-0.220846,0.974684,0.137428,-0.009286,0.008368,0.002277,0.145061,-0.436309,
1624923978.000000,578666449.000000,0.135292,-0.054972,-0.003232,0.007381,0.035309,-0.229505,0.972639,0.160047,-0.006659,-0.004281,0.008799,0.058597,-0.441492,
1624923978.000000,583670616.000000,0.135988,-0.055361,-0.003309,0.007439,0.035440,-0.230576,0.972380,0.160772,-0.006884,-0.004124,0.049218,0.024366,-0.443570,
1624923978.000000,588673592.000000,0.136561,-0.055792,-0.003044,0.007587,0.035481,-0.231679,0.972115,0.149930,-0.016053,0.028631,0.086627,0.078387,-0.458563,
1624923978.000000,593676567.000000,0.137192,-0.056211,-0.002931,0.007827,0.035706,-0.232803,0.971837,0.147255,-0.018829,0.037888,0.083476,0.093469,-0.456495,
1624923978.000000,598679543.000000,0.137811,-0.056639,-0.002776,0.008003,0.035742,-0.233888,0.971573,0.144948,-0.021617,0.046987,0.086449,-0.038426,-0.426665,
1624923978.000000,603682518.000000,0.138392,-0.057011,-0.002753,0.008121,0.035535,-0.234914,0.971332,0.137001,-0.017307,0.030779,0.060125,-0.066556,-0.421128,
1624923978.000000,608685493.000000,0.138157,-0.057527,-0.002597,0.008206,0.035455,-0.235940,0.971086,0.115506,-0.018793,0.027042,0.009915,-0.104747,-0.420301,
1624923978.000000,613688469.000000,0.138620,-0.057873,-0.002515,0.008110,0.035069,-0.236951,0.970855,0.109748,-0.018871,0.025930,0.040498,-0.208018,-0.408509,
1624923978.000000,618691683.000000,0.139195,-0.058244,-0.002551,0.008057,0.034496,-0.237944,0.970633,0.119359,-0.015713,0.013852,0.028431,-0.229391,-0.404233,
1624923978.000000,623695612.000000,0.139691,-0.058589,-0.002525,0.007951,0.034047,-0.238946,0.970403,0.118511,-0.014805,0.011058,0.028742,-0.114022,-0.422290,
1624923978.000000,673726559.000000,0.145287,-0.063172,-0.002103,0.008115,0.035298,-0.249508,0.967695,0.149180,-0.008499,0.013747,-0.027405,0.023780,-0.440472,
1624923978.000000,678728580.000000,0.145885,-0.063661,-0.003079,0.008061,0.035175,-0.250562,0.967428,0.143348,-0.018105,0.014651,-0.013379,0.073870,-0.451092,
1624923978.000000,683731318.000000,0.146457,-0.064088,-0.003026,0.008084,0.035338,-0.251649,0.967139,0.141586,-0.019964,0.020641,0.044982,0.034919,-0.437432,
1624923978.000000,688735485.000000,0.147019,-0.064522,-0.002938,0.008227,0.035348,-0.252695,0.966865,0.139792,-0.021839,0.026892,0.078441,0.026837,-0.431832,
1624923978.000000,693738461.000000,0.147533,-0.064945,-0.002799,0.008396,0.035407,-0.253761,0.966582,0.131544,-0.024160,0.037227,0.074960,0.039038,-0.441594,
1624923978.000000,698741436.000000,0.148048,-0.065381,-0.002643,0.008572,0.035463,-0.254832,0.966297,0.127506,-0.026224,0.044556,0.083497,0.051411,-0.437322,
1624923978.000000,703744650.000000,0.148539,-0.065817,-0.002448,0.008741,0.035462,-0.255874,0.966020,0.123570,-0.028308,0.052037,0.071899,-0.061155,-0.416038,
1624923978.000000,708747625.000000,0.148254,-0.066871,-0.002333,0.008826,0.035129,-0.256844,0.965774,0.118069,-0.040677,0.051664,0.052594,-0.185940,-0.396786,
1624923978.000000,713750362.000000,0.148709,-0.067231,-0.002449,0.008760,0.034646,-0.257820,0.965532,0.113940,-0.030416,0.023455,0.016540,-0.176440,-0.414772,
1624923978.000000,718753576.000000,0.149128,-0.067643,-0.002386,0.008645,0.034243,-0.258843,0.965273,0.109911,-0.028954,0.019817,0.024703,-0.177950,-0.418269,
1624923978.000000,803806305.000000,0.157466,-0.075022,-0.002184,0.009194,0.035362,-0.276982,0.960180,0.119137,-0.027432,0.045526,0.067376,0.039136,-0.443690,
1624923978.000000,808809519.000000,0.157540,-0.075433,-0.002617,0.009312,0.035253,-0.277976,0.959896,0.105037,-0.028604,0.028007,0.065470,-0.121835,-0.413759,
1624923978.000000,813812494.000000,0.157902,-0.075833,-0.002518,0.009264,0.034748,-0.278953,0.959631,0.098996,-0.028950,0.027616,0.036663,-0.250633,-0.398722,
1624923978.000000,818815470.000000,0.158234,-0.076217,-0.002415,0.009146,0.034165,-0.279939,0.959366,0.092650,-0.029324,0.026979,0.043903,-0.188302,-0.422155,
1624923978.000000,823818684.000000,0.158728,-0.076655,-0.002439,0.009112,0.033773,-0.280981,0.959076,0.106460,-0.025248,0.015635,0.033630,-0.158681,-0.430896,
1624923978.000000,828822613.000000,0.159113,-0.077050,-0.002398,0.009033,0.033418,-0.282012,0.958786,0.106163,-0.024333,0.012803,0.027932,-0.094064,-0.427520,
1624923978.000000,833825350.000000,0.159497,-0.077440,-0.002371,0.009039,0.033319,-0.283042,0.958486,0.105801,-0.023418,0.010056,0.017602,-0.001092,-0.427594,
1624923978.000000,838828564.000000,0.159970,-0.077867,-0.002332,0.009049,0.033392,-0.284066,0.958180,0.118883,-0.020535,0.012173,0.013058,0.068396,-0.427558,
1624923978.000000,843831539.000000,0.161121,-0.078879,-0.002134,0.009166,0.033816,-0.285109,0.957855,0.148716,-0.017448,0.016111,0.024899,0.059285,-0.425393,
1624923978.000000,848834515.000000,0.161710,-0.079363,-0.002109,0.009226,0.033902,-0.286139,0.957544,0.153637,-0.015613,0.014590,0.029199,0.037472,-0.438073,
1624923978.000000,893862247.000000,0.166485,-0.083591,-0.002808,0.009159,0.034666,-0.295855,0.954560,0.142670,-0.022730,0.032988,0.083592,0.164928,-0.462735,
1624923978.000000,898865461.000000,0.166968,-0.084061,-0.002671,0.009444,0.034997,-0.296939,0.954208,0.133933,-0.023828,0.040440,0.084615,0.120928,-0.442391,
1624923978.000000,903868437.000000,0.167455,-0.084545,-0.002500,0.009665,0.035127,-0.297985,0.953875,0.130475,-0.025247,0.047609,0.088781,0.052334,-0.431718,
1624923978.000000,908871412.000000,0.167745,-0.085322,-0.002511,0.009946,0.035234,-0.299003,0.953550,0.118852,-0.031132,0.048359,0.054925,-0.093040,-0.416921,
1624923978.000000,913874388.000000,0.168162,-0.085733,-0.002521,0.009870,0.034786,-0.299988,0.953257,0.113749,-0.025737,0.028682,0.038600,-0.241070,-0.406195,
1624923978.000000,918877363.000000,0.168554,-0.086162,-0.002425,0.009745,0.034133,-0.300967,0.952974,0.109190,-0.024987,0.025855,0.049481,-0.272715,-0.407286,
1624923978.000000,923880339.000000,0.168922,-0.086572,-0.002337,0.009638,0.033551,-0.301973,0.952677,0.104191,-0.024258,0.023428,0.033549,-0.166983,-0.435964,
1624923978.000000,928884506.000000,0.169410,-0.087048,-0.002245,0.009583,0.033314,-0.303042,0.952347,0.121983,-0.021769,0.024695,0.017435,-0.044549,-0.446874,
1624923978.000000,933887482.000000,0.169861,-0.087497,-0.002167,0.009560,0.033194,-0.304091,0.952017,0.126352,-0.020296,0.023742,0.029140,-0.087714,-0.432848,
1624923978.000000,938890696.000000,0.170333,-0.087954,-0.002093,0.009567,0.033033,-0.305134,0.951688,0.130522,-0.018805,0.022815,0.042036,0.043104,-0.446617,
1624923978.000000,983918667.000000,0.175445,-0.092412,-0.003816,0.009378,0.034162,-0.314738,0.948517,0.140668,-0.012679,-0.007469,-0.020794,-0.089431,-0.443587,
1624923978.000000,988921642.000000,0.175958,-0.092876,-0.003907,0.009338,0.034023,-0.315799,0.948170,0.138400,-0.013051,-0.006263,0.080067,0.008811,-0.459369,
1624923978.000000,993924618.000000,0.176462,-0.093385,-0.003886,0.009612,0.034135,-0.316921,0.947789,0.139474,-0.018805,0.011167,0.087428,0.128196,-0.471384,
1624923978.000000,998927832.000000,0.176961,-0.093887,-0.003857,0.009866,0.034522,-0.318033,0.947399,0.138956,-0.021314,0.020574,0.066184,0.246337,-0.469069,
1624923979.000000,3930569.000000,0.177453,-0.094402,-0.003779,0.010189,0.035016,-0.319115,0.947014,0.138770,-0.023823,0.029992,0.074172,0.134304,-0.429888,
1624923979.000000,8933544.000000,0.177764,-0.095409,-0.002992,0.010528,0.035319,-0.320122,0.946659,0.125726,-0.025925,0.035001,0.069671,-0.085363,-0.401862,
1624923979.000000,13936758.000000,0.178183,-0.095891,-0.002870,0.010521,0.034902,-0.321097,0.946344,0.119390,-0.025489,0.033496,0.055968,-0.232168,-0.416908,
1624923979.000000,18939734.000000,0.178577,-0.096353,-0.002748,0.010357,0.034197,-0.322114,0.946026,0.113091,-0.025076,0.032089,0.033493,-0.328778,-0.429772,
1624923979.000000,23943424.000000,0.179067,-0.096890,-0.002663,0.010152,0.033474,-0.323153,0.945700,0.128817,-0.024851,0.027813,0.033448,-0.227524,-0.441434,
1624923979.000000,28946638.000000,0.179512,-0.097391,-0.002575,0.010073,0.033121,-0.324213,0.945350,0.131094,-0.024482,0.025173,0.022967,-0.079364,-0.447874,
1624923979.000000,73974609.000000,0.184333,-0.102049,-0.002693,0.010161,0.034407,-0.333797,0.941962,0.155745,-0.008547,0.008354,-0.011102,0.005161,-0.459571,
1624923979.000000,78977585.000000,0.184779,-0.102411,-0.003519,0.010048,0.034262,-0.334830,0.941602,0.144862,-0.011576,-0.002102,-0.039860,-0.009997,-0.452098,
1624923979.000000,83980560.000000,0.185301,-0.102912,-0.003588,0.009891,0.034268,-0.335890,0.941226,0.144185,-0.011634,-0.002920,-0.034766,-0.046491,-0.448992,
1624923979.000000,88983536.000000,0.185790,-0.103484,-0.003346,0.009845,0.034168,-0.336953,0.940850,0.143562,-0.019582,0.028396,0.080129,-0.000730,-0.456357,
1624923979.000000,93986511.000000,0.186284,-0.104025,-0.003243,0.010142,0.034232,-0.338053,0.940450,0.142790,-0.022039,0.035950,0.121423,0.124892,-0.470289,
1624923979.000000,98989487.000000,0.186769,-0.104577,-0.003093,0.010462,0.034554,-0.339167,0.940033,0.142161,-0.024486,0.044722,0.067637,0.194859,-0.471369,
1624923979.000000,103992701.000000,0.187221,-0.105057,-0.002999,0.010721,0.034975,-0.340248,0.939624,0.132500,-0.020100,0.038236,0.057888,0.175882,-0.441601,
1624923979.000000,108995676.000000,0.187862,-0.105511,-0.002989,0.011031,0.035203,-0.341242,0.939251,0.124463,-0.016915,0.036508,0.062451,-0.050319,-0.405249,
1624923979.000000,113998413.000000,0.188284,-0.105975,-0.002851,0.010980,0.034783,-0.342186,0.938924,0.119653,-0.016743,0.037474,0.045223,-0.226480,-0.396677,
1624923979.000000,119001627.000000,0.188699,-0.106422,-0.002793,0.010832,0.034153,-0.343152,0.938596,0.116270,-0.015710,0.028542,0.050508,-0.293455,-0.421193,
1624923979.000000,164029598.000000,0.193919,-0.111671,-0.003311,0.010679,0.033958,-0.352481,0.935142,0.165235,-0.003345,0.007809,-0.011359,0.003493,-0.457322,
1624923979.000000,169032574.000000,0.194532,-0.112231,-0.003329,0.010649,0.034022,-0.353579,0.934725,0.166043,-0.002724,0.007444,-0.008862,0.031614,-0.477759,
1624923979.000000,174035311.000000,0.194301,-0.112615,-0.004210,0.010511,0.033873,-0.354637,0.934331,0.153930,-0.008738,-0.003091,-0.029298,0.023323,-0.479876,
1624923979.000000,179039478.000000,0.194849,-0.113159,-0.004287,0.010402,0.033913,-0.355738,0.933912,0.154640,-0.008154,-0.003206,-0.024050,-0.024463,-0.461755,
1624923979.000000,183842897.000000,0.195365,-0.113747,-0.004222,0.010364,0.033928,-0.356804,0.933505,0.154349,-0.013250,0.010005,0.034474,0.073391,-0.457367,
1624923979.000000,188846111.000000,0.195896,-0.114315,-0.004218,0.010531,0.034149,-0.357877,0.933085,0.154492,-0.014332,0.013110,0.038141,0.088569,-0.457500,
1624923979.000000,193849087.000000,0.196423,-0.114890,-0.004203,0.010659,0.034308,-0.358942,0.932668,0.154642,-0.015416,0.015792,0.071522,0.116774,-0.456358,
1624923979.000000,198852062.000000,0.196887,-0.115439,-0.004089,0.010971,0.034560,-0.360013,0.932242,0.144608,-0.018924,0.030521,0.100950,0.122257,-0.457463,
1624923979.000000,203855276.000000,0.197356,-0.115999,-0.003966,0.011255,0.034729,-0.361080,0.931820,0.140695,-0.020996,0.038871,0.103721,0.117025,-0.451086,
1624923979.000000,208858252.000000,0.197067,-0.116688,-0.003421,0.011576,0.034872,-0.362114,0.931409,0.124786,-0.032124,0.072309,0.054016,-0.082885,-0.416040,
1624923979.000000,303916931.000000,0.205962,-0.127063,-0.004195,0.011760,0.034639,-0.381794,0.923523,0.132008,-0.017617,0.059146,0.084822,0.077561,-0.431983,
1624923979.000000,308920145.000000,0.206348,-0.127516,-0.004078,0.011875,0.034624,-0.382773,0.923117,0.119540,-0.013225,0.045230,0.047152,-0.078071,-0.413805,
1624923979.000000,313923120.000000,0.206518,-0.128094,-0.004541,0.011816,0.034343,-0.383732,0.922730,0.109575,-0.014477,0.009780,0.027096,-0.242810,-0.405318,
1624923979.000000,318927050.000000,0.206842,-0.128522,-0.004538,0.011561,0.033693,-0.384681,0.922362,0.102847,-0.014014,0.006683,0.018487,-0.297851,-0.410634,
1624923979.000000,323930264.000000,0.207296,-0.129069,-0.004547,0.011324,0.033038,-0.385663,0.921978,0.118241,-0.012823,0.005289,0.045084,-0.236476,-0.436186,
1624923979.000000,328933001.000000,0.207663,-0.129532,-0.004575,0.011217,0.032596,-0.386691,0.921565,0.117885,-0.012110,0.001942,0.025198,-0.121792,-0.438496,
1624923979.000000,333935976.000000,0.208031,-0.129991,-0.004620,0.011141,0.032450,-0.387691,0.921151,0.117641,-0.011403,-0.001373,0.008758,-0.006354,-0.431911,
1624923979.000000,338939190.000000,0.208486,-0.130522,-0.004664,0.011198,0.032548,-0.388692,0.920725,0.133221,-0.009199,-0.001720,0.032394,0.093283,-0.436246,
1624923979.000000,343942165.000000,0.208615,-0.131981,-0.003871,0.011467,0.032950,-0.389728,0.920269,0.156710,-0.015737,0.017099,0.026212,0.170574,-0.437330,
1624923979.000000,348945141.000000,0.209120,-0.132611,-0.003844,0.011615,0.033300,-0.390724,0.919832,0.163103,-0.014304,0.016548,0.011022,0.097930,-0.430900,
1624923979.000000,393972874.000000,0.213506,-0.137892,-0.004526,0.011738,0.034355,-0.400019,0.915787,0.150547,-0.017502,0.032946,0.115423,0.125810,-0.453271,
1624923979.000000,398976088.000000,0.213881,-0.138415,-0.004456,0.012087,0.034529,-0.401055,0.915323,0.133601,-0.017573,0.032710,0.084029,0.093589,-0.441618,
1624923979.000000,403979063.000000,0.214262,-0.138963,-0.004335,0.012229,0.034568,-0.402053,0.914882,0.126828,-0.018687,0.037509,0.071395,-0.024190,-0.429800,
1624923979.000000,408982038.000000,0.214463,-0.139698,-0.004168,0.012441,0.034525,-0.403031,0.914450,0.112436,-0.023145,0.041783,0.050888,-0.134602,-0.411832,
1624923979.000000,413985014.000000,0.214749,-0.140188,-0.003997,0.012289,0.034097,-0.403970,0.914054,0.105169,-0.024377,0.044409,0.021581,-0.235914,-0.409560,
1624923979.000000,418988943.000000,0.215123,-0.140667,-0.004099,0.012047,0.033474,-0.404919,0.913660,0.108556,-0.017425,0.018293,0.033503,-0.272423,-0.405477,
1624923979.000000,423992157.000000,0.215422,-0.141123,-0.004062,0.011838,0.032894,-0.405853,0.913270,0.104879,-0.016260,0.012440,0.022959,-0.208643,-0.410622,
1624923979.000000,428995132.000000,0.215711,-0.141561,-0.004054,0.011694,0.032520,-0.406811,0.912858,0.101151,-0.015107,0.006381,0.033353,-0.104777,-0.418243,
1624923979.000000,433998108.000000,0.216105,-0.142105,-0.003991,0.011683,0.032337,-0.407773,0.912436,0.120584,-0.013601,0.014150,0.036861,-0.051503,-0.422414,
1624923979.000000,439001083.000000,0.216470,-0.142611,-0.003963,0.011676,0.032240,-0.408743,0.912005,0.125873,-0.012263,0.014044,0.021754,-0.009536,-0.421413,
1624923979.000000,494035244.000000,0.221662,-0.148613,-0.003818,0.012192,0.034094,-0.419870,0.906862,0.138780,-0.007924,0.032734,0.093679,0.111741,-0.445846,
1624923979.000000,499038219.000000,0.222080,-0.149176,-0.003684,0.012503,0.034379,-0.420880,0.906379,0.136145,-0.010389,0.042413,0.080319,0.162861,-0.441641,
1624923979.000000,504041195.000000,0.222481,-0.149740,-0.003498,0.012778,0.034572,-0.421865,0.905909,0.133630,-0.012866,0.052095,0.080562,0.058695,-0.420368,
1624923979.000000,509044170.000000,0.223035,-0.150511,-0.004408,0.013080,0.034521,-0.422804,0.905469,0.117520,-0.009424,0.024673,0.050751,-0.125610,-0.397965,
1624923979.000000,514048100.000000,0.223380,-0.150991,-0.004326,0.012933,0.034053,-0.423712,0.905064,0.111068,-0.008401,0.022096,0.038879,-0.226811,-0.402163,
1624923979.000000,519051075.000000,0.223701,-0.151439,-0.004245,0.012725,0.033522,-0.424646,0.904649,0.104391,-0.007414,0.019765,0.010383,-0.219061,-0.411883,
1624923979.000000,524054050.000000,0.223999,-0.151853,-0.004155,0.012495,0.033053,-0.425580,0.904231,0.097357,-0.006460,0.018219,0.036524,-0.198802,-0.404417,
1624923979.000000,529057026.000000,0.224419,-0.152414,-0.004090,0.012369,0.032598,-0.426499,0.903816,0.116737,-0.005914,0.016174,0.028732,-0.169235,-0.403267,
1624923979.000000,534060001.000000,0.224778,-0.152894,-0.004028,0.012216,0.032290,-0.427432,0.903388,0.118806,-0.005065,0.014786,0.014223,-0.093058,-0.420323,
1624923979.000000,539062977.000000,0.225145,-0.153378,-0.003998,0.012199,0.032170,-0.428402,0.902933,0.120928,-0.004193,0.012424,0.041158,-0.000725,-0.432127,
1624923979.000000,584090948.000000,0.229163,-0.158736,-0.004747,0.012448,0.033662,-0.437377,0.898562,0.144599,0.003376,-0.001810,-0.009955,-0.004473,-0.448991,
1624923979.000000,589094162.000000,0.229575,-0.159353,-0.004567,0.012472,0.033758,-0.438403,0.898058,0.144328,-0.004565,0.024803,0.027404,0.080780,-0.458797,
1624923979.000000,594097137.000000,0.230002,-0.159946,-0.004471,0.012681,0.033970,-0.439433,0.897543,0.143825,-0.006816,0.033298,0.086986,0.146395,-0.459764,
1624923979.000000,599100113.000000,0.230420,-0.160549,-0.004327,0.013038,0.034210,-0.440466,0.897023,0.143410,-0.009054,0.042421,0.101149,0.133962,-0.453441,
1624923979.000000,604103327.000000,0.230790,-0.161051,-0.004211,0.013333,0.034369,-0.441470,0.896518,0.128326,-0.006086,0.040498,0.093352,0.094357,-0.438475,
1624923979.000000,609107256.000000,0.230439,-0.162122,-0.004368,0.013673,0.034351,-0.442438,0.896036,0.118570,-0.014889,0.035235,0.049996,-0.039624,-0.416170,
1624923979.000000,614109993.000000,0.230738,-0.162635,-0.004228,0.013563,0.034030,-0.443357,0.895596,0.112127,-0.015179,0.038075,0.033569,-0.219121,-0.398056,
1624923979.000000,619113207.000000,0.231093,-0.163163,-0.004274,0.013325,0.033416,-0.444262,0.895175,0.116336,-0.010856,0.017772,0.033952,-0.277672,-0.405432,
1624923979.000000,624116182.000000,0.231401,-0.163654,-0.004237,0.013076,0.032846,-0.445200,0.894733,0.113269,-0.009624,0.012907,0.024189,-0.199133,-0.420477,
1624923979.000000,629118919.000000,0.231705,-0.164131,-0.004225,0.012929,0.032492,-0.446147,0.894276,0.110451,-0.008404,0.007906,0.027425,-0.116102,-0.417286,
1624923979.000000,679150105.000000,0.234664,-0.169849,-0.004511,0.013342,0.033517,-0.455923,0.889288,0.139089,-0.002400,-0.007184,-0.025817,-0.002732,-0.456890,
1624923979.000000,684153080.000000,0.235017,-0.170432,-0.004495,0.013242,0.033518,-0.456926,0.888774,0.136915,-0.006026,0.002541,-0.017081,-0.030357,-0.444078,
1624923979.000000,689233780.000000,0.235389,-0.171006,-0.004522,0.013180,0.033526,-0.457910,0.888268,0.136347,-0.006404,0.004829,0.009374,0.045469,-0.447159,
1624923979.000000,694236755.000000,0.235757,-0.171580,-0.004542,0.013330,0.033700,-0.458915,0.887741,0.135742,-0.006776,0.006782,0.069080,0.109809,-0.453687,
1624923979.000000,699239969.000000,0.236078,-0.172162,-0.004420,0.013614,0.033846,-0.459927,0.887207,0.131120,-0.012845,0.027539,0.101235,0.099931,-0.456805,
1624923979.000000,704242945.000000,0.236400,-0.172742,-0.004306,0.013892,0.033954,-0.460939,0.886673,0.128676,-0.015498,0.036964,0.084119,0.080865,-0.445194,
1624923979.000000,709247112.000000,0.236003,-0.173405,-0.003453,0.014155,0.033982,-0.461925,0.886155,0.119821,-0.027569,0.071004,0.063756,0.033409,-0.431273,
1624923979.000000,714250088.000000,0.236235,-0.173811,-0.003465,0.014219,0.033874,-0.462862,0.885669,0.103218,-0.018682,0.040059,0.055233,-0.100008,-0.402625,
1624923979.000000,719252825.000000,0.236454,-0.174284,-0.003311,0.014087,0.033441,-0.463735,0.885231,0.096504,-0.017666,0.036412,0.035103,-0.246495,-0.383271,
1624923979.000000,724256039.000000,0.236654,-0.174724,-0.003178,0.013800,0.032833,-0.464610,0.884799,0.089271,-0.016692,0.032607,0.021106,-0.253224,-0.402463,
1624923979.000000,774286747.000000,0.240747,-0.180903,-0.004702,0.014070,0.033354,-0.474204,0.879670,0.157382,0.004533,-0.011248,0.000152,0.057244,-0.445359,
1624923979.000000,779289722.000000,0.241092,-0.181463,-0.004700,0.014009,0.033418,-0.475173,0.879146,0.146534,0.001696,-0.003100,-0.024815,0.010514,-0.448271,
1624923979.000000,784292936.000000,0.241495,-0.182063,-0.004765,0.013948,0.033511,-0.476166,0.878606,0.145238,0.002211,-0.002507,-0.021459,0.014610,-0.447524,
1624923979.000000,789295912.000000,0.241897,-0.182658,-0.004829,0.013881,0.033550,-0.477138,0.878078,0.143954,0.002712,-0.002102,-0.004482,0.000426,-0.445145,
1624923979.000000,794298887.000000,0.242252,-0.183280,-0.004745,0.013884,0.033558,-0.478116,0.877546,0.141819,-0.004611,0.018682,0.040248,0.010102,-0.436828,
1624923979.000000,799302101.000000,0.242614,-0.183895,-0.004680,0.014049,0.033611,-0.479091,0.877009,0.140866,-0.007235,0.027197,0.084020,0.123002,-0.464200,
1624923979.000000,804304838.000000,0.242461,-0.184913,-0.004601,0.014378,0.033696,-0.480092,0.876453,0.134217,-0.021502,0.051347,0.119083,0.164269,-0.458300,
1624923979.000000,809308767.000000,0.242723,-0.185420,-0.004552,0.014728,0.033816,-0.481066,0.875908,0.121317,-0.017505,0.040335,0.099029,0.038007,-0.430275,
1624923979.000000,814311981.000000,0.242975,-0.185980,-0.004389,0.014799,0.033668,-0.481995,0.875402,0.116291,-0.018099,0.043277,0.038135,-0.098031,-0.408044,
1624923979.000000,819314957.000000,0.243207,-0.186517,-0.004212,0.014629,0.033339,-0.482884,0.874927,0.111019,-0.018738,0.045750,0.008168,-0.194264,-0.405751,
1624923979.000000,859340191.000000,0.245202,-0.191198,-0.004161,0.014158,0.032198,-0.490300,0.870844,0.142345,-0.003027,0.009529,0.010537,0.144099,-0.429384,
1624923979.000000,864342928.000000,0.245567,-0.191820,-0.004169,0.014272,0.032453,-0.491227,0.870310,0.145456,-0.000704,0.006882,0.003981,0.080125,-0.428244,
1624923979.000000,869345903.000000,0.245948,-0.192449,-0.004193,0.014324,0.032631,-0.492177,0.869766,0.148723,0.001641,0.004118,-0.013949,0.088267,-0.451648,
1624923979.000000,874349117.000000,0.246384,-0.193457,-0.004868,0.014361,0.032832,-0.493182,0.869188,0.146201,-0.001342,-0.000355,-0.007828,0.063598,-0.461448,
1624923979.000000,879351854.000000,0.246753,-0.194085,-0.004925,0.014375,0.032946,-0.494176,0.868619,0.147057,-0.000050,-0.001343,-0.001208,0.044907,-0.454963,
1624923979.000000,884354830.000000,0.247130,-0.194715,-0.004982,0.014353,0.033035,-0.495152,0.868059,0.147952,0.001242,-0.002036,-0.019382,-0.017941,-0.444333,
1624923979.000000,889357805.000000,0.247436,-0.195327,-0.004929,0.014252,0.033039,-0.496111,0.867513,0.142381,-0.003179,0.008037,-0.012075,0.038077,-0.444256,
1624923979.000000,894360781.000000,0.247779,-0.195945,-0.004929,0.014306,0.033194,-0.497068,0.866958,0.141037,-0.003604,0.010490,0.019987,0.034386,-0.433748,
1624923979.000000,899363756.000000,0.248115,-0.196559,-0.004922,0.014375,0.033170,-0.498010,0.866417,0.139473,-0.004038,0.012607,0.075289,0.021317,-0.442042,
1624923979.000000,904367924.000000,0.248149,-0.197648,-0.004773,0.014726,0.033224,-0.498986,0.865847,0.135755,-0.021400,0.049492,0.102105,0.090646,-0.448707,
1624923979.000000,994423866.000000,0.252386,-0.208885,-0.004597,0.014757,0.032771,-0.515916,0.855885,0.142032,-0.004917,0.005752,-0.003816,0.037242,-0.443422,
1624923979.000000,999426842.000000,0.252631,-0.209541,-0.004429,0.014837,0.032822,-0.516869,0.855306,0.138505,-0.012206,0.027575,0.070962,0.052612,-0.446607,
1624923980.000000,4429817.000000,0.252576,-0.210596,-0.004158,0.015152,0.032910,-0.517811,0.854727,0.140609,-0.022798,0.052803,0.095677,0.010856,-0.450898,
1624923980.000000,9432793.000000,0.252796,-0.211279,-0.003920,0.015336,0.032842,-0.518798,0.854128,0.139395,-0.025014,0.061473,0.098493,0.058713,-0.468970,
1624923980.000000,14435768.000000,0.253001,-0.211840,-0.003847,0.015624,0.032948,-0.519808,0.853505,0.128059,-0.021550,0.048671,0.073234,0.102094,-0.462755,
1624923980.000000,19438982.000000,0.253206,-0.212469,-0.003650,0.015759,0.032975,-0.520752,0.852925,0.123854,-0.022088,0.051481,0.049463,-0.055691,-0.414761,
1624923980.000000,24441957.000000,0.253396,-0.213079,-0.003434,0.015629,0.032633,-0.521612,0.852415,0.119361,-0.022682,0.054240,0.025233,-0.197457,-0.395348,
1624923980.000000,29444695.000000,0.253602,-0.213649,-0.003307,0.015336,0.032153,-0.522480,0.851907,0.115703,-0.017785,0.041242,0.014319,-0.246867,-0.411479,
1624923980.000000,34447908.000000,0.253792,-0.214206,-0.003151,0.015051,0.031638,-0.523388,0.851374,0.111708,-0.016199,0.037580,0.038932,-0.193175,-0.429607,
1624923980.000000,39451838.000000,0.254168,-0.214845,-0.004853,0.014755,0.031227,-0.524321,0.850820,0.117797,-0.009716,-0.000592,0.042295,-0.137438,-0.428657,
1624923980.000000,84479094.000000,0.256687,-0.220940,-0.004647,0.015375,0.032405,-0.532742,0.845517,0.153518,0.002083,0.000737,-0.011194,0.088610,-0.465891,
1624923980.000000,89481831.000000,0.256993,-0.221610,-0.004653,0.015436,0.032631,-0.533712,0.844895,0.149880,-0.000347,0.006878,-0.013264,0.041057,-0.449970,
1624923980.000000,94485998.000000,0.257312,-0.222286,-0.004671,0.015379,0.032681,-0.534645,0.844304,0.149255,-0.000521,0.008822,-0.012273,0.025776,-0.441270,
1624923980.000000,99488974.000000,0.257629,-0.222963,-0.004674,0.015427,0.032812,-0.535582,0.843705,0.148623,-0.000694,0.010598,0.030227,0.063910,-0.446703,
1624923980.000000,104491949.000000,0.257941,-0.223638,-0.004670,0.015617,0.032891,-0.536536,0.843092,0.148028,-0.000863,0.012482,0.095345,0.089846,-0.457310,
1624923980.000000,109495163.000000,0.259553,-0.224878,-0.006492,0.015814,0.032814,-0.537445,0.842512,0.141289,-0.001381,0.034335,0.098708,0.045863,-0.446790,
1624923980.000000,114498138.000000,0.259843,-0.225531,-0.006347,0.015987,0.032757,-0.538380,0.841913,0.138227,-0.004229,0.045257,0.080301,0.015634,-0.442332,
1624923980.000000,119500637.000000,0.260113,-0.226180,-0.006145,0.016111,0.032687,-0.539315,0.841316,0.135191,-0.007084,0.056176,0.061270,-0.021991,-0.433995,
1624923980.000000,124503851.000000,0.260446,-0.226670,-0.006368,0.016056,0.032460,-0.540207,0.840753,0.125023,0.004713,0.017058,0.030316,-0.172347,-0.407283,
1624923980.000000,129506826.000000,0.260727,-0.227221,-0.006332,0.015752,0.031948,-0.541061,0.840229,0.120045,0.006155,0.013186,0.020659,-0.272597,-0.399738,
1624923980.000000,179537773.000000,0.265222,-0.235337,-0.009581,0.015892,0.032131,-0.550173,0.834281,0.178545,0.034528,-0.037275,0.005977,-0.033900,-0.449987,
1624923980.000000,184541941.000000,0.265678,-0.236089,-0.009785,0.015788,0.032070,-0.551132,0.833652,0.177891,0.030858,-0.033074,-0.026944,-0.004915,-0.472313,
1624923980.000000,189529657.000000,0.266161,-0.236833,-0.010002,0.015742,0.032217,-0.552120,0.832993,0.177853,0.031275,-0.031781,-0.014614,0.069007,-0.470370,
1624923980.000000,194532871.000000,0.266645,-0.237580,-0.010215,0.015822,0.032406,-0.553073,0.832352,0.178116,0.031678,-0.030576,0.001869,0.097334,-0.449965,
1624923980.000000,199535847.000000,0.267087,-0.238322,-0.010285,0.015913,0.032584,-0.553991,0.831732,0.173546,0.026632,-0.010332,0.022790,0.042615,-0.435079,
1624923980.000000,204538822.000000,0.267535,-0.239066,-0.010380,0.016027,0.032626,-0.554903,0.831120,0.172133,0.024836,-0.002166,0.062417,0.087147,-0.447754,
1624923980.000000,209542036.000000,0.267739,-0.240513,-0.010494,0.016364,0.032636,-0.555837,0.830489,0.177269,0.018006,0.003366,0.083787,0.097777,-0.459739,
1624923980.000000,214545012.000000,0.268138,-0.241187,-0.010609,0.016603,0.032661,-0.556778,0.829853,0.163806,0.019385,0.000195,0.099641,0.032641,-0.435247,
1624923980.000000,219547749.000000,0.268534,-0.241901,-0.010673,0.016743,0.032529,-0.557669,0.829257,0.158757,0.018608,0.002978,0.069015,-0.064579,-0.423327,
1624923980.000000,224550962.000000,0.268915,-0.242593,-0.010719,0.016661,0.032268,-0.558553,0.828673,0.153575,0.017800,0.005853,0.035627,-0.119068,-0.416056,
1624923980.000000,269578934.000000,0.272286,-0.249333,-0.011983,0.016111,0.031216,-0.566453,0.823345,0.189163,0.037093,-0.030351,0.011235,0.116310,-0.429955,
1624923980.000000,274581671.000000,0.271572,-0.250169,-0.011731,0.016407,0.031440,-0.567394,0.822683,0.196236,0.029799,-0.031082,-0.009841,0.076894,-0.435320,
1624923980.000000,279585600.000000,0.271989,-0.250918,-0.011876,0.016437,0.031641,-0.568300,0.822049,0.185224,0.029074,-0.024961,-0.021816,0.079033,-0.450278,
1624923980.000000,284588814.000000,0.272448,-0.251718,-0.012063,0.016454,0.031783,-0.569226,0.821402,0.184121,0.030627,-0.024552,0.004884,-0.004146,-0.448224,
1624923980.000000,289591789.000000,0.272911,-0.252513,-0.012242,0.016371,0.031705,-0.570139,0.820773,0.183073,0.032166,-0.023741,-0.005516,-0.048448,-0.441724,
1624923980.000000,294594765.000000,0.273354,-0.253336,-0.012382,0.016283,0.031739,-0.571056,0.820135,0.184772,0.028774,-0.017391,-0.029230,0.051351,-0.457677,
1624923980.000000,299597979.000000,0.273805,-0.254148,-0.012531,0.016327,0.031950,-0.571991,0.819475,0.184575,0.028354,-0.014351,0.005835,0.079583,-0.448302,
1624923980.000000,304600716.000000,0.274251,-0.254960,-0.012662,0.016459,0.032046,-0.572890,0.818840,0.184312,0.027910,-0.011431,0.065675,0.058840,-0.436331,
1624923980.000000,309603691.000000,0.272621,-0.254690,-0.012085,0.016509,0.031679,-0.573835,0.818191,0.163451,0.007708,0.005247,0.073384,0.032608,-0.447177,
1624923980.000000,314606905.000000,0.272930,-0.255441,-0.012091,0.016691,0.031715,-0.574764,0.817534,0.160301,0.005528,0.014232,0.069869,0.130226,-0.456775,
1624923980.000000,404662848.000000,0.275502,-0.266379,-0.012207,0.016563,0.031178,-0.590790,0.806053,0.156635,0.011572,0.006340,0.024210,0.119526,-0.453825,
1624923980.000000,409665823.000000,0.274125,-0.266511,-0.011591,0.016588,0.030756,-0.591708,0.805395,0.146536,-0.005536,0.028555,0.094333,0.135855,-0.446470,
1624923980.000000,414668798.000000,0.274317,-0.267230,-0.011475,0.016948,0.030858,-0.592605,0.804724,0.146834,-0.007007,0.037100,0.089567,0.088368,-0.445304,
1624923980.000000,419672728.000000,0.274479,-0.267773,-0.011419,0.017152,0.030919,-0.593504,0.804054,0.127250,-0.004779,0.032842,0.058060,0.069852,-0.443275,
1624923980.000000,424675703.000000,0.274641,-0.268383,-0.011286,0.017304,0.030924,-0.594381,0.803402,0.120858,-0.005090,0.037228,0.068905,-0.029934,-0.423033,
1624923980.000000,429678917.000000,0.274793,-0.268965,-0.011124,0.017202,0.030581,-0.595216,0.802799,0.114571,-0.005435,0.041946,0.047758,-0.236999,-0.398479,
1624923980.000000,434681892.000000,0.274972,-0.269582,-0.011075,0.016821,0.029988,-0.596035,0.802222,0.119206,-0.002884,0.028157,0.025144,-0.273736,-0.413260,
1624923980.000000,439684868.000000,0.273723,-0.269586,-0.010929,0.016366,0.029490,-0.596909,0.801599,0.113947,-0.010530,0.001322,0.032751,-0.206230,-0.435916,
1624923980.000000,444688082.000000,0.273835,-0.270141,-0.010971,0.016138,0.029121,-0.597793,0.800959,0.112368,-0.009717,-0.003196,0.025253,-0.123919,-0.432708,
1624923980.000000,449690819.000000,0.274011,-0.270851,-0.010954,0.016046,0.028938,-0.598657,0.800322,0.130608,-0.007424,0.003190,0.037924,-0.043127,-0.426238,
1624923980.000000,494718790.000000,0.273673,-0.276165,-0.009789,0.016788,0.030006,-0.606569,0.794287,0.135140,-0.002847,0.011121,-0.031290,0.025928,-0.464781,
1624923980.000000,499721766.000000,0.273820,-0.276850,-0.009749,0.016682,0.030066,-0.607470,0.793598,0.137864,-0.005477,0.015792,-0.027106,-0.027597,-0.450696,
1624923980.000000,504724741.000000,0.272493,-0.277236,-0.009422,0.016340,0.029634,-0.608372,0.792930,0.126928,-0.022058,0.015788,0.012302,-0.028842,-0.458251,
1624923980.000000,509727716.000000,0.272548,-0.277879,-0.009378,0.016439,0.029674,-0.609311,0.792205,0.126650,-0.022357,0.017491,0.066564,0.140347,-0.494398,
1624923980.000000,514731646.000000,0.272518,-0.278524,-0.009080,0.016874,0.029926,-0.610306,0.791420,0.122619,-0.031764,0.046022,0.113557,0.165114,-0.495768,
1624923980.000000,519734859.000000,0.272515,-0.279172,-0.008865,0.017271,0.030039,-0.611260,0.790671,0.121381,-0.034965,0.055857,0.104065,0.141381,-0.467821,
1624923980.000000,524737835.000000,0.272495,-0.279821,-0.008597,0.017579,0.030171,-0.612166,0.789958,0.120039,-0.038186,0.066173,0.055997,0.047273,-0.448684,
1624923980.000000,529740810.000000,0.272505,-0.280331,-0.008517,0.017565,0.030023,-0.613044,0.789282,0.103453,-0.029819,0.041505,0.052557,-0.134696,-0.436937,
1624923980.000000,534743786.000000,0.272491,-0.280863,-0.008353,0.017301,0.029561,-0.613910,0.788632,0.096028,-0.028474,0.036977,0.015801,-0.280715,-0.426340,
1624923980.000000,539746761.000000,0.271108,-0.281100,-0.007672,0.016788,0.029040,-0.614707,0.788042,0.081792,-0.034072,0.027623,0.028872,-0.254615,-0.434786,
1624923980.000000,584774971.000000,0.270061,-0.286951,-0.006194,0.017326,0.029569,-0.622680,0.781726,0.131989,-0.026791,0.022431,-0.004692,0.087841,-0.464652,
1624923980.000000,589777708.000000,0.270084,-0.287632,-0.006129,0.017350,0.029745,-0.623586,0.780996,0.133061,-0.025331,0.021458,-0.032633,0.038082,-0.466765,
1624923980.000000,594780922.000000,0.270083,-0.288278,-0.006054,0.017270,0.029871,-0.624492,0.780269,0.127686,-0.026941,0.022113,-0.047494,0.013587,-0.463588,
1624923980.000000,599784613.000000,0.270093,-0.288933,-0.005985,0.017137,0.029897,-0.625387,0.779553,0.126189,-0.026726,0.022322,-0.000868,-0.085468,-0.455055,
1624923980.000000,604787827.000000,0.269979,-0.289530,-0.006917,0.016842,0.029369,-0.626279,0.778864,0.116690,-0.032650,0.009762,0.071692,-0.023194,-0.469817,
1624923980.000000,609790802.000000,0.269873,-0.290176,-0.006577,0.017091,0.029416,-0.627212,0.778105,0.115731,-0.041243,0.044537,0.074061,0.175863,-0.479594,
1624923980.000000,614793777.000000,0.269789,-0.290797,-0.006354,0.017541,0.029762,-0.628126,0.777344,0.114119,-0.043802,0.055849,0.081030,0.235538,-0.461435,
1624923980.000000,619796515.000000,0.269696,-0.291420,-0.006080,0.017961,0.029994,-0.628985,0.776631,0.112806,-0.046341,0.067198,0.080382,0.093589,-0.419911,
1624923980.000000,624799728.000000,0.269624,-0.291920,-0.005946,0.018060,0.029909,-0.629783,0.775985,0.097119,-0.039906,0.050030,0.056685,-0.078671,-0.410080,
1624923980.000000,629802704.000000,0.269532,-0.292433,-0.005728,0.017875,0.029559,-0.630601,0.775338,0.089806,-0.038934,0.049428,0.029133,-0.235101,-0.417786,
1624923980.000000,674830914.000000,0.269402,-0.298422,-0.005972,0.017464,0.028861,-0.638161,0.769164,0.134246,-0.022403,0.010734,-0.023988,0.095213,-0.451737,
1624923980.000000,679833889.000000,0.269422,-0.299108,-0.005992,0.017512,0.029127,-0.639034,0.768427,0.136860,-0.019772,0.006711,-0.026824,0.101521,-0.464500,
1624923980.000000,684836864.000000,0.269455,-0.299804,-0.006017,0.017611,0.029318,-0.639935,0.767668,0.139457,-0.017116,0.003506,0.010980,0.049967,-0.476240,
1624923980.000000,689839840.000000,0.269439,-0.300458,-0.005971,0.017632,0.029383,-0.640846,0.766904,0.134027,-0.020758,0.009001,-0.007134,0.028169,-0.469900,
1624923980.000000,694844007.000000,0.269457,-0.301143,-0.005966,0.017604,0.029500,-0.641738,0.766154,0.134271,-0.020202,0.009141,-0.033945,0.020225,-0.468703,
1624923980.000000,699846983.000000,0.269477,-0.301831,-0.005968,0.017538,0.029629,-0.642626,0.765406,0.134682,-0.019646,0.008836,-0.038191,0.050440,-0.455026,
1624923980.000000,704849958.000000,0.270069,-0.302910,-0.006060,0.017354,0.029592,-0.643442,0.764726,0.129721,-0.025887,0.041959,0.023301,0.027786,-0.444158,
1624923980.000000,709852934.000000,0.270049,-0.303584,-0.005874,0.017505,0.029584,-0.644309,0.763993,0.128676,-0.027366,0.048520,0.093953,0.086280,-0.464374,
1624923980.000000,714855909.000000,0.270023,-0.304258,-0.005653,0.017905,0.029699,-0.645218,0.763211,0.127612,-0.028804,0.055579,0.117342,0.176038,-0.480506,
1624923980.000000,719858885.000000,0.269980,-0.304818,-0.005415,0.018338,0.029856,-0.646115,0.762435,0.115286,-0.029240,0.060576,0.088638,0.123188,-0.449670,
1624923980.000000,764886618.000000,0.269695,-0.311893,-0.005848,0.017105,0.028015,-0.653492,0.756221,0.144977,-0.019553,0.017385,0.019026,0.112889,-0.462258,
1624923980.000000,769889832.000000,0.269711,-0.312638,-0.005813,0.017370,0.028294,-0.654359,0.755455,0.149053,-0.017219,0.014736,0.009851,0.168846,-0.453810,
1624923980.000000,774892807.000000,0.269250,-0.313872,-0.005918,0.017884,0.028835,-0.655203,0.754690,0.162992,-0.019459,0.004743,-0.013911,0.143997,-0.443982,
1624923980.000000,779895782.000000,0.269242,-0.314593,-0.005898,0.018001,0.029104,-0.656040,0.753950,0.154229,-0.019205,0.007718,-0.027663,0.073203,-0.449397,
1624923980.000000,784898996.000000,0.269259,-0.315379,-0.005904,0.018025,0.029284,-0.656901,0.753193,0.154897,-0.017523,0.007422,-0.010778,0.089483,-0.474878,
1624923980.000000,789902925.000000,0.269284,-0.316173,-0.005913,0.018135,0.029476,-0.657802,0.752395,0.155919,-0.015816,0.007163,0.000138,0.050318,-0.476186,
1624923980.000000,794905663.000000,0.269279,-0.316947,-0.005884,0.018103,0.029548,-0.658681,0.751624,0.153287,-0.019073,0.013416,-0.029740,0.016415,-0.465299,
1624923980.000000,799908876.000000,0.269285,-0.317722,-0.005868,0.018037,0.029674,-0.659548,0.750860,0.152395,-0.019380,0.015696,-0.034228,0.013944,-0.459020,
1624923980.000000,804911852.000000,0.269286,-0.318494,-0.005833,0.018022,0.029741,-0.660405,0.750104,0.151430,-0.019696,0.017621,0.033915,0.047283,-0.458928,
1624923980.000000,809914827.000000,0.270485,-0.319403,-0.007167,0.017874,0.029384,-0.661241,0.749385,0.145657,-0.014008,0.007261,0.097022,0.069025,-0.463228,
1624923980.000000,869951725.000000,0.270681,-0.327192,-0.007230,0.017703,0.028239,-0.671138,0.740583,0.149887,-0.000844,-0.004206,0.006190,0.173182,-0.448302,
1624923980.000000,874954939.000000,0.270326,-0.328150,-0.006827,0.018260,0.028768,-0.671967,0.739797,0.163789,-0.002180,-0.000350,-0.020172,0.170925,-0.450359,
1624923980.000000,879958630.000000,0.270399,-0.328979,-0.006882,0.018395,0.029078,-0.672793,0.739030,0.169402,-0.000013,-0.002271,-0.022652,0.099277,-0.451412,
1624923980.000000,884961843.000000,0.270483,-0.329833,-0.006954,0.018458,0.029249,-0.673628,0.738261,0.174964,0.002182,-0.004464,-0.007454,0.035930,-0.458848,
1624923980.000000,889964819.000000,0.270415,-0.330265,-0.006827,0.018439,0.029330,-0.674485,0.737475,0.146305,-0.004658,0.006316,-0.019205,0.026061,-0.472709,
1624923980.000000,894967794.000000,0.270455,-0.330986,-0.006840,0.018411,0.029447,-0.675350,0.736679,0.143950,-0.004480,0.007118,-0.023578,0.020162,-0.461113,
1624923980.000000,899970770.000000,0.270494,-0.331696,-0.006852,0.018332,0.029487,-0.676184,0.735914,0.141610,-0.004324,0.007622,-0.012873,-0.038209,-0.452384,
1624923980.000000,904973984.000000,0.270498,-0.332425,-0.006679,0.018280,0.029468,-0.677025,0.735142,0.141124,-0.009798,0.032847,0.032811,0.054261,-0.459945,
1624923980.000000,909976721.000000,0.270400,-0.332970,-0.007469,0.018186,0.029084,-0.677859,0.734391,0.138401,-0.014750,0.036426,0.084124,0.099058,-0.465252,
1624923980.000000,914979696.000000,0.270383,-0.333678,-0.007313,0.018489,0.029089,-0.678712,0.733595,0.137611,-0.016815,0.047052,0.125509,0.100172,-0.455715,
1624923981.000000,5035877.000000,0.269289,-0.345415,-0.006872,0.018724,0.029113,-0.693079,0.720030,0.131357,-0.008927,0.031707,0.077474,0.092886,-0.438444,
1624923981.000000,10038853.000000,0.268844,-0.345474,-0.007464,0.018833,0.028911,-0.693880,0.719263,0.122530,-0.017858,0.036639,0.073701,0.100767,-0.446058,
1624923981.000000,15042782.000000,0.268776,-0.346006,-0.007271,0.019092,0.028980,-0.694688,0.718474,0.110003,-0.018269,0.047214,0.101592,0.108650,-0.451365,
1624923981.000000,20045996.000000,0.268699,-0.346559,-0.007085,0.019399,0.028967,-0.695495,0.717685,0.104521,-0.019319,0.053079,0.077030,0.023683,-0.438663,
1624923981.000000,25048733.000000,0.268617,-0.347089,-0.006860,0.019378,0.028825,-0.696263,0.716946,0.099311,-0.020391,0.059159,0.049446,-0.086313,-0.410894,
1624923981.000000,30051708.000000,0.268576,-0.347587,-0.006836,0.019213,0.028547,-0.697002,0.716243,0.094994,-0.014303,0.031872,0.017152,-0.171621,-0.411837,
1624923981.000000,35054922.000000,0.268522,-0.348060,-0.006727,0.018795,0.028136,-0.697751,0.715541,0.089809,-0.012556,0.026341,0.032382,-0.294599,-0.401440,
1624923981.000000,40057898.000000,0.268011,-0.347630,-0.007944,0.018207,0.027601,-0.698490,0.714855,0.079854,-0.012579,-0.000469,0.025596,-0.231918,-0.409673,
1624923981.000000,45060873.000000,0.267960,-0.348020,-0.007992,0.017927,0.027298,-0.699251,0.714130,0.075517,-0.010861,-0.006193,0.030383,-0.125792,-0.424840,
1624923981.000000,50063848.000000,0.267909,-0.348695,-0.007948,0.017805,0.027100,-0.700011,0.713395,0.101353,-0.010617,0.002075,0.020247,-0.032255,-0.418379,
1624923981.000000,95091820.000000,0.267032,-0.353967,-0.007078,0.018882,0.028497,-0.707026,0.706360,0.119196,-0.004775,0.009808,-0.047149,0.010785,-0.450257,
1624923981.000000,100094795.000000,0.267008,-0.354564,-0.007067,0.018842,0.028674,-0.707815,0.705564,0.118071,-0.004619,0.011302,-0.026154,0.040482,-0.446065,
1624923981.000000,105097532.000000,0.266983,-0.355154,-0.007047,0.018892,0.028727,-0.708596,0.704777,0.116923,-0.004472,0.012413,0.057154,0.040837,-0.441736,
1624923981.000000,110101700.000000,0.267106,-0.357450,-0.007934,0.018884,0.028499,-0.709324,0.704053,0.112898,-0.014492,0.033496,0.087144,0.119297,-0.456467,
1624923981.000000,115104675.000000,0.267023,-0.358012,-0.007765,0.019253,0.028615,-0.710136,0.703219,0.110355,-0.017175,0.044679,0.091097,0.133593,-0.459810,
1624923981.000000,120107651.000000,0.266927,-0.358577,-0.007548,0.019554,0.028636,-0.710929,0.702408,0.108275,-0.019858,0.055802,0.092301,0.047548,-0.437386,
1624923981.000000,125110865.000000,0.266888,-0.359038,-0.007518,0.019593,0.028467,-0.711684,0.701649,0.095062,-0.012356,0.032724,0.044443,-0.139728,-0.417070,
1624923981.000000,130113840.000000,0.266824,-0.359503,-0.007390,0.019266,0.028091,-0.712424,0.700922,0.088556,-0.011040,0.030559,0.030226,-0.201170,-0.417060,
1624923981.000000,135116577.000000,0.266767,-0.359937,-0.007271,0.018952,0.027730,-0.713169,0.700187,0.082077,-0.009749,0.028554,0.014675,-0.196935,-0.418210,
1624923981.000000,140119791.000000,0.266016,-0.361916,-0.008104,0.018529,0.027437,-0.713806,0.699561,0.097170,-0.011341,0.010341,0.030056,-0.165705,-0.404228,
1624923981.000000,190150976.000000,0.265092,-0.367832,-0.007093,0.019111,0.028130,-0.721296,0.691792,0.120807,0.000877,0.008690,-0.013633,0.042149,-0.457319,
1624923981.000000,195154905.000000,0.265074,-0.368434,-0.007093,0.019106,0.028205,-0.722078,0.690973,0.119614,0.001832,0.008489,-0.018494,-0.002375,-0.446651,
1624923981.000000,200157642.000000,0.265059,-0.369030,-0.007095,0.019003,0.028245,-0.722837,0.690179,0.118430,0.002773,0.008199,-0.018915,-0.015334,-0.434890,
1624923981.000000,205160618.000000,0.265015,-0.369646,-0.006997,0.019016,0.028329,-0.723594,0.689382,0.119859,-0.000972,0.022352,0.002640,0.105187,-0.450786,
1624923981.000000,210163832.000000,0.264340,-0.371916,-0.008276,0.019065,0.028121,-0.724273,0.688675,0.126377,-0.008854,0.031986,0.063101,0.137992,-0.448743,
1624923981.000000,215166807.000000,0.264264,-0.372557,-0.008141,0.019425,0.028226,-0.725033,0.687862,0.126281,-0.009778,0.038986,0.085839,0.168683,-0.439995,
1624923981.000000,220169783.000000,0.264177,-0.373019,-0.007916,0.019820,0.028343,-0.725788,0.687048,0.105705,-0.012491,0.051012,0.104595,0.070445,-0.437975,
1624923981.000000,225172758.000000,0.264085,-0.373545,-0.007679,0.019940,0.028095,-0.726543,0.686257,0.099049,-0.014039,0.059038,0.126179,-0.106576,-0.428367,
1624923981.000000,230175734.000000,0.263985,-0.374040,-0.007376,0.019766,0.027698,-0.727280,0.685497,0.092491,-0.015635,0.068906,0.003020,-0.201641,-0.414522,
1624923981.000000,235179663.000000,0.263936,-0.374552,-0.007240,0.019271,0.027396,-0.727992,0.684767,0.093845,-0.008209,0.047487,-0.013214,-0.235647,-0.409146,
1624923981.000000,275203943.000000,0.262792,-0.380637,-0.007110,0.019100,0.027094,-0.733626,0.678744,0.133967,0.005945,0.014611,0.021578,0.124821,-0.454665,
1624923981.000000,280206680.000000,0.262771,-0.381327,-0.007069,0.019351,0.027357,-0.734399,0.677891,0.138107,0.008007,0.013960,-0.022945,0.176490,-0.459019,
1624923981.000000,285210848.000000,0.262751,-0.381945,-0.006999,0.019569,0.027725,-0.735158,0.677046,0.133353,0.008702,0.015378,-0.018174,0.119867,-0.449350,
1624923981.000000,290213823.000000,0.262743,-0.382620,-0.006969,0.019642,0.027854,-0.735909,0.676222,0.134741,0.010368,0.014012,-0.003753,0.010122,-0.442953,
1624923981.000000,295216799.000000,0.262741,-0.383302,-0.006950,0.019595,0.027892,-0.736662,0.675402,0.135959,0.012043,0.012725,-0.007272,0.014177,-0.452493,
1624923981.000000,300220013.000000,0.262731,-0.383933,-0.006904,0.019583,0.027982,-0.737426,0.674564,0.128799,0.010875,0.015825,-0.033629,0.015844,-0.448383,
1624923981.000000,305222988.000000,0.262729,-0.384579,-0.006862,0.019490,0.028079,-0.738164,0.673755,0.126836,0.011388,0.017093,-0.024487,-0.002552,-0.431226,
1624923981.000000,310225725.000000,0.261476,-0.385192,-0.007790,0.019256,0.027899,-0.738820,0.673050,0.119104,0.001289,0.009791,0.033202,0.116780,-0.438484,
1624923981.000000,315228939.000000,0.261336,-0.385771,-0.007470,0.019631,0.028078,-0.739567,0.672210,0.115653,-0.008493,0.042435,0.088699,0.158170,-0.450348,
1624923981.000000,320231915.000000,0.261233,-0.386351,-0.007270,0.019994,0.028107,-0.740323,0.671366,0.113482,-0.011208,0.052815,0.114276,0.080162,-0.444999,
1624923981.000000,370262623.000000,0.259291,-0.391063,-0.007723,0.018813,0.026172,-0.747317,0.663685,0.119719,0.002637,-0.004397,0.037294,0.119488,-0.427860,
1624923981.000000,375265837.000000,0.258473,-0.392219,-0.005962,0.019416,0.026744,-0.748010,0.662864,0.127868,0.000479,0.014641,0.024103,0.099281,-0.425471,
1624923981.000000,380269766.000000,0.258402,-0.392872,-0.005910,0.019599,0.026964,-0.748727,0.662040,0.131242,0.002165,0.012489,-0.011866,0.153973,-0.449992,
1624923981.000000,385272980.000000,0.258334,-0.393545,-0.005890,0.019876,0.027289,-0.749473,0.661174,0.134973,0.003878,0.009375,-0.012546,0.154779,-0.453364,
1624923981.000000,390275955.000000,0.258272,-0.394230,-0.005897,0.020027,0.027537,-0.750203,0.660330,0.138305,0.005592,0.005879,-0.026486,0.075897,-0.440428,
1624923981.000000,395278692.000000,0.258211,-0.394799,-0.005840,0.020026,0.027659,-0.750922,0.659507,0.126296,0.004953,0.011593,-0.009552,-0.008753,-0.436180,
1624923981.000000,400281906.000000,0.258156,-0.395426,-0.005840,0.019931,0.027639,-0.751642,0.658690,0.124496,0.005857,0.010320,-0.010341,-0.032389,-0.436191,
1624923981.000000,405284882.000000,0.258105,-0.396045,-0.005832,0.019798,0.027652,-0.752360,0.657873,0.122707,0.006753,0.009686,-0.038203,-0.047808,-0.435139,
1624923981.000000,410287857.000000,0.256496,-0.396462,-0.006759,0.019353,0.027279,-0.753025,0.657141,0.120096,-0.013557,0.028717,-0.010726,0.013155,-0.446709,
1624923981.000000,415290833.000000,0.256344,-0.397058,-0.006638,0.019538,0.027376,-0.753773,0.656274,0.120376,-0.014850,0.034485,0.089461,0.167954,-0.464862,
1624923981.000000,500343800.000000,0.252322,-0.405160,-0.005160,0.020433,0.027182,-0.765660,0.642347,0.114524,-0.004095,0.014201,-0.003998,-0.045270,-0.447598,
1624923981.000000,505347967.000000,0.252203,-0.405719,-0.005127,0.020304,0.027191,-0.766373,0.641499,0.112722,-0.003966,0.014354,-0.034116,-0.012163,-0.442265,
1624923981.000000,510350704.000000,0.251004,-0.406686,-0.005795,0.019809,0.026800,-0.766996,0.640786,0.104879,-0.011676,0.015264,-0.018235,0.057932,-0.431539,
1624923981.000000,515353680.000000,0.250852,-0.407184,-0.005746,0.019941,0.026923,-0.767677,0.639960,0.102020,-0.011652,0.015802,0.043595,0.078250,-0.427178,
1624923981.000000,520356894.000000,0.250590,-0.407699,-0.005340,0.020219,0.026942,-0.768375,0.639113,0.101738,-0.023022,0.052164,0.113997,0.127570,-0.447419,
1624923981.000000,525359869.000000,0.250379,-0.408186,-0.005083,0.020693,0.026951,-0.769105,0.638218,0.099469,-0.026295,0.062923,0.141802,0.153547,-0.460328,
1624923981.000000,530362844.000000,0.250149,-0.408672,-0.004773,0.021043,0.026868,-0.769831,0.637335,0.097694,-0.029576,0.074367,0.108774,-0.010371,-0.437976,
1624923981.000000,535366058.000000,0.250014,-0.409063,-0.004648,0.020900,0.026550,-0.770515,0.636526,0.083464,-0.019629,0.050714,0.039443,-0.217692,-0.410141,
1624923981.000000,540368795.000000,0.249313,-0.409440,-0.006111,0.020429,0.026139,-0.771145,0.635795,0.067228,-0.016636,0.018798,-0.053242,-0.238126,-0.416412,
1624923981.000000,545371771.000000,0.249174,-0.409743,-0.006066,0.019859,0.025858,-0.771816,0.635010,0.059351,-0.014789,0.012746,0.013090,-0.286854,-0.406005,
1624923981.000000,590399742.000000,0.247530,-0.415113,-0.004407,0.020395,0.026078,-0.777846,0.627582,0.120163,-0.000565,0.013803,-0.036513,0.091495,-0.436742,
1624923981.000000,595402718.000000,0.247399,-0.415659,-0.004335,0.020536,0.026318,-0.778525,0.626725,0.114338,-0.000778,0.016917,-0.009788,0.130851,-0.446171,
1624923981.000000,600406647.000000,0.247275,-0.416221,-0.004290,0.020731,0.026518,-0.779222,0.625844,0.112760,0.000296,0.016121,0.006329,0.062615,-0.440031,
1624923981.000000,605409861.000000,0.247157,-0.416774,-0.004248,0.020619,0.026489,-0.779891,0.625015,0.111228,0.001351,0.015556,-0.025577,-0.155862,-0.415351,
1624923981.000000,610412836.000000,0.246355,-0.418838,-0.005447,0.020050,0.026208,-0.780495,0.624290,0.122233,-0.009035,0.034126,-0.073737,-0.026238,-0.447038,
1624923981.000000,615415812.000000,0.246168,-0.419395,-0.005181,0.020088,0.026423,-0.781219,0.623374,0.122063,-0.010605,0.045317,0.033330,0.063431,-0.473020,
1624923981.000000,620419025.000000,0.245972,-0.419977,-0.004903,0.020346,0.026349,-0.781962,0.622436,0.122561,-0.012090,0.055615,0.145079,0.125849,-0.481274,
1624923981.000000,625421762.000000,0.245775,-0.420558,-0.004640,0.020838,0.026306,-0.782712,0.621478,0.122796,-0.013490,0.063603,0.150104,0.088617,-0.469768,
1624923981.000000,630424738.000000,0.245599,-0.421027,-0.004306,0.021137,0.026138,-0.783434,0.620565,0.108707,-0.014670,0.073682,0.134010,0.085527,-0.458871,
1624923981.000000,635427713.000000,0.245408,-0.421535,-0.004009,0.021453,0.026188,-0.784136,0.619665,0.103973,-0.016036,0.079595,-0.018792,0.095630,-0.437799,
1624923981.000000,685459614.000000,0.243226,-0.426619,-0.003650,0.020637,0.025556,-0.790638,0.611403,0.119956,0.004015,0.022238,-0.015392,0.191086,-0.428112,
1624923981.000000,690462589.000000,0.243111,-0.427180,-0.003577,0.020956,0.025896,-0.791277,0.610550,0.117582,0.006646,0.021037,-0.020482,0.128580,-0.425876,
1624923981.000000,695465803.000000,0.242998,-0.427768,-0.003512,0.021010,0.026049,-0.791935,0.609688,0.118526,0.009083,0.019685,-0.016357,0.016145,-0.446113,
1624923981.000000,700468779.000000,0.242895,-0.428362,-0.003456,0.020971,0.026101,-0.792634,0.608777,0.119384,0.011540,0.018237,-0.008776,-0.003629,-0.471749,
1624923981.000000,705471754.000000,0.242766,-0.428915,-0.003351,0.020917,0.026138,-0.793351,0.607843,0.114933,0.007339,0.024367,-0.009884,-0.002545,-0.462270,
1624923981.000000,710474730.000000,0.241873,-0.431747,-0.004958,0.020350,0.025805,-0.793967,0.607072,0.125780,0.003640,0.020089,-0.017327,-0.026740,-0.446027,
1624923981.000000,715477705.000000,0.241726,-0.432365,-0.004904,0.020304,0.025859,-0.794640,0.606191,0.124148,0.003420,0.021536,-0.007771,0.069102,-0.441847,
1624923981.000000,720480680.000000,0.241512,-0.432946,-0.004588,0.020579,0.026042,-0.795307,0.605297,0.119575,-0.005835,0.051508,0.067673,0.180097,-0.450304,
1624923981.000000,725483894.000000,0.241321,-0.433519,-0.004346,0.021050,0.026119,-0.795987,0.604384,0.116522,-0.009043,0.061635,0.122466,0.137774,-0.443013,
1624923981.000000,730486870.000000,0.241115,-0.434076,-0.004043,0.021416,0.026067,-0.796648,0.603501,0.113517,-0.012272,0.072683,0.111635,0.096863,-0.435368,
1624923981.000000,770511866.000000,0.238978,-0.439345,-0.005070,0.019824,0.024088,-0.801698,0.596914,0.120867,0.005337,0.012810,-0.016530,0.131649,-0.432347,
1624923981.000000,775514841.000000,0.238773,-0.439942,-0.004612,0.020238,0.024275,-0.802336,0.596035,0.142594,0.009966,0.013848,-0.002819,0.146308,-0.427999,
1624923981.000000,780518770.000000,0.238615,-0.440659,-0.004587,0.020490,0.024437,-0.802965,0.595172,0.149038,0.012486,0.011898,0.031845,0.101431,-0.424744,
1624923981.000000,785521984.000000,0.238481,-0.441275,-0.004545,0.020704,0.024556,-0.803601,0.594301,0.140566,0.013002,0.012803,0.015724,0.115020,-0.438569,
1624923981.000000,790524960.000000,0.238339,-0.441974,-0.004531,0.020917,0.024758,-0.804263,0.593389,0.142324,0.014914,0.011455,-0.017317,0.108058,-0.460993,
1624923981.000000,795527935.000000,0.238202,-0.442688,-0.004528,0.021044,0.024972,-0.804939,0.592458,0.144496,0.016847,0.009743,-0.021741,0.093894,-0.449406,
1624923981.000000,800530910.000000,0.238069,-0.443359,-0.004521,0.021112,0.025137,-0.805587,0.591567,0.139156,0.016396,0.009586,-0.033187,0.005495,-0.440633,
1624923981.000000,805533648.000000,0.237941,-0.444048,-0.004520,0.020996,0.025176,-0.806248,0.590669,0.138069,0.017356,0.009277,0.001537,-0.011416,-0.452473,
1624923981.000000,810536623.000000,0.237048,-0.445454,-0.005985,0.020689,0.025123,-0.806928,0.589752,0.130512,0.011844,0.001740,-0.008433,-0.001997,-0.452539,
1624923981.000000,815540791.000000,0.236834,-0.446130,-0.005838,0.020645,0.025202,-0.807590,0.588844,0.133792,0.005931,0.022658,-0.012307,0.047113,-0.449269,
1624923981.000000,865571737.000000,0.234695,-0.451333,-0.005416,0.020127,0.023636,-0.813888,0.580192,0.110277,0.008351,0.019255,0.032920,-0.042373,-0.428062,
1624923981.000000,870574951.000000,0.234551,-0.451885,-0.005349,0.020114,0.023612,-0.814504,0.579328,0.115344,0.009063,0.020081,0.005031,0.042057,-0.419507,
1624923981.000000,875577927.000000,0.233997,-0.452939,-0.005277,0.020410,0.023724,-0.815148,0.578407,0.139987,0.007127,0.011254,0.010126,0.109259,-0.432300,
1624923981.000000,880580902.000000,0.233859,-0.453605,-0.005376,0.020677,0.023895,-0.815772,0.577510,0.141950,0.013783,-0.000419,0.016947,0.161772,-0.433497,
1624923981.000000,885583878.000000,0.233689,-0.454307,-0.005429,0.021024,0.024143,-0.816385,0.576620,0.146344,0.016370,-0.003683,0.015602,0.161200,-0.431236,
1624923981.000000,890586853.000000,0.233523,-0.455034,-0.005500,0.021283,0.024334,-0.817005,0.575724,0.150649,0.018981,-0.006743,-0.004379,0.104709,-0.436616,
1624923981.000000,895589828.000000,0.233379,-0.455705,-0.005539,0.021435,0.024541,-0.817631,0.574820,0.143176,0.020110,-0.003632,-0.024877,0.115073,-0.444049,
1624923981.000000,900593042.000000,0.233236,-0.456412,-0.005607,0.021589,0.024755,-0.818266,0.573901,0.142701,0.022133,-0.004435,-0.013098,0.059648,-0.447293,
1624923981.000000,905596972.000000,0.232628,-0.457202,-0.006226,0.021384,0.024730,-0.818927,0.572965,0.139967,0.020268,-0.008884,0.007257,-0.062663,-0.438826,
1624923981.000000,910599947.000000,0.232443,-0.457850,-0.006232,0.021171,0.024663,-0.819560,0.572071,0.137110,0.016356,-0.002076,-0.051075,-0.076690,-0.445086,
1624923981.000000,995652914.000000,0.228522,-0.466576,-0.004895,0.021474,0.023928,-0.829970,0.556881,0.141758,0.023637,0.004177,-0.019347,0.118393,-0.437657,
1624923982.000000,655651.000000,0.228365,-0.467285,-0.004927,0.021639,0.024178,-0.830582,0.555951,0.144208,0.026067,0.002410,-0.039806,0.100757,-0.449588,
1624923982.000000,5658865.000000,0.227249,-0.468173,-0.005668,0.021689,0.024196,-0.831210,0.555009,0.133373,0.016079,-0.000388,-0.000484,0.040413,-0.461302,
1624923982.000000,10661840.000000,0.227068,-0.468811,-0.005720,0.021673,0.024204,-0.831845,0.554056,0.131942,0.017002,-0.000875,-0.005310,-0.042262,-0.447542,
1624923982.000000,15664816.000000,0.226895,-0.469447,-0.005771,0.021498,0.024230,-0.832460,0.553138,0.130459,0.017927,-0.000979,-0.058904,-0.024695,-0.449447,
1624923982.000000,20668030.000000,0.226670,-0.470073,-0.005642,0.021473,0.024410,-0.833081,0.552195,0.129915,0.012366,0.017535,-0.019804,0.104800,-0.448623,
1624923982.000000,25671005.000000,0.226470,-0.470697,-0.005581,0.021769,0.024568,-0.833684,0.551265,0.128989,0.011244,0.023169,0.068989,0.134041,-0.436757,
1624923982.000000,30673742.000000,0.226266,-0.471315,-0.005491,0.022136,0.024538,-0.834285,0.550342,0.127920,0.010128,0.029026,0.138193,0.119557,-0.436777,
1624923982.000000,35676956.000000,0.226086,-0.471848,-0.005340,0.022562,0.024448,-0.834896,0.549401,0.114291,0.008065,0.039751,0.111894,0.126192,-0.453779,
1624923982.000000,40680647.000000,0.224457,-0.471665,-0.005067,0.022943,0.024466,-0.835494,0.548475,0.107935,-0.005481,0.050094,0.083596,-0.005691,-0.428476,
1624923982.000000,85708618.000000,0.221707,-0.475679,-0.004076,0.021048,0.022860,-0.840701,0.540608,0.138890,0.008870,0.006409,0.001160,0.119813,-0.439921,
1624923982.000000,90711832.000000,0.221454,-0.476354,-0.004127,0.021382,0.023138,-0.841302,0.539647,0.144619,0.011130,0.003664,0.004702,0.180976,-0.458277,
1624923982.000000,95714808.000000,0.221203,-0.477049,-0.004183,0.021714,0.023351,-0.841913,0.538671,0.149949,0.013412,0.001166,0.003174,0.161935,-0.459235,
1624923982.000000,100717783.000000,0.220992,-0.477654,-0.004198,0.021957,0.023586,-0.842524,0.537695,0.140505,0.014461,0.003177,-0.020643,0.078981,-0.460308,
1624923982.000000,105720997.000000,0.219505,-0.478174,-0.004284,0.021930,0.023684,-0.843142,0.536722,0.134083,0.008712,0.001514,-0.023813,0.033979,-0.457163,
1624923982.000000,110723972.000000,0.219267,-0.478796,-0.004316,0.021937,0.023792,-0.843753,0.535755,0.133680,0.010538,0.000404,-0.021499,0.025672,-0.462387,
1624923982.000000,115726709.000000,0.219027,-0.479351,-0.004301,0.021885,0.023890,-0.844367,0.534785,0.127437,0.008088,0.004639,-0.041757,-0.024978,-0.447662,
1624923982.000000,120729923.000000,0.218797,-0.479937,-0.004311,0.021767,0.023988,-0.844955,0.533856,0.125835,0.008602,0.005379,-0.038730,0.032528,-0.444201,
1624923982.000000,125732899.000000,0.218567,-0.480519,-0.004320,0.021920,0.024139,-0.845552,0.532897,0.124141,0.009093,0.005301,0.048481,0.121313,-0.453980,
1624923982.000000,130736828.000000,0.218278,-0.481073,-0.004132,0.022311,0.024136,-0.846159,0.531916,0.121685,-0.000584,0.034126,0.135193,0.148564,-0.463475,
1624923982.000000,175764561.000000,0.215663,-0.486742,-0.002690,0.020890,0.022226,-0.851361,0.523693,0.132155,0.007149,0.029176,0.019937,0.054162,-0.442310,
1624923982.000000,180767775.000000,0.215394,-0.487364,-0.002602,0.021076,0.022332,-0.851938,0.522742,0.138476,0.008994,0.027606,0.003138,0.085781,-0.438192,
1624923982.000000,185770750.000000,0.215118,-0.488016,-0.002528,0.021228,0.022465,-0.852502,0.521810,0.144782,0.010859,0.025704,0.011318,0.116472,-0.440106,
1624923982.000000,190773726.000000,0.214871,-0.488641,-0.002505,0.021528,0.022651,-0.853075,0.520852,0.141531,0.013622,0.018112,-0.002084,0.151165,-0.445601,
1624923982.000000,195776939.000000,0.214610,-0.489310,-0.002476,0.021859,0.022927,-0.853652,0.519879,0.144481,0.015877,0.015037,-0.004679,0.228779,-0.464611,
1624923982.000000,200779676.000000,0.214350,-0.489997,-0.002460,0.022304,0.023242,-0.854246,0.518870,0.147689,0.018161,0.012222,-0.008537,0.148618,-0.455319,
1624923982.000000,205782652.000000,0.213367,-0.491452,-0.003367,0.022525,0.023469,-0.854839,0.517873,0.160640,0.017983,-0.005913,-0.013057,0.053077,-0.464621,
1624923982.000000,210786819.000000,0.213130,-0.492011,-0.003376,0.022548,0.023578,-0.855443,0.516868,0.143544,0.016559,-0.001794,-0.030952,0.008091,-0.463894,
1624923982.000000,215789795.000000,0.212871,-0.492679,-0.003434,0.022429,0.023684,-0.856031,0.515894,0.141033,0.017758,-0.002555,-0.057754,-0.028173,-0.457236,
1624923982.000000,220792770.000000,0.212625,-0.493338,-0.003498,0.022285,0.023787,-0.856617,0.514922,0.138547,0.018969,-0.003862,-0.032308,-0.012271,-0.448899,
1624923982.000000,270823956.000000,0.209895,-0.498173,-0.001504,0.021389,0.022068,-0.862304,0.505457,0.110940,0.013245,0.041122,0.020261,-0.002101,-0.426658,
1624923982.000000,275826931.000000,0.208986,-0.499609,-0.002014,0.021286,0.021981,-0.862888,0.504467,0.145956,0.013277,0.004890,0.013980,0.045724,-0.431923,
1624923982.000000,280830145.000000,0.208681,-0.500296,-0.002045,0.021441,0.022096,-0.863435,0.503520,0.152794,0.014757,0.001982,0.012315,0.085895,-0.441536,
1624923982.000000,285832644.000000,0.208420,-0.500957,-0.002108,0.021627,0.022207,-0.863993,0.502549,0.150944,0.018674,-0.003325,-0.008435,0.116932,-0.452180,
1624923982.000000,290835619.000000,0.208129,-0.501669,-0.002169,0.021886,0.022438,-0.864555,0.501559,0.154765,0.020984,-0.005769,0.002658,0.147115,-0.454357,
1624923982.000000,295838594.000000,0.207837,-0.502400,-0.002241,0.022212,0.022633,-0.865117,0.500566,0.158575,0.023308,-0.008043,-0.003062,0.177427,-0.457479,
1624923982.000000,300841808.000000,0.207574,-0.503082,-0.002270,0.022561,0.022917,-0.865684,0.499557,0.151002,0.024174,-0.002833,-0.007900,0.164142,-0.466033,
1624923982.000000,305845737.000000,0.206965,-0.503496,-0.002307,0.022996,0.023241,-0.866285,0.498478,0.142852,0.022090,-0.001576,-0.025613,0.105704,-0.462950,
1624923982.000000,310848951.000000,0.206707,-0.504175,-0.002374,0.023034,0.023412,-0.866851,0.497485,0.142469,0.023831,-0.002837,-0.042891,-0.015932,-0.453301,
1624923982.000000,315851688.000000,0.206432,-0.504799,-0.002337,0.022838,0.023457,-0.867413,0.496511,0.136825,0.019903,0.008549,-0.036413,-0.053721,-0.452221,
1624923982.000000,365882874.000000,0.203153,-0.509955,-0.001565,0.021755,0.021840,-0.872897,0.486930,0.108866,0.011618,0.017715,0.045406,-0.081293,-0.425419,
1624923982.000000,370886087.000000,0.202910,-0.510464,-0.001516,0.021798,0.021848,-0.873435,0.485961,0.113409,0.012133,0.016209,0.033357,0.007763,-0.445077,
1624923982.000000,375888824.000000,0.201587,-0.511338,-0.000421,0.021955,0.021870,-0.874011,0.484916,0.134284,0.008884,0.040041,0.012003,0.028803,-0.441718,
1624923982.000000,380891800.000000,0.201285,-0.512013,-0.000378,0.022051,0.021979,-0.874543,0.483948,0.143232,0.015364,0.029696,-0.005700,0.054422,-0.439637,
1624923982.000000,385895967.000000,0.200963,-0.512687,-0.000286,0.022180,0.022083,-0.875075,0.482974,0.149014,0.017866,0.027501,0.000047,0.127444,-0.452327,
1624923982.000000,390898943.000000,0.200634,-0.513391,-0.000209,0.022553,0.022316,-0.875616,0.481965,0.154926,0.020405,0.025242,0.018940,0.201559,-0.452507,
1624923982.000000,395901918.000000,0.200327,-0.514059,-0.000161,0.022966,0.022536,-0.876147,0.480969,0.151032,0.021225,0.020603,-0.008301,0.175765,-0.452317,
1624923982.000000,400904655.000000,0.200010,-0.514764,-0.000117,0.023248,0.022803,-0.876686,0.479961,0.152737,0.023082,0.018341,-0.022726,0.131235,-0.457768,
1624923982.000000,405907631.000000,0.199662,-0.514179,-0.001038,0.023353,0.022908,-0.877243,0.478930,0.143206,0.020060,-0.002713,-0.017032,0.073214,-0.469459,
1624923982.000000,410910606.000000,0.199386,-0.514744,-0.001016,0.023351,0.023005,-0.877803,0.477898,0.132690,0.018448,0.003980,-0.022410,-0.031779,-0.464269,
1624923982.000000,500967026.000000,0.193131,-0.524251,0.000379,0.023640,0.022573,-0.887263,0.460104,0.148651,0.022659,0.012885,-0.027627,0.064356,-0.469612,
1624923982.000000,505970001.000000,0.192822,-0.524871,0.000431,0.023737,0.022771,-0.887805,0.459043,0.141075,0.022627,0.015737,-0.035384,0.096293,-0.479363,
1624923982.000000,510973930.000000,0.192509,-0.525513,0.000462,0.023851,0.022945,-0.888339,0.457993,0.139161,0.023723,0.015496,-0.018155,0.018618,-0.458061,
1624923982.000000,515976906.000000,0.191328,-0.525193,-0.002385,0.023501,0.022649,-0.888888,0.456960,0.137037,0.016054,-0.015367,-0.035047,-0.037490,-0.443087,
1624923982.000000,520979643.000000,0.190949,-0.525757,-0.002249,0.023406,0.022745,-0.889395,0.455973,0.134331,0.009399,0.012811,-0.025796,0.015968,-0.447423,
1624923982.000000,525982618.000000,0.190590,-0.526329,-0.002201,0.023563,0.022820,-0.889909,0.454957,0.132795,0.007897,0.022125,0.072179,0.154438,-0.463376,
1624923982.000000,530985832.000000,0.190225,-0.526897,-0.002102,0.024065,0.022799,-0.890434,0.453903,0.131484,0.006415,0.031954,0.134458,0.147114,-0.461385,
1624923982.000000,535988808.000000,0.189922,-0.527388,-0.002004,0.024474,0.022681,-0.890949,0.452876,0.117415,0.006859,0.034864,0.121449,0.159339,-0.449523,
1624923982.000000,540991783.000000,0.189606,-0.527880,-0.001853,0.024870,0.022640,-0.891449,0.451872,0.110752,0.006094,0.041309,0.074598,0.042491,-0.435759,
1624923982.000000,545994759.000000,0.190180,-0.528482,-0.001947,0.024795,0.022500,-0.891973,0.450848,0.095902,0.009437,0.033319,0.043502,-0.255065,-0.400788,
1624923982.000000,591022968.000000,0.189081,-0.532353,-0.001728,0.023163,0.021744,-0.896382,0.442141,0.133629,0.036778,-0.010985,0.033809,0.127771,-0.455068,
1624923982.000000,596025944.000000,0.188820,-0.533004,-0.001826,0.023494,0.021856,-0.896893,0.441081,0.138025,0.039333,-0.013474,-0.006910,0.126553,-0.474463,
1624923982.000000,601029873.000000,0.188577,-0.533630,-0.001869,0.023657,0.022106,-0.897413,0.440003,0.134242,0.040178,-0.006709,-0.062095,0.103642,-0.487099,
1624923982.000000,606032848.000000,0.188328,-0.534285,-0.001946,0.023836,0.022371,-0.897937,0.438908,0.134918,0.042061,-0.006191,-0.027780,0.129285,-0.474506,
1624923982.000000,611035824.000000,0.188083,-0.534947,-0.002021,0.024031,0.022541,-0.898434,0.437871,0.135652,0.043928,-0.005516,-0.006243,0.049244,-0.447687,
1624923982.000000,616038799.000000,0.187321,-0.535229,-0.002023,0.023984,0.022487,-0.898939,0.436839,0.123850,0.041512,-0.022004,-0.022322,-0.013005,-0.431823,
1624923982.000000,621042013.000000,0.187108,-0.535838,-0.002184,0.023898,0.022569,-0.899412,0.435863,0.124232,0.043335,-0.025311,-0.040395,-0.021921,-0.444543,
1624923982.000000,626044989.000000,0.186897,-0.536454,-0.002354,0.023906,0.022626,-0.899906,0.434840,0.124646,0.045162,-0.028292,0.068754,0.104382,-0.460671,
1624923982.000000,631047726.000000,0.186598,-0.536717,-0.001596,0.024416,0.022550,-0.900407,0.433777,0.104822,0.024276,0.034925,0.159225,0.204144,-0.468062,
1624923982.000000,636050940.000000,0.186370,-0.537191,-0.001438,0.024953,0.022433,-0.900904,0.432720,0.100138,0.021170,0.045497,0.133289,0.135974,-0.442645,
1624923982.000000,686082840.000000,0.184008,-0.542531,0.001248,0.023182,0.021015,-0.905596,0.422985,0.118682,0.035535,0.044773,0.008779,0.183831,-0.448293,
1624923982.000000,691085815.000000,0.183752,-0.543128,0.001424,0.023641,0.021240,-0.906053,0.421968,0.124686,0.038142,0.042795,0.014995,0.168527,-0.435491,
1624923982.000000,696088791.000000,0.183532,-0.543682,0.001594,0.023898,0.021375,-0.906502,0.420982,0.118437,0.039011,0.040994,-0.014559,0.116112,-0.435340,
1624923982.000000,701091766.000000,0.183295,-0.544276,0.001756,0.024101,0.021580,-0.906962,0.419969,0.119453,0.040924,0.039754,-0.022450,0.083185,-0.454607,
1624923982.000000,706094980.000000,0.183061,-0.544881,0.001912,0.024163,0.021689,-0.907441,0.418923,0.120592,0.042855,0.038448,-0.015700,0.018052,-0.461058,
1624923982.000000,711097956.000000,0.182008,-0.545296,0.000926,0.024038,0.021716,-0.908006,0.417704,0.106510,0.030962,0.015309,-0.031697,-0.028403,-0.460169,
1624923982.000000,716100931.000000,0.181781,-0.545801,0.000966,0.023940,0.021822,-0.908480,0.416670,0.104302,0.031397,0.014857,-0.044627,0.022269,-0.449555,
1624923982.000000,721103668.000000,0.181562,-0.546299,0.001000,0.024028,0.021975,-0.908935,0.415664,0.102113,0.031818,0.014154,0.003179,0.091546,-0.434594,
1624923982.000000,726106882.000000,0.181265,-0.546762,0.001339,0.024268,0.022022,-0.909382,0.414669,0.101749,0.022523,0.046851,0.062048,0.096850,-0.438797,
1624923982.000000,731110811.000000,0.181007,-0.547227,0.001565,0.024592,0.021978,-0.909842,0.413642,0.100088,0.019879,0.056958,0.106652,0.156739,-0.452726,
1624923982.000000,776138544.000000,0.177401,-0.552202,0.004184,0.023129,0.020272,-0.913910,0.404750,0.122679,0.027535,0.033329,0.015430,0.085622,-0.429663,
1624923982.000000,781141758.000000,0.177078,-0.552769,0.004315,0.023344,0.020405,-0.914335,0.403770,0.129327,0.029017,0.032892,0.002946,0.068108,-0.414935,
1624923982.000000,786144733.000000,0.176802,-0.553314,0.004365,0.023485,0.020470,-0.914753,0.402812,0.127388,0.032324,0.023187,0.003488,0.147700,-0.439055,
1624923982.000000,791147709.000000,0.176495,-0.553896,0.004438,0.023897,0.020683,-0.915194,0.401773,0.130173,0.034438,0.019936,0.011621,0.160437,-0.441717,
1624923982.000000,796150923.000000,0.176184,-0.554496,0.004499,0.024149,0.020792,-0.915625,0.400769,0.133109,0.036561,0.016884,0.000309,0.109021,-0.445484,
1624923982.000000,801153898.000000,0.175867,-0.555116,0.004538,0.024333,0.020944,-0.916075,0.399720,0.136315,0.038717,0.013619,-0.014970,0.052827,-0.457548,
1624923982.000000,806156635.000000,0.175598,-0.555671,0.004634,0.024396,0.021047,-0.916529,0.398669,0.127697,0.038550,0.018651,-0.016889,0.086634,-0.464793,
1624923982.000000,811160803.000000,0.173224,-0.556374,0.003784,0.024509,0.021235,-0.917042,0.397471,0.131928,0.025095,0.015609,-0.029731,0.061469,-0.449229,
1624923982.000000,816163778.000000,0.172868,-0.556942,0.003817,0.024438,0.021348,-0.917477,0.396463,0.131134,0.026440,0.014958,-0.045805,-0.075553,-0.438396,
1624923982.000000,821166754.000000,0.172485,-0.557468,0.003999,0.024230,0.021401,-0.917919,0.395450,0.128429,0.021678,0.029169,-0.023530,0.016585,-0.451238,
1624923982.000000,871197701.000000,0.166671,-0.562928,0.003032,0.023487,0.019877,-0.922204,0.385479,0.122896,0.011137,0.003220,0.025925,-0.032548,-0.420540,
1624923982.000000,876200676.000000,0.164552,-0.563875,0.002855,0.023451,0.019706,-0.922672,0.384367,0.141267,0.002320,0.022500,0.027903,0.041631,-0.436720,
1624923982.000000,881203651.000000,0.164054,-0.564460,0.002824,0.023569,0.019746,-0.923085,0.383366,0.150151,0.008283,0.013143,0.011551,0.034986,-0.422889,
1624923982.000000,886206865.000000,0.163535,-0.565047,0.002826,0.023651,0.019798,-0.923488,0.382386,0.156202,0.010835,0.010532,-0.008456,0.102623,-0.436492,
1624923982.000000,891209602.000000,0.163005,-0.565662,0.002805,0.023984,0.019993,-0.923902,0.381353,0.162290,0.013431,0.007491,0.007187,0.179005,-0.440025,
1624923982.000000,896212578.000000,0.162503,-0.566243,0.002780,0.024406,0.020150,-0.924310,0.380329,0.158319,0.013820,0.005259,0.017192,0.200608,-0.448226,
1624923982.000000,901216745.000000,0.161985,-0.566858,0.002750,0.024801,0.020336,-0.924730,0.379270,0.159713,0.015543,0.003217,-0.006444,0.121842,-0.449587,
1624923982.000000,906219721.000000,0.161469,-0.567480,0.002709,0.024940,0.020472,-0.925149,0.378230,0.160947,0.017266,0.001059,-0.023491,0.065756,-0.456767,
1624923982.000000,911222935.000000,0.159488,-0.567879,0.001508,0.024994,0.020569,-0.925589,0.377143,0.164084,0.007809,-0.005921,-0.033041,-0.016078,-0.450668,
1624923982.000000,916225910.000000,0.158981,-0.568385,0.001476,0.024831,0.020618,-0.926011,0.376115,0.153808,0.006301,-0.003034,-0.015099,-0.048575,-0.448338,
1624923982.000000,966256857.000000,0.154190,-0.572555,0.003051,0.024075,0.019436,-0.930093,0.366019,0.113650,-0.000744,0.042811,0.041375,-0.186324,-0.415341,
1624923982.000000,971260071.000000,0.153771,-0.572950,0.003207,0.023783,0.019330,-0.930490,0.365033,0.111899,0.000746,0.036497,0.028999,-0.072280,-0.430457,
1624923982.000000,976263046.000000,0.153473,-0.572808,0.001507,0.023617,0.019223,-0.930899,0.364005,0.111080,0.001626,-0.000131,0.028147,0.006655,-0.429311,
1624923982.000000,981266737.000000,0.153076,-0.573191,0.001459,0.023698,0.019276,-0.931284,0.363012,0.109404,0.003097,-0.003992,0.001737,0.063142,-0.419752,
1624923982.000000,986269712.000000,0.152689,-0.573571,0.001397,0.023866,0.019354,-0.931660,0.362030,0.107729,0.004546,-0.007764,0.005351,0.097825,-0.424963,
1624923982.000000,991272688.000000,0.152121,-0.574172,0.001410,0.024110,0.019452,-0.932045,0.361016,0.126807,0.008402,-0.003316,0.028506,0.110740,-0.437863,
1624923982.000000,996275663.000000,0.151681,-0.574635,0.001322,0.024404,0.019527,-0.932436,0.359980,0.129632,0.010435,-0.006852,0.003429,0.155909,-0.444221,
1624923983.000000,1278877.000000,0.151235,-0.575115,0.001222,0.024767,0.019755,-0.932827,0.358929,0.132475,0.012484,-0.009993,-0.026933,0.167055,-0.449550,
1624923983.000000,6281614.000000,0.150838,-0.575548,0.001159,0.025033,0.019943,-0.933219,0.357880,0.124214,0.013077,-0.008586,-0.007572,0.083207,-0.442134,
1624923983.000000,11284590.000000,0.150497,-0.576384,0.001267,0.025000,0.019938,-0.933639,0.356786,0.134168,0.014393,0.010381,-0.011658,-0.030387,-0.446297,
1624923983.000000,106343985.000000,0.142002,-0.581713,0.001578,0.024574,0.019058,-0.940883,0.337300,0.136004,0.012862,0.003988,-0.024521,0.141015,-0.454990,
1624923983.000000,111347675.000000,0.142022,-0.581480,0.000857,0.024946,0.019262,-0.941275,0.336167,0.122896,0.014793,-0.003581,-0.024986,0.102141,-0.465662,
1624923983.000000,116350889.000000,0.141647,-0.581821,0.000881,0.025032,0.019350,-0.941659,0.335078,0.111280,0.010603,0.002812,0.003049,-0.015519,-0.450835,
1624923983.000000,121353865.000000,0.141255,-0.582208,0.000865,0.024891,0.019347,-0.942034,0.334032,0.108835,0.010787,0.002710,-0.021382,-0.054218,-0.446365,
1624923983.000000,126356602.000000,0.140869,-0.582588,0.000835,0.024787,0.019422,-0.942411,0.332973,0.106240,0.010955,0.002212,-0.019620,0.011778,-0.451852,
1624923983.000000,131359816.000000,0.140434,-0.582947,0.000967,0.024845,0.019482,-0.942784,0.331907,0.107614,0.003566,0.024635,0.013664,0.043866,-0.450733,
1624923983.000000,136362791.000000,0.140017,-0.583297,0.001077,0.025025,0.019469,-0.943156,0.330834,0.106564,0.000710,0.034016,0.083718,0.122738,-0.456045,
1624923983.000000,141365767.000000,0.139127,-0.582701,0.000963,0.025376,0.019252,-0.943523,0.329773,0.102474,-0.011759,0.057832,0.137271,0.145759,-0.464584,
1624923983.000000,146368980.000000,0.138675,-0.582986,0.001253,0.025709,0.019041,-0.943900,0.328678,0.101456,-0.014587,0.068518,0.129752,0.050097,-0.443363,
1624923983.000000,151372910.000000,0.138449,-0.583220,0.001278,0.025714,0.018827,-0.944258,0.327661,0.081755,-0.005100,0.047114,0.043600,-0.104526,-0.417630,
1624923983.000000,191396952.000000,0.134523,-0.585220,0.001741,0.023566,0.018089,-0.947024,0.319786,0.110521,0.005819,0.025398,0.011614,0.075178,-0.438019,
1624923983.000000,196400881.000000,0.134127,-0.585571,0.001818,0.023824,0.018198,-0.947369,0.318737,0.109789,0.008388,0.022090,0.012223,0.146510,-0.445359,
1624923983.000000,201403856.000000,0.133709,-0.585949,0.001891,0.024183,0.018304,-0.947715,0.317674,0.112628,0.010583,0.020337,0.012617,0.149703,-0.438035,
1624923983.000000,206407070.000000,0.133286,-0.586343,0.001956,0.024469,0.018456,-0.948050,0.316640,0.115372,0.012781,0.018912,-0.035412,0.111454,-0.435724,
1624923983.000000,211409807.000000,0.131704,-0.585989,0.001052,0.024815,0.018586,-0.948389,0.315589,0.112299,0.005986,0.002936,-0.025205,0.089991,-0.453820,
1624923983.000000,216412783.000000,0.131283,-0.586347,0.001029,0.024937,0.018673,-0.948748,0.314493,0.110951,0.007320,0.002556,0.007191,0.003725,-0.461403,
1624923983.000000,221415997.000000,0.130865,-0.586706,0.001019,0.024857,0.018677,-0.949110,0.313405,0.109798,0.008633,0.002907,-0.009897,-0.015259,-0.457052,
1624923983.000000,226418972.000000,0.130435,-0.587039,0.001097,0.024807,0.018744,-0.949465,0.312330,0.107893,0.004763,0.015493,-0.019670,-0.025929,-0.447506,
1624923983.000000,231421947.000000,0.130016,-0.587376,0.001157,0.024765,0.018783,-0.949813,0.311271,0.106616,0.003994,0.020644,0.012277,0.061929,-0.449537,
1624923983.000000,236425877.000000,0.129597,-0.587708,0.001244,0.025017,0.018797,-0.950160,0.310188,0.105377,0.003228,0.025734,0.068794,0.084621,-0.451789,
1624923983.000000,286456823.000000,0.122568,-0.589430,0.001957,0.023483,0.017425,-0.953479,0.300038,0.108675,-0.008492,0.031201,0.015600,0.080720,-0.437892,
1624923983.000000,291460037.000000,0.122074,-0.589780,0.001958,0.023665,0.017478,-0.953800,0.298997,0.116952,-0.002904,0.019970,0.018562,0.055529,-0.429353,
1624923983.000000,296462774.000000,0.121573,-0.590119,0.002014,0.023789,0.017497,-0.954120,0.297965,0.121633,-0.000506,0.017477,0.012384,0.086469,-0.439884,
1624923983.000000,301465750.000000,0.121061,-0.590478,0.002059,0.024056,0.017608,-0.954448,0.296885,0.126202,0.001922,0.015185,-0.004809,0.130699,-0.457069,
1624923983.000000,306468964.000000,0.120588,-0.590821,0.002103,0.024332,0.017749,-0.954779,0.295788,0.122173,0.004060,0.013952,-0.011171,0.125049,-0.453872,
1624923983.000000,311471939.000000,0.120281,-0.589285,0.002170,0.024753,0.017807,-0.955125,0.294628,0.110414,-0.001622,0.005815,-0.014355,0.047916,-0.452690,
1624923983.000000,316475868.000000,0.119819,-0.589596,0.002158,0.024813,0.017900,-0.955459,0.293533,0.111311,0.000649,0.003790,-0.013367,0.068359,-0.463396,
1624923983.000000,321479082.000000,0.119384,-0.589829,0.002215,0.025006,0.018022,-0.955794,0.292418,0.104202,-0.003853,0.009778,-0.009044,0.088371,-0.463445,
1624923983.000000,326481819.000000,0.118945,-0.590103,0.002235,0.025103,0.018117,-0.956122,0.291330,0.102333,-0.003785,0.010264,-0.016488,0.011784,-0.441088,
1624923983.000000,331484795.000000,0.118516,-0.590369,0.002253,0.025070,0.018163,-0.956439,0.290287,0.100183,-0.003736,0.010268,0.011005,0.006059,-0.440898,
1624923983.000000,371509790.000000,0.115053,-0.593289,0.003083,0.023855,0.016922,-0.958928,0.282138,0.080072,-0.002506,0.031280,0.045054,-0.162154,-0.419686,
1624923983.000000,376512766.000000,0.113479,-0.592724,0.003165,0.023596,0.016833,-0.959248,0.281076,0.089801,-0.009298,0.018795,0.034811,-0.072054,-0.418706,
1624923983.000000,381515741.000000,0.113075,-0.592935,0.003222,0.023474,0.016774,-0.959545,0.280074,0.089692,-0.007932,0.015496,0.018366,-0.043184,-0.421756,
1624923983.000000,386518717.000000,0.112543,-0.593249,0.003324,0.023411,0.016726,-0.959847,0.279043,0.105750,-0.005266,0.019105,0.022872,0.015558,-0.436750,
1624923983.000000,391521692.000000,0.112072,-0.593523,0.003387,0.023547,0.016742,-0.960153,0.277979,0.110337,-0.003479,0.018128,0.020666,0.089133,-0.445282,
1624923983.000000,396524906.000000,0.111585,-0.593817,0.003446,0.023786,0.016792,-0.960457,0.276903,0.115041,-0.001666,0.017219,0.016444,0.107050,-0.444221,
1624923983.000000,401528835.000000,0.111118,-0.594118,0.003471,0.024028,0.016858,-0.960757,0.275835,0.114895,0.001535,0.012304,0.012145,0.100636,-0.440990,
1624923983.000000,406531811.000000,0.110630,-0.594439,0.003494,0.024271,0.016952,-0.961057,0.274761,0.117699,0.003920,0.009579,-0.013298,0.125874,-0.451607,
1624923983.000000,411534786.000000,0.109643,-0.594345,0.003414,0.024646,0.017046,-0.961371,0.273618,0.118247,0.002991,0.008421,-0.019952,0.099771,-0.458098,
1624923983.000000,416537762.000000,0.109205,-0.594599,0.003485,0.024761,0.017145,-0.961679,0.272520,0.110379,0.001359,0.012566,-0.007022,0.016925,-0.453785,
1624923983.000000,466568708.000000,0.104969,-0.597684,0.003429,0.024646,0.016470,-0.964652,0.261854,0.069357,-0.002704,0.035610,0.016353,-0.219209,-0.407964,
1624923983.000000,471571684.000000,0.104670,-0.597852,0.003578,0.024090,0.016282,-0.964935,0.260875,0.064452,-0.000678,0.030881,0.040815,-0.210216,-0.405945,
1624923983.000000,476574659.000000,0.103304,-0.598512,0.002678,0.023661,0.016153,-0.965219,0.259867,0.093956,-0.000859,0.018373,0.028260,-0.125067,-0.420740,
1624923983.000000,481577635.000000,0.102890,-0.598751,0.002752,0.023451,0.016058,-0.965503,0.258838,0.096879,0.000112,0.018942,0.036433,-0.051952,-0.425243,
1624923983.000000,486581802.000000,0.102465,-0.599002,0.002833,0.023393,0.015970,-0.965780,0.257813,0.099854,0.001099,0.019768,0.025145,-0.010589,-0.429280,
1624923983.000000,491584778.000000,0.102028,-0.599264,0.002913,0.023405,0.015975,-0.966060,0.256759,0.102954,0.002105,0.020375,0.006665,0.035823,-0.439012,
1624923983.000000,496587992.000000,0.101568,-0.599578,0.002902,0.023569,0.016034,-0.966339,0.255687,0.109977,0.006789,0.010829,0.000480,0.116347,-0.447453,
1624923983.000000,501590729.000000,0.101101,-0.599890,0.002930,0.023870,0.016123,-0.966619,0.254595,0.114198,0.009061,0.008674,0.028990,0.117844,-0.447543,
1624923983.000000,506593704.000000,0.100619,-0.600223,0.002962,0.024125,0.016149,-0.966896,0.253513,0.118510,0.011352,0.007382,-0.000268,0.111924,-0.444258,
1624923983.000000,511596918.000000,0.099601,-0.601298,0.002969,0.024639,0.016262,-0.967192,0.252326,0.133545,0.014114,0.006597,-0.030707,0.123807,-0.453855,
1624923983.000000,601652861.000000,0.091430,-0.607469,0.002920,0.023661,0.015352,-0.972040,0.233114,0.108534,0.018014,0.013612,0.011197,0.094883,-0.444462,
1624923983.000000,606655836.000000,0.090981,-0.607805,0.002950,0.023907,0.015439,-0.972295,0.232018,0.111094,0.020274,0.011247,0.000254,0.108959,-0.449873,
1624923983.000000,611659765.000000,0.090517,-0.608100,0.003384,0.024400,0.015551,-0.972579,0.230767,0.118893,0.018861,0.013962,-0.002841,0.072756,-0.448854,
1624923983.000000,616662741.000000,0.090021,-0.608462,0.003410,0.024543,0.015641,-0.972835,0.229664,0.121648,0.021161,0.011780,-0.018802,0.086093,-0.459447,
1624923983.000000,621665716.000000,0.089594,-0.608757,0.003468,0.024760,0.015787,-0.973094,0.228529,0.113705,0.019499,0.013184,-0.024231,0.105654,-0.468066,
1624923983.000000,626668692.000000,0.089131,-0.609100,0.003500,0.024913,0.015909,-0.973353,0.227398,0.113234,0.020631,0.012009,-0.017769,0.026267,-0.456352,
1624923983.000000,631671906.000000,0.088672,-0.609446,0.003524,0.024875,0.015961,-0.973609,0.226299,0.112673,0.021755,0.010666,-0.001839,-0.013520,-0.451976,
1624923983.000000,636674881.000000,0.088215,-0.609755,0.003643,0.024899,0.015991,-0.973867,0.225182,0.108718,0.017444,0.024009,0.002547,0.061828,-0.465865,
1624923983.000000,641677618.000000,0.086078,-0.610664,0.002563,0.024717,0.015801,-0.974125,0.224098,0.115911,0.008654,0.032883,0.032116,0.074050,-0.456433,
1624923983.000000,646680832.000000,0.085572,-0.610957,0.002703,0.024929,0.015705,-0.974375,0.222991,0.114254,0.007578,0.037785,0.112040,0.111373,-0.455136,
1624923983.000000,691709042.000000,0.080643,-0.613710,0.003299,0.023119,0.014548,-0.976568,0.213469,0.109509,0.012272,0.019004,0.014895,0.065911,-0.442605,
1624923983.000000,696712732.000000,0.080164,-0.614019,0.003305,0.023343,0.014566,-0.976798,0.212389,0.114061,0.015827,0.010834,0.015450,0.082589,-0.434069,
