1624924187.000000,957745075.000000,-0.000375,0.000251,0.000339,0.001667,0.034353,-0.000142,0.999408,-0.001311,0.000233,0.008712,-0.000888,-0.001924,0.001549,
1624924187.000000,962748051.000000,-0.000374,0.000252,0.000380,0.001680,0.034361,-0.000133,0.999408,-0.001102,0.000194,0.009148,0.005710,0.004589,-0.000420,
1624924187.000000,967751265.000000,-0.000381,0.000253,0.000429,0.001683,0.034369,-0.000140,0.999408,-0.002067,0.000144,0.009912,-0.003948,0.002401,0.000477,
1624924187.000000,972755194.000000,-0.000384,0.000253,0.000486,0.001675,0.034378,-0.000130,0.999408,-0.002199,0.000101,0.010940,0.002367,0.005574,0.002741,
1624924187.000000,977756977.000000,-0.000335,0.000229,0.000259,0.001709,0.034383,-0.000102,0.999407,-0.000003,-0.000062,0.007809,-0.002774,-0.012317,0.003760,
1624924187.000000,982761145.000000,-0.000335,0.000229,0.000323,0.001693,0.034339,-0.000095,0.999409,-0.000387,-0.000110,0.010514,-0.000879,-0.009429,-0.000459,
1624924187.000000,987764120.000000,-0.000334,0.000228,0.000377,0.001699,0.034340,-0.000099,0.999409,-0.000564,-0.000155,0.011468,-0.000668,0.004596,-0.000528,
1624924187.000000,992767096.000000,-0.000334,0.000227,0.000435,0.001694,0.034347,-0.000099,0.999409,-0.000756,-0.000199,0.012368,0.003410,-0.000770,-0.001520,
1624924187.000000,997770309.000000,-0.000335,0.000226,0.000484,0.001708,0.034356,-0.000103,0.999408,-0.000897,-0.000242,0.011306,0.001457,0.015006,0.001600,
1624924188.000000,2773285.000000,-0.000336,0.000224,0.000542,0.001698,0.034388,-0.000089,0.999407,-0.000953,-0.000285,0.011672,-0.007193,-0.005858,0.006991,
1624924188.000000,42798042.000000,-0.000363,0.000190,0.000169,0.001676,0.034324,-0.000069,0.999409,-0.001199,-0.000754,0.006636,0.005430,-0.005233,0.000632,
1624924188.000000,47801018.000000,-0.000367,0.000186,0.000195,0.001705,0.034336,-0.000074,0.999409,-0.001137,-0.000888,0.007269,0.003718,0.003643,-0.003666,
1624924188.000000,52803993.000000,-0.000369,0.000181,0.000227,0.001691,0.034338,-0.000079,0.999409,-0.000924,-0.001023,0.008099,-0.005143,0.004454,0.001636,
1624924188.000000,57808161.000000,-0.000330,0.000167,0.000229,0.001684,0.034173,-0.000071,0.999415,0.005040,-0.002358,0.004270,-0.004952,-0.197925,0.001712,
1624924188.000000,62810898.000000,-0.000300,0.000154,0.000248,0.001631,0.033143,-0.000109,0.999449,0.007682,-0.002975,0.003354,-0.044303,-0.649686,-0.041861,
1624924188.000000,67814112.000000,-0.000253,0.000137,0.000262,0.001495,0.031350,-0.000329,0.999507,0.009985,-0.003587,0.001995,-0.040421,-0.635220,-0.144138,
1624924188.000000,72817087.000000,-0.000198,0.000118,0.000266,0.001409,0.030195,-0.000805,0.999543,0.012082,-0.004192,0.000647,-0.027215,-0.318098,-0.224345,
1624924188.000000,77820063.000000,0.001035,-0.000037,0.000082,0.001366,0.030020,-0.001420,0.999547,0.109381,-0.017990,0.005040,0.015017,0.216416,-0.257258,
1624924188.000000,82823277.000000,0.001639,-0.000137,0.000068,0.001439,0.031123,-0.002067,0.999512,0.132468,-0.021454,0.005339,0.041010,0.546246,-0.251942,
1624924188.000000,87826252.000000,0.002357,-0.000257,0.000055,0.001462,0.032311,-0.002686,0.999473,0.155553,-0.024870,0.006574,-0.021855,0.335996,-0.248581,
1624924188.000000,182885885.000000,0.012115,-0.002560,0.000471,0.002150,0.034441,-0.021501,0.999173,0.133564,-0.015513,0.006126,-0.005778,0.026495,-0.422951,
1624924188.000000,187889099.000000,0.012776,-0.002666,0.000455,0.002060,0.034490,-0.022598,0.999147,0.133067,-0.014847,0.004766,-0.030518,0.005724,-0.449838,
1624924188.000000,192892075.000000,0.013439,-0.002769,0.000428,0.001935,0.034521,-0.023723,0.999120,0.132963,-0.014163,0.003132,-0.038950,0.032973,-0.450850,
1624924188.000000,197895050.000000,0.014096,-0.002870,0.000394,0.001799,0.034559,-0.024827,0.999093,0.132565,-0.013493,0.001616,-0.036864,-0.048784,-0.430632,
1624924188.000000,202898264.000000,0.014778,-0.003062,0.000582,0.001759,0.034418,-0.025906,0.999070,0.134549,-0.023307,0.027958,0.062930,0.009923,-0.446362,
1624924188.000000,207901001.000000,0.016803,-0.003419,0.000453,0.002057,0.034353,-0.027062,0.999041,0.146140,-0.031763,0.045072,0.107412,0.103677,-0.458629,
1624924188.000000,212903976.000000,0.017537,-0.003626,0.000641,0.002286,0.034627,-0.028205,0.999000,0.145898,-0.034556,0.052969,0.115278,0.119163,-0.449970,
1624924188.000000,217907190.000000,0.018163,-0.003797,0.000705,0.002498,0.034944,-0.029317,0.998956,0.135217,-0.032648,0.043622,0.046697,0.138204,-0.430856,
1624924188.000000,222911119.000000,0.018835,-0.004005,0.000892,0.002490,0.035244,-0.030365,0.998914,0.131916,-0.034082,0.048031,0.000027,0.076072,-0.409476,
1624924188.000000,227914333.000000,0.019490,-0.004221,0.001091,0.002521,0.035236,-0.031378,0.998883,0.128476,-0.035539,0.051053,0.061047,-0.096723,-0.402011,
1624924188.000000,277945042.000000,0.026652,-0.005397,0.000424,0.002658,0.035064,-0.042197,0.998490,0.151854,-0.013536,0.003889,-0.014063,0.190894,-0.448278,
1624924188.000000,282948017.000000,0.027401,-0.005527,0.000396,0.002591,0.035397,-0.043310,0.998431,0.151623,-0.012793,0.002516,0.001384,0.015977,-0.438779,
1624924188.000000,287951231.000000,0.028145,-0.005655,0.000364,0.002560,0.035251,-0.044409,0.998388,0.151117,-0.012061,0.001339,-0.012913,-0.069410,-0.450275,
1624924188.000000,292953968.000000,0.028871,-0.005806,0.000403,0.002433,0.035181,-0.045552,0.998339,0.148017,-0.015101,0.011179,-0.039007,0.002582,-0.459060,
1624924188.000000,297956944.000000,0.029601,-0.005951,0.000413,0.002316,0.035224,-0.046681,0.998286,0.146823,-0.015884,0.013764,-0.022850,0.014334,-0.448277,
1624924188.000000,302960157.000000,0.030325,-0.006102,0.000436,0.002269,0.035250,-0.047783,0.998233,0.145682,-0.016678,0.016126,0.022858,0.008787,-0.432340,
1624924188.000000,307963133.000000,0.030887,-0.006241,-0.000615,0.002407,0.034887,-0.048939,0.998189,0.143173,-0.019073,0.001487,0.076226,0.110329,-0.452522,
1624924188.000000,312967062.000000,0.031543,-0.006486,-0.000336,0.002614,0.035308,-0.050102,0.998116,0.137423,-0.027970,0.034305,0.094487,0.217814,-0.461351,
1624924188.000000,317970276.000000,0.032219,-0.006704,-0.000192,0.002827,0.035754,-0.051226,0.998043,0.135324,-0.031129,0.044690,0.091114,0.094464,-0.431405,
1624924188.000000,322973013.000000,0.032887,-0.006939,0.000007,0.002983,0.035753,-0.052275,0.997988,0.133207,-0.034316,0.055366,0.050841,-0.054022,-0.406818,
1624924188.000000,362998247.000000,0.037741,-0.008183,-0.000651,0.002977,0.033464,-0.060669,0.997592,0.149382,-0.015596,-0.000849,0.025971,0.101858,-0.428223,
1624924188.000000,368001223.000000,0.038490,-0.008350,-0.000709,0.003123,0.033816,-0.061764,0.997513,0.156040,-0.014129,-0.001947,0.100813,0.159816,-0.440141,
1624924188.000000,373004198.000000,0.039209,-0.008488,-0.000855,0.003262,0.034142,-0.062864,0.997433,0.154225,-0.009873,-0.012152,-0.034701,0.090847,-0.438987,
1624924188.000000,378007412.000000,0.040032,-0.008790,0.000003,0.003142,0.034865,-0.064084,0.997330,0.154794,-0.007582,-0.012532,-0.069594,0.163725,-0.450776,
1624924188.000000,383010864.000000,0.040793,-0.008921,-0.000132,0.003077,0.035308,-0.065212,0.997242,0.157385,-0.004963,-0.018257,-0.002083,0.100081,-0.447770,
1624924188.000000,388013124.000000,0.041471,-0.009114,-0.000100,0.003081,0.035414,-0.066315,0.997165,0.148680,-0.011954,-0.002311,0.046279,0.051326,-0.441188,
1624924188.000000,393017054.000000,0.042195,-0.009273,-0.000192,0.003137,0.035527,-0.067437,0.997086,0.147775,-0.012511,-0.003286,-0.022077,-0.016804,-0.458268,
1624924188.000000,398020029.000000,0.042917,-0.009437,-0.000292,0.002936,0.035462,-0.068582,0.997011,0.147120,-0.013057,-0.004599,-0.058487,0.027913,-0.457344,
1624924188.000000,403023005.000000,0.043631,-0.009639,-0.000273,0.002839,0.035646,-0.069702,0.996927,0.145855,-0.018579,0.009591,-0.004505,0.048966,-0.445490,
1624924188.000000,408026218.000000,0.044117,-0.010199,-0.000343,0.002937,0.035342,-0.070838,0.996857,0.135842,-0.029487,0.038464,0.068871,-0.002880,-0.433984,
1624924188.000000,458057165.000000,0.050108,-0.012003,-0.000012,0.003506,0.033512,-0.081545,0.996100,0.133717,-0.017187,0.017712,0.023269,0.069339,-0.437184,
1624924188.000000,463060141.000000,0.050775,-0.012198,0.000031,0.003522,0.033715,-0.082638,0.996003,0.139747,-0.015935,0.018042,0.006048,0.069705,-0.435205,
1624924188.000000,468063116.000000,0.051446,-0.012382,0.000049,0.003529,0.033892,-0.083717,0.995907,0.141953,-0.013757,0.014230,0.028261,0.096570,-0.434026,
1624924188.000000,473066092.000000,0.052149,-0.012567,0.000068,0.003605,0.034208,-0.084812,0.995803,0.146331,-0.012103,0.012425,0.025445,0.147929,-0.443661,
1624924188.000000,478070259.000000,0.053705,-0.013253,-0.000143,0.003743,0.034969,-0.086010,0.995673,0.165686,-0.014346,0.003161,-0.019509,0.145542,-0.439543,
1624924188.000000,483073235.000000,0.054421,-0.013472,-0.000157,0.003654,0.035262,-0.087098,0.995569,0.159028,-0.015415,0.004185,-0.032385,0.065166,-0.443629,
1624924188.000000,488076210.000000,0.055191,-0.013685,-0.000190,0.003585,0.035397,-0.088220,0.995465,0.159611,-0.014598,0.003620,0.009131,0.073933,-0.456544,
1624924188.000000,493079424.000000,0.055966,-0.013897,-0.000218,0.003596,0.035570,-0.089364,0.995357,0.160299,-0.013770,0.003767,-0.002136,0.016885,-0.461837,
1624924188.000000,498082161.000000,0.056711,-0.014131,-0.000187,0.003500,0.035546,-0.090510,0.995255,0.156380,-0.017204,0.012177,-0.027125,0.005984,-0.457606,
1624924188.000000,503085136.000000,0.057464,-0.014360,-0.000175,0.003408,0.035602,-0.091635,0.995150,0.155265,-0.018096,0.014964,-0.017365,-0.005497,-0.447981,
1624924188.000000,543110132.000000,0.061264,-0.015852,-0.000805,0.004071,0.034477,-0.100324,0.994349,0.094244,-0.014862,0.004768,0.046585,-0.238227,-0.425974,
1624924188.000000,548113108.000000,0.061920,-0.016114,-0.000732,0.004087,0.033931,-0.101387,0.994260,0.111319,-0.018790,0.011902,0.026566,-0.206023,-0.425809,
1624924188.000000,553117275.000000,0.062451,-0.016320,-0.000708,0.004056,0.033518,-0.102451,0.994165,0.112036,-0.018844,0.011979,0.028276,-0.096406,-0.425849,
1624924188.000000,558120012.000000,0.062984,-0.016527,-0.000680,0.004092,0.033464,-0.103520,0.994056,0.112630,-0.018896,0.012301,0.018080,0.042943,-0.435368,
1624924188.000000,563122988.000000,0.063605,-0.016738,-0.000682,0.004098,0.033655,-0.104604,0.993936,0.125617,-0.016536,0.008979,0.014464,0.095917,-0.429137,
1624924188.000000,568126202.000000,0.064218,-0.016952,-0.000685,0.004145,0.033902,-0.105665,0.993815,0.131511,-0.015583,0.007282,0.024343,0.101045,-0.432103,
1624924188.000000,573129177.000000,0.064861,-0.017168,-0.000699,0.004182,0.034148,-0.106749,0.993691,0.137490,-0.014598,0.005721,0.013608,0.096780,-0.432326,
1624924188.000000,578132153.000000,0.066380,-0.017911,-0.000570,0.004271,0.034637,-0.107907,0.993548,0.154457,-0.014406,0.006777,-0.005546,0.122815,-0.438638,
1624924188.000000,583135128.000000,0.067124,-0.018143,-0.000593,0.004233,0.034919,-0.109000,0.993419,0.156220,-0.012245,0.005543,-0.016219,0.064149,-0.435615,
1624924188.000000,588138103.000000,0.067875,-0.018368,-0.000626,0.004175,0.034996,-0.110086,0.993297,0.157768,-0.010080,0.003898,0.000761,0.020889,-0.449227,
1624924188.000000,678195000.000000,0.078899,-0.023245,0.000064,0.004865,0.034390,-0.129559,0.990963,0.154758,-0.014581,0.016150,0.010558,0.093898,-0.434505,
1624924188.000000,683198214.000000,0.079644,-0.023515,0.000086,0.004857,0.034675,-0.130659,0.990809,0.159306,-0.012759,0.014483,-0.020287,0.119861,-0.448588,
1624924188.000000,688201189.000000,0.080302,-0.023770,0.000159,0.004812,0.034941,-0.131770,0.990653,0.151757,-0.012570,0.018264,0.008122,0.074339,-0.451686,
1624924188.000000,693204165.000000,0.081023,-0.024028,0.000181,0.004822,0.035053,-0.132893,0.990499,0.152460,-0.011242,0.016723,-0.008240,0.023218,-0.452791,
1624924188.000000,698207140.000000,0.081747,-0.024282,0.000197,0.004723,0.035130,-0.134022,0.990344,0.153023,-0.009913,0.015197,-0.024907,0.041134,-0.464427,
1624924188.000000,703210115.000000,0.082439,-0.024556,0.000248,0.004658,0.035279,-0.135169,0.990183,0.149565,-0.013322,0.018923,-0.019148,0.059485,-0.453967,
1624924188.000000,708213091.000000,0.082957,-0.024870,-0.001030,0.004580,0.034926,-0.136258,0.990047,0.143491,-0.017920,0.013644,0.017921,0.009809,-0.442113,
1624924188.000000,713216305.000000,0.083624,-0.025153,-0.001005,0.004645,0.034929,-0.137367,0.989893,0.142863,-0.018536,0.016244,0.058596,0.028300,-0.453857,
1624924188.000000,718220234.000000,0.084216,-0.025499,-0.000749,0.004798,0.035053,-0.138512,0.989729,0.134645,-0.027675,0.042728,0.079840,0.074436,-0.463525,
1624924188.000000,723223209.000000,0.084830,-0.025827,-0.000556,0.005009,0.035232,-0.139662,0.989560,0.131504,-0.031030,0.053073,0.101099,0.093276,-0.457130,
1624924188.000000,768250942.000000,0.089262,-0.028399,-0.001091,0.005309,0.033205,-0.149052,0.988257,0.135124,-0.019512,0.000308,0.008427,0.037130,-0.433894,
1624924188.000000,773254156.000000,0.090805,-0.028423,-0.000867,0.005371,0.033684,-0.150198,0.988067,0.154654,-0.010357,0.005726,0.021284,0.094346,-0.449701,
1624924188.000000,778257132.000000,0.091544,-0.028704,-0.000897,0.005427,0.033941,-0.151320,0.987887,0.160813,-0.008868,0.003948,0.015070,0.109174,-0.449896,
1624924188.000000,783260107.000000,0.092261,-0.028944,-0.000938,0.005434,0.034268,-0.152423,0.987706,0.160514,-0.004592,0.001714,-0.020168,0.169193,-0.451808,
1624924188.000000,788263083.000000,0.093026,-0.029205,-0.000985,0.005402,0.034754,-0.153539,0.987516,0.164310,-0.002271,0.000304,-0.022478,0.186761,-0.448806,
1624924188.000000,793266058.000000,0.093811,-0.029462,-0.001046,0.005396,0.035118,-0.154635,0.987333,0.168111,0.000064,-0.001529,0.004299,0.084922,-0.446506,
1624924188.000000,798270226.000000,0.094499,-0.029732,-0.001082,0.005379,0.035190,-0.155739,0.987157,0.156318,-0.005048,0.001230,-0.005134,-0.020284,-0.443438,
1624924188.000000,803273201.000000,0.095226,-0.029997,-0.001131,0.005272,0.035116,-0.156841,0.986985,0.154284,-0.005708,0.001254,-0.037257,-0.032062,-0.458186,
1624924188.000000,808276176.000000,0.094329,-0.031292,-0.001491,0.005210,0.034637,-0.157948,0.986826,0.128812,-0.028761,-0.000017,0.002981,0.020122,-0.450005,
1624924188.000000,813279390.000000,0.094935,-0.031698,-0.001353,0.005262,0.034728,-0.159048,0.986646,0.131967,-0.034837,0.020752,0.041800,0.046869,-0.449719,
1624924188.000000,858307123.000000,0.100189,-0.034534,-0.000149,0.005858,0.033188,-0.168526,0.985121,0.119919,-0.024453,0.026026,0.039542,-0.105239,-0.430650,
1624924188.000000,863310099.000000,0.100733,-0.034855,-0.000060,0.005874,0.033065,-0.169613,0.984938,0.124626,-0.023945,0.025489,0.015031,-0.023737,-0.442519,
1624924188.000000,868313074.000000,0.101299,-0.035182,0.000022,0.005874,0.033033,-0.170692,0.984753,0.129480,-0.023419,0.024579,0.033932,0.010558,-0.429692,
1624924188.000000,873316050.000000,0.103245,-0.035759,-0.000505,0.005959,0.033390,-0.171820,0.984544,0.159806,-0.015880,0.008848,0.024849,0.074224,-0.443358,
1624924188.000000,878319979.000000,0.103980,-0.036104,-0.000520,0.005978,0.033732,-0.172931,0.984338,0.164872,-0.013743,0.004945,-0.021319,0.220006,-0.453192,
1624924188.000000,883322954.000000,0.104745,-0.036450,-0.000572,0.006000,0.034313,-0.174023,0.984125,0.170402,-0.011568,0.000016,0.007266,0.156867,-0.436054,
1624924188.000000,888326168.000000,0.105542,-0.036797,-0.000659,0.006042,0.034527,-0.175090,0.983928,0.176157,-0.009372,-0.005316,0.005691,0.068151,-0.437008,
1624924188.000000,893329144.000000,0.106212,-0.037134,-0.000620,0.006010,0.034698,-0.176184,0.983727,0.163795,-0.012185,0.005635,-0.010766,0.038510,-0.453081,
1624924188.000000,898332119.000000,0.106957,-0.037474,-0.000653,0.005958,0.034776,-0.177314,0.983522,0.163300,-0.011661,0.005952,-0.014772,0.042034,-0.465869,
1624924188.000000,903335094.000000,0.107709,-0.037816,-0.000685,0.005892,0.034879,-0.178450,0.983313,0.163267,-0.011128,0.006235,-0.012809,-0.005803,-0.452111,
1624924188.000000,963373184.000000,0.113308,-0.041172,-0.000883,0.006425,0.033342,-0.191254,0.980953,0.112337,-0.018162,0.018181,-0.000831,0.055164,-0.408410,
1624924188.000000,968376160.000000,0.113838,-0.041486,-0.000789,0.006411,0.033499,-0.192256,0.980752,0.118514,-0.017829,0.022321,0.018913,0.022997,-0.406364,
1624924188.000000,973379135.000000,0.113988,-0.042269,-0.000694,0.006466,0.033484,-0.193338,0.980539,0.129422,-0.023782,0.020402,0.072686,-0.163860,-0.416923,
1624924188.000000,978382111.000000,0.114554,-0.042629,-0.000635,0.006503,0.033114,-0.194416,0.980338,0.132707,-0.023217,0.019941,0.022776,-0.014270,-0.462705,
1624924188.000000,983385086.000000,0.115204,-0.042934,-0.000649,0.006456,0.033422,-0.195579,0.980097,0.141080,-0.013160,0.012093,-0.071300,0.172672,-0.473661,
1624924188.000000,988387823.000000,0.115847,-0.043263,-0.000620,0.006343,0.033840,-0.196688,0.979862,0.145766,-0.009425,0.011653,-0.012191,0.128319,-0.434079,
1624924188.000000,993391037.000000,0.116509,-0.043582,-0.000595,0.006433,0.034107,-0.197743,0.979639,0.149755,-0.005693,0.011186,0.035743,0.111029,-0.443390,
1624924188.000000,998394012.000000,0.117086,-0.043927,-0.000562,0.006457,0.034361,-0.198875,0.979401,0.140688,-0.012478,0.013622,-0.031744,0.076518,-0.475656,
1624924189.000000,3398180.000000,0.117710,-0.044261,-0.000547,0.006341,0.034559,-0.200043,0.979157,0.139838,-0.012931,0.014100,-0.033250,0.085468,-0.476712,
1624924189.000000,8401155.000000,0.119301,-0.044787,-0.001882,0.006277,0.034779,-0.201192,0.978914,0.155227,-0.012593,-0.026703,-0.026299,0.032458,-0.456464,
1624924189.000000,43423176.000000,0.123940,-0.047184,-0.001619,0.007040,0.034707,-0.208835,0.977310,0.110789,-0.018406,0.027922,0.038540,-0.253623,-0.401200,
1624924189.000000,48426151.000000,0.124515,-0.047511,-0.001599,0.006936,0.033938,-0.209819,0.977127,0.116357,-0.015412,0.020311,0.039540,-0.305919,-0.408392,
1624924189.000000,53429127.000000,0.125012,-0.047818,-0.001543,0.006875,0.033341,-0.210863,0.976923,0.113240,-0.014612,0.018198,0.040676,-0.160102,-0.437349,
1624924189.000000,58432102.000000,0.125500,-0.048117,-0.001493,0.006858,0.033064,-0.211938,0.976699,0.110551,-0.013814,0.016475,0.017291,-0.088577,-0.431040,
1624924189.000000,63435316.000000,0.126129,-0.048467,-0.001445,0.006825,0.032875,-0.212985,0.976478,0.131055,-0.011507,0.016704,0.032975,-0.053145,-0.431882,
1624924189.000000,68438292.000000,0.126720,-0.048798,-0.001410,0.006874,0.032799,-0.214065,0.976244,0.137306,-0.010052,0.015089,0.031295,-0.002075,-0.447986,
1624924189.000000,73441029.000000,0.127475,-0.049820,-0.002053,0.006912,0.033077,-0.215238,0.975977,0.154761,-0.014180,0.004464,-0.007248,0.119221,-0.458648,
1624924189.000000,78444242.000000,0.128116,-0.050196,-0.002090,0.006939,0.033440,-0.216338,0.975721,0.154882,-0.013067,0.002148,0.010671,0.119209,-0.435357,
1624924189.000000,83448172.000000,0.128803,-0.050586,-0.002147,0.006997,0.033684,-0.217380,0.975481,0.159122,-0.011670,-0.000679,0.002625,0.123207,-0.432898,
1624924189.000000,88450909.000000,0.129508,-0.050978,-0.002221,0.007027,0.034034,-0.218462,0.975226,0.163052,-0.010243,-0.003612,0.007433,0.125274,-0.452317,
1624924189.000000,183510303.000000,0.138665,-0.059582,-0.002278,0.007492,0.033764,-0.239135,0.970370,0.155576,-0.018995,-0.000580,-0.005222,0.094302,-0.438436,
1624924189.000000,188513279.000000,0.139256,-0.060022,-0.002307,0.007494,0.033933,-0.240215,0.970098,0.151130,-0.020558,0.001224,0.000259,0.050481,-0.457516,
1624924189.000000,193516254.000000,0.139876,-0.060465,-0.002355,0.007485,0.034055,-0.241344,0.969813,0.151708,-0.020080,0.000455,0.005443,0.044271,-0.467285,
1624924189.000000,198520184.000000,0.140499,-0.060909,-0.002406,0.007476,0.034181,-0.242478,0.969526,0.152285,-0.019600,-0.000069,-0.013523,0.056947,-0.471393,
1624924189.000000,203522921.000000,0.140853,-0.061340,-0.002676,0.007400,0.034047,-0.243607,0.969248,0.147799,-0.021578,0.001902,-0.014848,0.042401,-0.459835,
1624924189.000000,208526134.000000,0.141456,-0.061786,-0.002730,0.007329,0.034138,-0.244697,0.968971,0.148723,-0.021126,0.001263,-0.042102,0.020988,-0.445830,
1624924189.000000,213529110.000000,0.142057,-0.062231,-0.002796,0.007199,0.034217,-0.245777,0.968696,0.149457,-0.020681,0.000327,-0.011881,0.015773,-0.450125,
1624924189.000000,218531847.000000,0.142500,-0.062814,-0.002173,0.007263,0.034259,-0.246878,0.968413,0.141051,-0.034776,0.048478,0.079138,0.038964,-0.456555,
1624924189.000000,223535061.000000,0.143047,-0.063318,-0.001967,0.007505,0.034395,-0.248005,0.968119,0.140031,-0.037499,0.057906,0.096345,0.128921,-0.471415,
1624924189.000000,228538036.000000,0.143588,-0.063836,-0.001706,0.007770,0.034711,-0.249156,0.967810,0.139272,-0.040209,0.067953,0.084323,0.138048,-0.467306,
1624924189.000000,278568983.000000,0.148023,-0.068169,-0.001920,0.007929,0.033336,-0.259669,0.965089,0.151388,-0.021722,0.007252,0.015070,0.100645,-0.435265,
1624924189.000000,283573151.000000,0.148541,-0.068586,-0.001945,0.008006,0.033590,-0.260725,0.964795,0.145172,-0.019505,0.003903,0.010023,0.126721,-0.442632,
1624924189.000000,288576126.000000,0.149123,-0.069034,-0.001983,0.008027,0.033878,-0.261787,0.964497,0.147014,-0.017597,0.001288,-0.023163,0.067040,-0.433190,
1624924189.000000,293579102.000000,0.149711,-0.069476,-0.002043,0.007967,0.033982,-0.262838,0.964208,0.148463,-0.015688,-0.002142,0.002176,0.036398,-0.454194,
1624924189.000000,298582315.000000,0.150265,-0.069918,-0.002099,0.007978,0.034134,-0.263977,0.963892,0.144548,-0.017339,-0.002475,-0.018531,0.080386,-0.482210,
1624924189.000000,303585291.000000,0.150639,-0.070621,-0.002695,0.007908,0.034036,-0.265121,0.963582,0.145344,-0.022643,0.002536,-0.040415,-0.002713,-0.469433,
1624924189.000000,308588028.000000,0.151202,-0.071092,-0.002726,0.007772,0.033991,-0.266231,0.963278,0.146357,-0.022177,0.002823,-0.025209,-0.010396,-0.459647,
1624924189.000000,313591242.000000,0.151715,-0.071602,-0.002573,0.007722,0.034065,-0.267345,0.962968,0.142530,-0.028659,0.023656,0.010848,0.032008,-0.466133,
1624924189.000000,318594933.000000,0.152252,-0.072100,-0.002485,0.007808,0.034179,-0.268469,0.962650,0.141888,-0.030441,0.030550,0.062103,0.102232,-0.462971,
1624924189.000000,323598146.000000,0.152784,-0.072607,-0.002360,0.008038,0.034412,-0.269578,0.962330,0.141304,-0.032220,0.037778,0.093030,0.079978,-0.455467,
1624924189.000000,373629093.000000,0.158993,-0.076732,-0.002765,0.008350,0.033189,-0.280162,0.959342,0.153493,-0.013229,0.010616,0.025878,0.118507,-0.431997,
1624924189.000000,378632069.000000,0.159591,-0.077126,-0.002862,0.008453,0.033455,-0.281208,0.959026,0.152697,-0.006822,0.000323,0.010185,0.118248,-0.439536,
1624924189.000000,383635283.000000,0.160224,-0.077566,-0.002919,0.008499,0.033788,-0.282266,0.958703,0.156083,-0.004378,-0.002567,-0.010369,0.153249,-0.444863,
1624924189.000000,388638258.000000,0.160876,-0.078006,-0.002996,0.008533,0.034125,-0.283335,0.958376,0.159465,-0.001913,-0.005719,-0.009170,0.081763,-0.450180,
1624924189.000000,393642187.000000,0.161484,-0.078434,-0.003047,0.008486,0.034219,-0.284420,0.958051,0.154066,-0.003049,-0.003387,-0.018722,0.005742,-0.456569,
1624924189.000000,398645163.000000,0.162119,-0.078864,-0.003120,0.008402,0.034259,-0.285527,0.957721,0.154000,-0.002020,-0.004251,-0.016710,0.012367,-0.470397,
1624924189.000000,403648138.000000,0.162757,-0.079292,-0.003198,0.008346,0.034338,-0.286660,0.957380,0.154045,-0.000981,-0.005054,-0.015505,0.038895,-0.472620,
1624924189.000000,408651114.000000,0.164447,-0.080196,-0.004597,0.008251,0.034097,-0.287752,0.957062,0.158882,-0.007931,-0.007009,-0.028285,-0.027379,-0.456613,
1624924189.000000,413654327.000000,0.165086,-0.080668,-0.004679,0.008143,0.034039,-0.288832,0.956740,0.159026,-0.008875,-0.004302,0.003495,0.009713,-0.450137,
1624924189.000000,418657303.000000,0.165719,-0.081146,-0.004750,0.008236,0.034183,-0.289921,0.956405,0.158947,-0.009821,-0.001905,0.065452,0.103890,-0.460822,
1624924189.000000,458682060.000000,0.170549,-0.085330,-0.003479,0.008661,0.032760,-0.298288,0.953874,0.160761,-0.018670,0.043678,0.021867,-0.075407,-0.443849,
1624924189.000000,463685036.000000,0.171174,-0.085876,-0.003327,0.008646,0.032700,-0.299332,0.953549,0.162802,-0.018301,0.042289,0.021612,0.007498,-0.425770,
1624924189.000000,468688011.000000,0.171872,-0.086447,-0.003226,0.008705,0.032802,-0.300336,0.953230,0.174068,-0.014793,0.035446,0.019761,0.103338,-0.422419,
1624924189.000000,473691225.000000,0.171658,-0.086116,-0.003997,0.008829,0.033219,-0.301400,0.952878,0.163102,-0.002188,0.006163,0.019656,0.076688,-0.423656,
1624924189.000000,478695154.000000,0.172331,-0.086599,-0.004027,0.008893,0.033358,-0.302420,0.952549,0.168580,-0.000538,0.003725,0.021886,0.095353,-0.437367,
1624924189.000000,483698130.000000,0.173031,-0.087092,-0.004072,0.008977,0.033666,-0.303478,0.952201,0.174088,0.001152,0.001537,-0.008932,0.124125,-0.446062,
1624924189.000000,488701105.000000,0.173691,-0.087515,-0.004074,0.008985,0.033991,-0.304536,0.951852,0.169173,0.005647,0.004325,-0.023028,0.152891,-0.449128,
1624924189.000000,493704081.000000,0.174402,-0.087981,-0.004115,0.009014,0.034358,-0.305605,0.951496,0.171390,0.008169,0.003422,-0.013283,0.087220,-0.450278,
1624924189.000000,498707294.000000,0.175129,-0.088445,-0.004160,0.008964,0.034429,-0.306674,0.951150,0.173609,0.010700,0.002535,-0.012208,-0.019714,-0.451271,
1624924189.000000,503710270.000000,0.175800,-0.088911,-0.004199,0.008849,0.034355,-0.307763,0.950801,0.167842,0.006802,0.002955,-0.028156,-0.062792,-0.468300,
1624924189.000000,553741932.000000,0.178177,-0.093783,-0.003951,0.009236,0.032994,-0.318144,0.947423,0.108982,-0.017458,0.011383,0.042192,-0.249465,-0.418285,
1624924189.000000,558745146.000000,0.178561,-0.094180,-0.003935,0.009147,0.032516,-0.319170,0.947095,0.107320,-0.016444,0.007927,0.032736,-0.117056,-0.436541,
1624924189.000000,563748121.000000,0.179053,-0.094659,-0.003882,0.009113,0.032357,-0.320204,0.946752,0.126189,-0.015843,0.013699,0.016574,-0.042240,-0.429092,
1624924189.000000,568750858.000000,0.179523,-0.095116,-0.003857,0.009123,0.032304,-0.321213,0.946412,0.132761,-0.014949,0.013957,0.041015,0.026941,-0.426820,
1624924189.000000,573754072.000000,0.180229,-0.095920,-0.003518,0.009305,0.032716,-0.322274,0.946035,0.148755,-0.013678,0.019509,0.012779,0.188066,-0.436461,
1624924189.000000,578757048.000000,0.180743,-0.096361,-0.003491,0.009444,0.033256,-0.323301,0.945664,0.144668,-0.009115,0.016348,0.005697,0.219439,-0.432257,
1624924189.000000,583760023.000000,0.181298,-0.096843,-0.003471,0.009589,0.033660,-0.324307,0.945304,0.147270,-0.006952,0.014219,0.014766,0.118327,-0.421533,
1624924189.000000,588764191.000000,0.181865,-0.097322,-0.003454,0.009624,0.033889,-0.325313,0.944950,0.149478,-0.004778,0.012691,-0.019491,0.091383,-0.438492,
1624924189.000000,593767166.000000,0.182445,-0.097800,-0.003441,0.009581,0.034097,-0.326365,0.944580,0.151624,-0.002583,0.011470,-0.027096,0.024414,-0.447224,
1624924189.000000,598769903.000000,0.182951,-0.098253,-0.003420,0.009485,0.034091,-0.327421,0.944216,0.143764,-0.004666,0.011640,-0.013116,-0.023054,-0.452370,
1624924189.000000,683822870.000000,0.189303,-0.107828,-0.003314,0.009991,0.033165,-0.344890,0.938004,0.155671,-0.015802,0.011147,0.025330,0.196812,-0.433276,
1624924189.000000,688826084.000000,0.189770,-0.108332,-0.003290,0.010152,0.033555,-0.345906,0.937614,0.145832,-0.014799,0.012255,0.006343,0.115531,-0.429194,
1624924189.000000,693829060.000000,0.190279,-0.108860,-0.003283,0.010154,0.033709,-0.346908,0.937238,0.145812,-0.013188,0.011403,-0.006749,0.019563,-0.434334,
1624924189.000000,698832035.000000,0.190794,-0.109384,-0.003278,0.010078,0.033798,-0.347953,0.936848,0.145686,-0.011564,0.010969,-0.063819,0.051249,-0.459995,
1624924189.000000,703835249.000000,0.191632,-0.109935,-0.004657,0.009933,0.033731,-0.349011,0.936459,0.142793,-0.014950,-0.003380,0.009714,-0.036597,-0.447453,
1624924189.000000,708838224.000000,0.192127,-0.110465,-0.004799,0.009908,0.033588,-0.350053,0.936075,0.142913,-0.015391,-0.006620,-0.018445,-0.009769,-0.451339,
1624924189.000000,713841915.000000,0.192617,-0.110995,-0.004954,0.009796,0.033733,-0.351122,0.935671,0.142837,-0.015823,-0.009618,-0.008540,0.038537,-0.454884,
1624924189.000000,718845129.000000,0.193099,-0.111525,-0.005091,0.009889,0.033867,-0.352176,0.935269,0.142476,-0.016284,-0.011084,0.038629,0.138803,-0.450390,
1624924189.000000,723848104.000000,0.193547,-0.112096,-0.004928,0.010092,0.034192,-0.353224,0.934859,0.139970,-0.022675,0.021756,0.078244,0.076135,-0.438845,
1624924189.000000,728851080.000000,0.194006,-0.112660,-0.004877,0.010299,0.034168,-0.354256,0.934467,0.139454,-0.025104,0.031115,0.087502,0.035779,-0.448188,
1624924189.000000,778882265.000000,0.198287,-0.118197,-0.004946,0.010317,0.032490,-0.364294,0.930660,0.157543,-0.015978,0.003158,0.001974,0.080243,-0.438695,
1624924189.000000,783885241.000000,0.198790,-0.118745,-0.005019,0.010361,0.032756,-0.365327,0.930245,0.156382,-0.012838,-0.001894,-0.002582,0.149814,-0.448397,
1624924189.000000,788887978.000000,0.199325,-0.119324,-0.005093,0.010494,0.033177,-0.366360,0.929822,0.159364,-0.010967,-0.004544,0.000929,0.181106,-0.441986,
1624924189.000000,793791771.000000,0.199875,-0.119907,-0.005179,0.010590,0.033567,-0.367377,0.929406,0.162307,-0.009090,-0.006965,-0.010931,0.135282,-0.438727,
1624924189.000000,798794746.000000,0.200359,-0.120450,-0.005218,0.010621,0.033776,-0.368399,0.928993,0.152066,-0.010567,-0.002486,0.011346,0.013686,-0.443012,
1624924189.000000,803797483.000000,0.200702,-0.120783,-0.005807,0.010533,0.033562,-0.369423,0.928595,0.140809,-0.011267,-0.006725,-0.016914,-0.020857,-0.449434,
1624924189.000000,808800697.000000,0.201168,-0.121301,-0.005884,0.010398,0.033597,-0.370464,0.928181,0.138689,-0.010792,-0.005729,-0.046273,0.001964,-0.447352,
1624924189.000000,813803673.000000,0.201635,-0.121868,-0.005874,0.010277,0.033625,-0.371484,0.927773,0.140945,-0.014461,0.004862,-0.017299,-0.021357,-0.432421,
1624924189.000000,818806648.000000,0.202095,-0.122410,-0.005889,0.010218,0.033570,-0.372479,0.927377,0.140581,-0.015372,0.008780,0.018951,-0.023733,-0.428078,
1624924189.000000,823809862.000000,0.202544,-0.122951,-0.005888,0.010300,0.033592,-0.373500,0.926964,0.139677,-0.016282,0.012458,0.071071,0.093629,-0.456810,
1624924189.000000,868838787.000000,0.205604,-0.128053,-0.004932,0.010725,0.032104,-0.382433,0.923363,0.123659,-0.020062,0.021301,0.039169,-0.015337,-0.422797,
1624924189.000000,873841763.000000,0.206871,-0.128798,-0.005715,0.010684,0.032170,-0.383429,0.922948,0.147267,-0.014046,0.006107,0.022194,0.015700,-0.425928,
1624924189.000000,878844976.000000,0.207375,-0.129356,-0.005757,0.010710,0.032241,-0.384423,0.922532,0.151785,-0.009680,0.002721,0.011327,0.055695,-0.433445,
1624924189.000000,883847952.000000,0.207884,-0.129933,-0.005803,0.010767,0.032429,-0.385422,0.922107,0.155829,-0.007705,0.000534,-0.004440,0.097223,-0.433447,
1624924189.000000,888850927.000000,0.208412,-0.130517,-0.005864,0.010812,0.032688,-0.386417,0.921681,0.159868,-0.005713,-0.001850,-0.002558,0.104614,-0.433415,
1624924189.000000,893853903.000000,0.208922,-0.131088,-0.005918,0.010910,0.032968,-0.387422,0.921248,0.157775,-0.005405,-0.001876,0.014680,0.148829,-0.442984,
1624924189.000000,898856878.000000,0.209458,-0.131670,-0.005985,0.011040,0.033312,-0.388450,0.920801,0.159296,-0.004067,-0.003236,-0.001250,0.114549,-0.449444,
1624924189.000000,903860569.000000,0.210001,-0.132255,-0.006061,0.011027,0.033481,-0.389478,0.920361,0.160895,-0.002721,-0.004630,-0.026939,0.015480,-0.444101,
1624924189.000000,908863783.000000,0.210565,-0.132788,-0.006327,0.010938,0.033432,-0.390467,0.919945,0.151342,-0.003997,-0.000734,-0.019550,-0.036425,-0.442924,
1624924189.000000,913866758.000000,0.211073,-0.133342,-0.006388,0.010838,0.033382,-0.391491,0.919513,0.150135,-0.003432,-0.001144,-0.011942,-0.012190,-0.447220,
1624924189.000000,958894730.000000,0.214451,-0.139218,-0.005269,0.011291,0.032394,-0.400421,0.915689,0.123532,-0.022160,0.031754,0.039263,-0.246439,-0.413161,
1624924189.000000,963897705.000000,0.214797,-0.139753,-0.005157,0.011144,0.031907,-0.401390,0.915284,0.122149,-0.021312,0.028570,0.040192,-0.161209,-0.429075,
1624924189.000000,968900919.000000,0.215140,-0.140280,-0.005058,0.011100,0.031657,-0.402395,0.914851,0.120777,-0.020462,0.025558,0.033881,-0.011200,-0.440892,
1624924189.000000,973903894.000000,0.215745,-0.140830,-0.005891,0.011083,0.031730,-0.403418,0.914398,0.154524,-0.013395,0.013400,0.010476,0.043631,-0.432378,
1624924189.000000,978906631.000000,0.216232,-0.141458,-0.005879,0.011114,0.031828,-0.404398,0.913962,0.160902,-0.011653,0.011713,0.021964,0.056620,-0.430104,
1624924189.000000,983910799.000000,0.216745,-0.142104,-0.005878,0.011228,0.032007,-0.405391,0.913514,0.167196,-0.009878,0.010116,0.019127,0.114045,-0.437650,
1624924189.000000,988913774.000000,0.217223,-0.142690,-0.005876,0.011351,0.032323,-0.406391,0.913057,0.162902,-0.007351,0.009024,0.003943,0.154366,-0.440833,
1624924189.000000,993916988.000000,0.217749,-0.143323,-0.005892,0.011474,0.032679,-0.407392,0.912596,0.165804,-0.005325,0.007351,-0.001266,0.135417,-0.437658,
1624924189.000000,998919964.000000,0.218289,-0.143959,-0.005919,0.011561,0.032969,-0.408393,0.912137,0.168525,-0.003289,0.005493,0.006091,0.117082,-0.448214,
1624924190.000000,3922939.000000,0.218776,-0.144561,-0.005939,0.011634,0.033190,-0.409425,0.911666,0.160745,-0.004853,0.005752,-0.002239,0.048691,-0.452623,
1624924190.000000,53954840.000000,0.221798,-0.150164,-0.005731,0.012353,0.033151,-0.419719,0.906964,0.114251,-0.017777,0.018277,0.013522,-0.221814,-0.415209,
1624924190.000000,58957815.000000,0.222095,-0.150647,-0.005691,0.012106,0.032605,-0.420678,0.906543,0.107730,-0.016783,0.013168,0.020087,-0.262815,-0.420605,
1624924190.000000,63960791.000000,0.222373,-0.151102,-0.005668,0.011883,0.032005,-0.421650,0.906116,0.101237,-0.015811,0.008481,0.059349,-0.212526,-0.430131,
1624924190.000000,68963766.000000,0.222777,-0.151731,-0.005558,0.011825,0.031620,-0.422639,0.905669,0.122529,-0.016953,0.017516,0.032172,-0.089170,-0.430237,
1624924190.000000,73966742.000000,0.222729,-0.152353,-0.005620,0.011619,0.031369,-0.423630,0.905218,0.133267,-0.020088,0.023236,0.018799,0.023172,-0.433319,
1624924190.000000,78969717.000000,0.223090,-0.152941,-0.005543,0.011678,0.031431,-0.424607,0.904757,0.136416,-0.019739,0.024566,0.021374,0.018175,-0.422807,
1624924190.000000,83972931.000000,0.223562,-0.153545,-0.005595,0.011702,0.031500,-0.425563,0.904305,0.147210,-0.011717,0.012865,0.002020,0.087089,-0.434278,
1624924190.000000,88975906.000000,0.223998,-0.154155,-0.005585,0.011821,0.031825,-0.426562,0.903821,0.152039,-0.009043,0.010517,0.009420,0.162250,-0.444144,
1624924190.000000,93978643.000000,0.224459,-0.154777,-0.005588,0.011975,0.032143,-0.427556,0.903338,0.157047,-0.006347,0.008164,0.019145,0.109065,-0.440784,
1624924190.000000,98982811.000000,0.224895,-0.155379,-0.005580,0.012055,0.032353,-0.428559,0.902854,0.153762,-0.006330,0.009350,-0.011671,0.093736,-0.450386,
1624924190.000000,184035778.000000,0.230899,-0.165726,-0.005283,0.012447,0.031411,-0.445166,0.894811,0.149067,-0.006521,0.018331,0.019572,0.084359,-0.436434,
1624924190.000000,189038754.000000,0.231337,-0.166353,-0.005238,0.012520,0.031644,-0.446141,0.894316,0.154873,-0.004681,0.017373,-0.011748,0.096526,-0.436484,
1624924190.000000,194041729.000000,0.231751,-0.166924,-0.005219,0.012575,0.031859,-0.447120,0.893818,0.150875,-0.002078,0.014608,0.012769,0.084591,-0.445999,
1624924190.000000,199044943.000000,0.232201,-0.167534,-0.005215,0.012670,0.032012,-0.448126,0.893307,0.153172,0.000040,0.012059,0.020503,0.053014,-0.450375,
1624924190.000000,204047918.000000,0.231959,-0.168617,-0.005819,0.012853,0.032127,-0.449135,0.892794,0.154373,-0.005715,-0.001838,-0.027516,0.053841,-0.471510,
1624924190.000000,209050655.000000,0.232333,-0.169225,-0.005831,0.012831,0.032354,-0.450192,0.892253,0.150110,-0.007421,0.000880,-0.019312,0.114178,-0.468572,
1624924190.000000,214054823.000000,0.232750,-0.169850,-0.005881,0.012923,0.032642,-0.451210,0.891727,0.150840,-0.006459,-0.000173,0.002395,0.095693,-0.453420,
1624924190.000000,219057798.000000,0.233173,-0.170477,-0.005935,0.012949,0.032806,-0.452208,0.891215,0.151559,-0.005500,-0.000822,-0.014741,0.047396,-0.439698,
1624924190.000000,224060774.000000,0.233535,-0.171104,-0.005849,0.012924,0.032893,-0.453181,0.890718,0.145250,-0.011919,0.018058,0.010572,-0.003075,-0.442733,
1624924190.000000,229063988.000000,0.233910,-0.171729,-0.005790,0.013000,0.032897,-0.454193,0.890201,0.143019,-0.013918,0.025014,0.074666,0.083989,-0.462034,
1624924190.000000,274091721.000000,0.236278,-0.177593,-0.005963,0.012816,0.030896,-0.462698,0.885885,0.134207,-0.017496,0.015799,0.027749,-0.045137,-0.424676,
1624924190.000000,279094696.000000,0.236598,-0.178203,-0.005927,0.012814,0.030823,-0.463648,0.885390,0.138459,-0.016557,0.015965,0.025692,0.020763,-0.435212,
1624924190.000000,284097672.000000,0.236971,-0.178829,-0.005976,0.012924,0.030977,-0.464623,0.884872,0.145588,-0.011943,0.006579,0.025663,0.120867,-0.439617,
1624924190.000000,289100885.000000,0.237347,-0.179471,-0.006005,0.013093,0.031275,-0.465591,0.884350,0.150911,-0.009735,0.003293,0.006602,0.142096,-0.441622,
1624924190.000000,294104815.000000,0.237746,-0.180130,-0.006053,0.013196,0.031558,-0.466564,0.883826,0.156305,-0.007501,-0.000120,-0.001060,0.089084,-0.437472,
1624924190.000000,299107790.000000,0.238169,-0.180808,-0.006115,0.013267,0.031747,-0.467535,0.883304,0.161900,-0.005242,-0.003254,0.009719,0.099159,-0.452199,
1624924190.000000,304110765.000000,0.238687,-0.181507,-0.006427,0.013451,0.032024,-0.468536,0.882761,0.151971,-0.005955,0.002418,0.001224,0.118678,-0.457695,
1624924190.000000,309113741.000000,0.239095,-0.182156,-0.006471,0.013485,0.032219,-0.469539,0.882221,0.152994,-0.004779,0.002566,-0.016974,0.006670,-0.456509,
1624924190.000000,314116716.000000,0.239509,-0.182808,-0.006517,0.013376,0.032231,-0.470551,0.881682,0.153923,-0.003597,0.002589,-0.032928,0.024511,-0.462933,
1624924190.000000,319119930.000000,0.239857,-0.183437,-0.006512,0.013357,0.032420,-0.471565,0.881134,0.148761,-0.007166,0.006868,-0.008600,0.070316,-0.456598,
1624924190.000000,364148617.000000,0.242793,-0.189820,-0.006801,0.013647,0.031058,-0.479995,0.876615,0.121467,-0.017528,0.021467,0.035297,-0.222575,-0.403200,
1624924190.000000,369151592.000000,0.243173,-0.190708,-0.007273,0.013373,0.030609,-0.480895,0.876142,0.129930,-0.015779,0.015449,0.043846,-0.134954,-0.418074,
1624924190.000000,374154806.000000,0.243461,-0.191303,-0.007240,0.013332,0.030402,-0.481835,0.875633,0.130868,-0.014775,0.014854,0.033162,-0.035998,-0.432019,
1624924190.000000,379157782.000000,0.243841,-0.192000,-0.007241,0.013342,0.030365,-0.482781,0.875113,0.147088,-0.011415,0.011763,0.016095,0.011574,-0.426696,
1624924190.000000,384160519.000000,0.244199,-0.192668,-0.007231,0.013391,0.030440,-0.483713,0.874595,0.153272,-0.009590,0.010815,0.025568,0.069646,-0.429774,
1624924190.000000,389163733.000000,0.244579,-0.193356,-0.007224,0.013545,0.030670,-0.484662,0.874059,0.159371,-0.007732,0.010264,0.008827,0.155506,-0.437336,
1624924190.000000,394166708.000000,0.244947,-0.194011,-0.007217,0.013709,0.031039,-0.485614,0.873514,0.156209,-0.005950,0.009633,0.006305,0.137980,-0.439423,
1624924190.000000,399169683.000000,0.245341,-0.194695,-0.007224,0.013819,0.031249,-0.486566,0.872975,0.158467,-0.004109,0.008350,0.009832,0.061176,-0.430959,
1624924190.000000,404173851.000000,0.245276,-0.195112,-0.007070,0.013904,0.031424,-0.487503,0.872445,0.155914,-0.004345,0.001971,-0.016890,0.059982,-0.455245,
1624924190.000000,409176826.000000,0.245603,-0.195746,-0.007076,0.013912,0.031592,-0.488513,0.871874,0.148009,-0.006817,0.005936,0.003072,0.051873,-0.463013,
1624924190.000000,454204798.000000,0.248784,-0.202212,-0.006922,0.014684,0.031811,-0.497208,0.866924,0.126545,-0.021546,0.060443,0.031034,-0.151948,-0.400988,
1624924190.000000,459208012.000000,0.249045,-0.202778,-0.006817,0.014474,0.031398,-0.498084,0.866439,0.120777,-0.015793,0.042286,0.029683,-0.207937,-0.400012,
1624924190.000000,464210987.000000,0.249285,-0.203339,-0.006657,0.014240,0.030872,-0.498973,0.865950,0.115982,-0.014355,0.038313,0.036402,-0.251182,-0.413816,
1624924190.000000,469213963.000000,0.249369,-0.203694,-0.007966,0.013845,0.030310,-0.499908,0.865437,0.111125,-0.009679,-0.000891,0.034090,-0.206188,-0.419299,
1624924190.000000,474216700.000000,0.249719,-0.204423,-0.007928,0.013694,0.029958,-0.500826,0.864921,0.135091,-0.009935,0.006727,0.027759,-0.106023,-0.425582,
1624924190.000000,479220629.000000,0.250019,-0.205043,-0.007938,0.013651,0.029821,-0.501760,0.864385,0.139708,-0.008988,0.006604,0.029792,0.007023,-0.432052,
1624924190.000000,484223604.000000,0.250334,-0.205682,-0.007948,0.013726,0.029868,-0.502696,0.863838,0.144385,-0.008019,0.006620,0.026725,0.020403,-0.433080,
1624924190.000000,489226818.000000,0.250683,-0.206336,-0.008010,0.013789,0.029945,-0.503639,0.863285,0.150478,-0.004223,-0.000434,0.015985,0.111324,-0.441578,
1624924190.000000,494229794.000000,0.251044,-0.207008,-0.008069,0.013980,0.030293,-0.504595,0.862711,0.155621,-0.002079,-0.003317,0.003253,0.158292,-0.445904,
1624924190.000000,499232531.000000,0.251425,-0.207698,-0.008146,0.014128,0.030626,-0.505546,0.862140,0.160833,0.000088,-0.006275,-0.003207,0.158281,-0.439490,
1624924190.000000,559270620.000000,0.255435,-0.216272,-0.008385,0.014923,0.030930,-0.517155,0.855202,0.121458,-0.013042,0.034152,0.044924,-0.244094,-0.409674,
1624924190.000000,564273834.000000,0.255660,-0.216835,-0.008264,0.014638,0.030412,-0.518056,0.854680,0.115342,-0.012348,0.032395,0.014640,-0.187289,-0.424639,
1624924190.000000,569276810.000000,0.255287,-0.217560,-0.008486,0.014332,0.030090,-0.519004,0.854122,0.130357,-0.015185,0.013796,0.029538,-0.143033,-0.424796,
1624924190.000000,574279785.000000,0.255524,-0.218177,-0.008468,0.014199,0.029744,-0.519903,0.853589,0.131120,-0.014343,0.011210,0.041530,-0.141281,-0.409793,
1624924190.000000,579282999.000000,0.255763,-0.218794,-0.008461,0.014108,0.029468,-0.520789,0.853060,0.131734,-0.013505,0.008739,0.041365,-0.064158,-0.420351,
1624924190.000000,584285975.000000,0.256083,-0.219512,-0.008462,0.014140,0.029420,-0.521711,0.852498,0.145756,-0.010241,0.007846,0.020224,0.042087,-0.438603,
1624924190.000000,589289665.000000,0.256377,-0.220194,-0.008472,0.014219,0.029586,-0.522647,0.851917,0.150527,-0.008582,0.006321,-0.001279,0.096184,-0.438597,
1624924190.000000,594291687.000000,0.256689,-0.220893,-0.008497,0.014314,0.029803,-0.523571,0.851340,0.155376,-0.006905,0.004417,0.008332,0.083474,-0.432163,
1624924190.000000,599295616.000000,0.257009,-0.221586,-0.008538,0.014434,0.030009,-0.524500,0.850759,0.156254,-0.004528,0.001704,0.010597,0.136953,-0.450177,
1624924190.000000,604298830.000000,0.256670,-0.221791,-0.008381,0.014784,0.030480,-0.525532,0.850099,0.156198,-0.005679,0.002514,0.001965,0.114501,-0.456806,
1624924190.000000,644323826.000000,0.258851,-0.227480,-0.008567,0.015363,0.031286,-0.533320,0.845195,0.133077,-0.019105,0.041159,0.085258,0.079207,-0.450445,
1624924190.000000,649326801.000000,0.259052,-0.228128,-0.008385,0.015527,0.031272,-0.534259,0.844599,0.127993,-0.020116,0.046632,0.071047,-0.002786,-0.440666,
1624924190.000000,654329777.000000,0.259238,-0.228756,-0.008177,0.015598,0.031137,-0.535194,0.844011,0.122837,-0.021147,0.051960,0.057440,-0.057647,-0.433386,
1624924190.000000,659332752.000000,0.259406,-0.229362,-0.007948,0.015501,0.030852,-0.536094,0.843452,0.117471,-0.022216,0.056937,0.029629,-0.194002,-0.412015,
1624924190.000000,664335966.000000,0.259613,-0.229923,-0.007934,0.015204,0.030323,-0.536962,0.842924,0.114264,-0.016126,0.034666,0.033790,-0.247835,-0.404496,
1624924190.000000,669339895.000000,0.259786,-0.230476,-0.007818,0.014961,0.029840,-0.537843,0.842384,0.109981,-0.014849,0.029998,0.028711,-0.173215,-0.425787,
1624924190.000000,674342871.000000,0.262639,-0.231563,-0.011198,0.014589,0.029634,-0.538773,0.841803,0.116071,0.014876,-0.021031,0.033783,-0.112629,-0.430301,
1624924190.000000,679345846.000000,0.263061,-0.232319,-0.011267,0.014487,0.029361,-0.539676,0.841236,0.141679,0.015096,-0.014211,0.033025,-0.127410,-0.423762,
1624924190.000000,684348822.000000,0.263428,-0.232937,-0.011386,0.014373,0.029115,-0.540584,0.840663,0.146041,0.016116,-0.014777,0.032766,-0.045523,-0.437588,
1624924190.000000,689351797.000000,0.263809,-0.233573,-0.011504,0.014424,0.029137,-0.541521,0.840058,0.150433,0.017168,-0.014940,0.007505,0.064398,-0.449412,
1624924190.000000,779408932.000000,0.273099,-0.248425,-0.016403,0.014834,0.029014,-0.558428,0.828912,0.176033,0.037989,-0.040188,0.026507,-0.053632,-0.444207,
1624924190.000000,784411907.000000,0.273603,-0.249162,-0.016666,0.014826,0.028929,-0.559354,0.828291,0.178028,0.039032,-0.041781,0.034057,-0.019549,-0.439026,
1624924190.000000,789414883.000000,0.274181,-0.250012,-0.016964,0.014876,0.028929,-0.560259,0.827678,0.192856,0.042610,-0.045250,0.022387,0.074077,-0.439907,
1624924190.000000,794417858.000000,0.274737,-0.250823,-0.017260,0.015039,0.029192,-0.561171,0.827048,0.198324,0.044459,-0.047322,-0.004289,0.150071,-0.440071,
1624924190.000000,799420834.000000,0.275309,-0.251656,-0.017577,0.015208,0.029517,-0.562071,0.826423,0.203825,0.046332,-0.049918,0.011492,0.140214,-0.438884,
1624924190.000000,804423809.000000,0.275512,-0.252362,-0.016665,0.015685,0.030049,-0.563089,0.825701,0.197166,0.048777,-0.034741,-0.005056,0.111325,-0.449713,
1624924190.000000,809427023.000000,0.276098,-0.253182,-0.016904,0.015772,0.030309,-0.564027,0.825049,0.199226,0.051020,-0.035291,-0.009739,0.107096,-0.462552,
1624924190.000000,814429998.000000,0.276698,-0.254009,-0.017148,0.015864,0.030536,-0.564982,0.824385,0.201340,0.053282,-0.035950,-0.010464,0.077630,-0.465753,
1624924190.000000,819433689.000000,0.277228,-0.254764,-0.017370,0.015835,0.030641,-0.565933,0.823730,0.192143,0.050409,-0.034330,-0.020250,-0.032443,-0.457234,
1624924190.000000,824436665.000000,0.277802,-0.255557,-0.017612,0.015675,0.030582,-0.566873,0.823088,0.190868,0.051030,-0.034696,-0.030783,-0.031157,-0.459275,
1624924190.000000,869464874.000000,0.279384,-0.261464,-0.017662,0.015501,0.029057,-0.575305,0.817276,0.147459,0.028079,-0.013861,0.032076,-0.238400,-0.427745,
1624924190.000000,874467850.000000,0.279762,-0.262099,-0.017790,0.015271,0.028654,-0.576192,0.816669,0.144632,0.029109,-0.017305,0.023732,-0.096848,-0.433048,
1624924190.000000,879470587.000000,0.280214,-0.262908,-0.017885,0.015208,0.028540,-0.577082,0.816046,0.165132,0.031110,-0.013308,0.022459,-0.052290,-0.433108,
1624924190.000000,884473801.000000,0.280641,-0.263643,-0.018011,0.015161,0.028408,-0.577972,0.815421,0.170255,0.032514,-0.014202,0.033246,-0.015384,-0.438343,
1624924190.000000,889476776.000000,0.281082,-0.264400,-0.018132,0.015208,0.028441,-0.578876,0.814778,0.175322,0.033948,-0.014365,0.000353,0.041571,-0.445880,
1624924190.000000,894480944.000000,0.281535,-0.265179,-0.018245,0.015254,0.028569,-0.579785,0.814126,0.180297,0.035407,-0.013851,0.023286,0.077128,-0.447981,
1624924190.000000,899483919.000000,0.282017,-0.265951,-0.018440,0.015455,0.028767,-0.580692,0.813468,0.183227,0.039667,-0.023135,0.018676,0.153480,-0.443746,
1624924190.000000,904486895.000000,0.280708,-0.266314,-0.017642,0.015898,0.029190,-0.581728,0.812704,0.184386,0.030817,-0.012530,-0.027463,0.180126,-0.454502,
1624924190.000000,909489870.000000,0.281158,-0.267144,-0.017784,0.016029,0.029549,-0.582651,0.812027,0.188782,0.033253,-0.014271,-0.009540,0.109981,-0.456785,
1624924190.000000,914492846.000000,0.281544,-0.267878,-0.017948,0.016110,0.029721,-0.583580,0.811352,0.179481,0.031521,-0.018219,-0.003779,0.054639,-0.468316,
1624924190.000000,959520817.000000,0.282025,-0.274875,-0.017553,0.016720,0.029388,-0.591890,0.805309,0.138986,0.001072,0.019240,0.028020,-0.255765,-0.400232,
1624924190.000000,964523554.000000,0.282238,-0.275523,-0.017515,0.016300,0.028751,-0.592731,0.804722,0.132263,0.002726,0.014373,0.038506,-0.323774,-0.425811,
1624924190.000000,969527721.000000,0.280135,-0.275371,-0.017380,0.015804,0.028094,-0.593648,0.804079,0.111078,-0.007128,-0.004813,0.031410,-0.261349,-0.442077,
1624924190.000000,974530697.000000,0.280337,-0.276201,-0.017371,0.015521,0.027688,-0.594545,0.803436,0.140051,-0.007668,0.002698,0.014121,-0.129739,-0.439866,
1624924190.000000,979533672.000000,0.280511,-0.276895,-0.017398,0.015425,0.027525,-0.595431,0.802787,0.145162,-0.006717,0.003012,0.035411,-0.027866,-0.438777,
1624924190.000000,984536886.000000,0.280695,-0.277611,-0.017423,0.015511,0.027510,-0.596315,0.802129,0.150234,-0.005744,0.003516,0.046268,0.070383,-0.439856,
1624924190.000000,989539862.000000,0.280909,-0.278326,-0.017514,0.015683,0.027695,-0.597197,0.801463,0.153358,-0.000999,-0.004250,-0.007987,0.114207,-0.441979,
1624924190.000000,994542599.000000,0.281130,-0.279069,-0.017597,0.015786,0.027938,-0.598072,0.800800,0.157548,0.001510,-0.006289,0.018005,0.090655,-0.432451,
1624924190.000000,999545813.000000,0.281368,-0.279827,-0.017685,0.015973,0.028153,-0.598935,0.800143,0.161566,0.004028,-0.007571,-0.013966,0.172758,-0.439747,
1624924191.000000,4549742.000000,0.280216,-0.280666,-0.017123,0.016447,0.028647,-0.599883,0.799406,0.169462,-0.004444,-0.024124,-0.025625,0.128344,-0.443172,
1624924191.000000,49577713.000000,0.280140,-0.287080,-0.016323,0.017183,0.028577,-0.608089,0.793168,0.128469,-0.035482,0.069023,0.059487,0.086394,-0.435668,
1624924191.000000,54580688.000000,0.280193,-0.287664,-0.016221,0.017253,0.028625,-0.608937,0.792514,0.116331,-0.026639,0.046806,0.023389,-0.033390,-0.420721,
1624924191.000000,59583664.000000,0.280219,-0.288257,-0.016029,0.017094,0.028294,-0.609767,0.791891,0.109673,-0.025243,0.045028,0.060137,-0.274704,-0.406907,
1624924191.000000,64586639.000000,0.280242,-0.288815,-0.015842,0.016637,0.027553,-0.610596,0.791288,0.102809,-0.023874,0.043763,0.019866,-0.346979,-0.420622,
1624924191.000000,69589615.000000,0.278753,-0.289153,-0.015603,0.016174,0.027312,-0.611462,0.790637,0.092437,-0.030934,0.006770,0.025672,-0.193833,-0.438909,
1624924191.000000,74592829.000000,0.278719,-0.289623,-0.015610,0.016027,0.027015,-0.612334,0.789975,0.085864,-0.029613,0.001751,0.027525,-0.092570,-0.430401,
1624924191.000000,79595566.000000,0.278681,-0.290058,-0.015640,0.015940,0.026881,-0.613176,0.789328,0.079281,-0.028328,-0.003218,0.026922,-0.019013,-0.421761,
1624924191.000000,84599733.000000,0.278833,-0.291218,-0.015580,0.016001,0.026867,-0.614024,0.788668,0.128850,-0.027038,0.003564,0.032670,0.020645,-0.439855,
1624924191.000000,89602709.000000,0.278863,-0.291883,-0.015603,0.016109,0.026967,-0.614906,0.787975,0.134135,-0.025653,0.001479,0.017548,0.134240,-0.450652,
1624924191.000000,94605684.000000,0.278907,-0.292578,-0.015641,0.016355,0.027285,-0.615783,0.787274,0.139777,-0.024240,-0.000645,0.008017,0.128215,-0.444191,
1624924191.000000,149639845.000000,0.276450,-0.299440,-0.012345,0.017660,0.028311,-0.625508,0.779504,0.107754,-0.047221,0.066094,0.084976,-0.040035,-0.436541,
1624924191.000000,154644012.000000,0.276338,-0.300028,-0.012034,0.017639,0.028109,-0.626359,0.778828,0.103258,-0.048366,0.070524,0.047129,-0.071090,-0.430205,
1624924191.000000,159646749.000000,0.276216,-0.300597,-0.011701,0.017521,0.027876,-0.627193,0.778168,0.098878,-0.049536,0.074877,0.014465,-0.163522,-0.416416,
1624924191.000000,164649725.000000,0.276129,-0.301149,-0.011497,0.017181,0.027468,-0.627998,0.777541,0.097641,-0.044047,0.057348,0.025747,-0.223800,-0.402496,
1624924191.000000,169652462.000000,0.275904,-0.301766,-0.012119,0.016758,0.027099,-0.628766,0.776942,0.092748,-0.040530,0.026299,0.037850,-0.232763,-0.410990,
1624924191.000000,174655676.000000,0.275806,-0.302259,-0.012027,0.016488,0.026687,-0.629588,0.776296,0.089111,-0.039085,0.021232,0.029190,-0.114787,-0.422786,
1624924191.000000,179658651.000000,0.275762,-0.302981,-0.011818,0.016418,0.026552,-0.630415,0.775630,0.112651,-0.037793,0.033674,0.021756,-0.046866,-0.423854,
1624924191.000000,184661627.000000,0.275701,-0.303593,-0.011681,0.016362,0.026443,-0.631240,0.774964,0.117734,-0.036347,0.034484,0.029137,-0.025537,-0.424868,
1624924191.000000,189664841.000000,0.275650,-0.304225,-0.011538,0.016435,0.026477,-0.632079,0.774277,0.122547,-0.034876,0.035585,0.016554,0.102693,-0.445068,
1624924191.000000,194668770.000000,0.275613,-0.304856,-0.011455,0.016665,0.026773,-0.632948,0.773552,0.124872,-0.032263,0.027298,0.014148,0.173210,-0.450560,
1624924191.000000,284724474.000000,0.276953,-0.316470,-0.012092,0.016742,0.026318,-0.648024,0.760981,0.113596,-0.020077,0.018379,0.037657,-0.031454,-0.434474,
1624924191.000000,289727688.000000,0.276976,-0.317160,-0.012068,0.016750,0.026265,-0.648857,0.760272,0.127059,-0.017679,0.014864,0.019511,0.022169,-0.440760,
1624924191.000000,294730663.000000,0.276995,-0.317816,-0.012037,0.016846,0.026398,-0.649697,0.759548,0.132178,-0.016062,0.013267,-0.001823,0.111375,-0.442961,
1624924191.000000,299733639.000000,0.277024,-0.318495,-0.012020,0.017058,0.026712,-0.650530,0.758819,0.137335,-0.014423,0.011409,0.001286,0.191871,-0.441839,
1624924191.000000,304737806.000000,0.277049,-0.319131,-0.012015,0.017346,0.027074,-0.651355,0.758091,0.132837,-0.013318,0.008728,0.008887,0.146800,-0.433372,
1624924191.000000,309740782.000000,0.277633,-0.320926,-0.012427,0.017772,0.027473,-0.652191,0.757348,0.141207,-0.010455,0.007298,0.000277,0.066612,-0.439581,
1624924191.000000,314743519.000000,0.277690,-0.321636,-0.012440,0.017812,0.027595,-0.653037,0.756614,0.142440,-0.009009,0.005968,-0.009356,0.035003,-0.455645,
1624924191.000000,319746733.000000,0.277723,-0.322286,-0.012426,0.017795,0.027697,-0.653901,0.755864,0.135717,-0.009855,0.007967,-0.027395,0.026506,-0.456744,
1624924191.000000,324749708.000000,0.277773,-0.322962,-0.012423,0.017740,0.027786,-0.654749,0.755127,0.134234,-0.009181,0.008351,-0.010581,-0.008228,-0.441811,
1624924191.000000,329752684.000000,0.277823,-0.323629,-0.012413,0.017676,0.027801,-0.655576,0.754411,0.132595,-0.008524,0.009109,-0.025051,0.011403,-0.438518,
1624924191.000000,374780893.000000,0.277221,-0.326151,-0.012460,0.017220,0.026428,-0.662945,0.748003,0.084869,-0.016194,0.006371,0.030947,-0.131985,-0.413131,
1624924191.000000,379784822.000000,0.277194,-0.326576,-0.012465,0.017062,0.026147,-0.663719,0.747330,0.082945,-0.014981,0.001305,0.045955,-0.098601,-0.409823,
1624924191.000000,384787798.000000,0.277196,-0.327169,-0.012348,0.016993,0.025986,-0.664503,0.746641,0.098733,-0.013395,0.012918,0.012006,-0.037886,-0.425832,
1624924191.000000,389790773.000000,0.277191,-0.327677,-0.012304,0.016962,0.025971,-0.665308,0.745925,0.102008,-0.012029,0.014018,0.026422,0.020230,-0.431251,
1624924191.000000,394793749.000000,0.277195,-0.328203,-0.012252,0.017074,0.026018,-0.666108,0.745206,0.105399,-0.010646,0.015438,0.017500,0.064863,-0.426917,
1624924191.000000,399796724.000000,0.277209,-0.328752,-0.012236,0.017192,0.026190,-0.666903,0.744486,0.110086,-0.008812,0.011127,0.004138,0.110237,-0.433282,
1624924191.000000,404799700.000000,0.277231,-0.329316,-0.012219,0.017427,0.026449,-0.667718,0.743740,0.113988,-0.007215,0.009533,0.020420,0.174900,-0.448223,
1624924191.000000,409802675.000000,0.275914,-0.328448,-0.011484,0.017887,0.026863,-0.668592,0.742929,0.110223,-0.013030,0.002196,-0.010401,0.124609,-0.450438,
1624924191.000000,414806604.000000,0.275897,-0.328908,-0.011414,0.017934,0.027062,-0.669422,0.742173,0.101737,-0.011808,0.009158,-0.021512,0.040211,-0.450359,
1624924191.000000,419809818.000000,0.275894,-0.329421,-0.011403,0.017940,0.027173,-0.670259,0.741413,0.101577,-0.010337,0.008743,-0.012649,0.045554,-0.453594,
1624924191.000000,469840765.000000,0.274204,-0.331318,-0.011105,0.017855,0.026417,-0.678318,0.734076,0.040714,-0.022445,0.032905,0.017038,-0.265107,-0.405567,
1624924191.000000,474843740.000000,0.272844,-0.332527,-0.011864,0.017609,0.026155,-0.679083,0.733384,0.042766,-0.026455,0.008239,0.024088,-0.134479,-0.428002,
1624924191.000000,479846954.000000,0.272735,-0.333006,-0.011793,0.017518,0.025960,-0.679882,0.732653,0.062956,-0.026730,0.011424,0.047875,-0.065700,-0.428167,
1624924191.000000,484850883.000000,0.272628,-0.333337,-0.011762,0.017462,0.025793,-0.680657,0.731940,0.064691,-0.025912,0.009175,0.029735,-0.040046,-0.414157,
1624924191.000000,489854097.000000,0.272525,-0.333674,-0.011742,0.017430,0.025744,-0.681418,0.731234,0.066197,-0.025091,0.006989,0.007244,-0.015230,-0.418410,
1624924191.000000,494856834.000000,0.272445,-0.334060,-0.011726,0.017430,0.025760,-0.682194,0.730510,0.073868,-0.021884,0.006102,0.016778,0.050980,-0.430180,
1624924191.000000,499859810.000000,0.272366,-0.334447,-0.011723,0.017565,0.025861,-0.682981,0.729767,0.077798,-0.020077,0.004340,0.029713,0.050751,-0.430215,
1624924191.000000,504862785.000000,0.272296,-0.334851,-0.011729,0.017666,0.025940,-0.683771,0.729021,0.081588,-0.018255,0.002863,0.005265,0.095213,-0.442872,
1624924191.000000,509865761.000000,0.271399,-0.335571,-0.010005,0.018072,0.026469,-0.684595,0.728218,0.097600,-0.019419,0.013301,-0.020595,0.136362,-0.454694,
1624924191.000000,514868736.000000,0.271337,-0.336075,-0.009974,0.018266,0.026776,-0.685420,0.727426,0.100731,-0.017919,0.010884,0.004884,0.159393,-0.458918,
1624924191.000000,559897661.000000,0.268956,-0.339641,-0.009563,0.019052,0.027190,-0.692636,0.720523,0.061928,-0.036842,0.048607,0.052737,-0.054456,-0.409779,
1624924191.000000,564900875.000000,0.268785,-0.339961,-0.009330,0.018895,0.026934,-0.693375,0.719825,0.057042,-0.037532,0.051093,0.024103,-0.194899,-0.402400,
1624924191.000000,569903851.000000,0.268644,-0.340289,-0.009190,0.018475,0.026479,-0.694118,0.719136,0.057610,-0.033228,0.038377,0.021812,-0.262388,-0.415110,
1624924191.000000,574906826.000000,0.268301,-0.340665,-0.009891,0.018120,0.026250,-0.694845,0.718452,0.056554,-0.026467,0.015767,0.022853,-0.269969,-0.413107,
1624924191.000000,579909801.000000,0.268183,-0.340949,-0.009832,0.017752,0.025807,-0.695600,0.717746,0.054285,-0.025165,0.012646,0.045079,-0.135361,-0.424552,
1624924191.000000,584912777.000000,0.268074,-0.341421,-0.009746,0.017722,0.025661,-0.696379,0.716996,0.074904,-0.024058,0.016130,0.028390,-0.003757,-0.426984,
1624924191.000000,589915752.000000,0.267970,-0.341821,-0.009681,0.017739,0.025660,-0.697140,0.716256,0.080545,-0.022773,0.015998,0.023654,0.016854,-0.428847,
1624924191.000000,594918966.000000,0.267872,-0.342248,-0.009619,0.017808,0.025690,-0.697916,0.715497,0.086134,-0.021463,0.015907,0.011316,0.046459,-0.431177,
1624924191.000000,599922895.000000,0.267780,-0.342705,-0.009558,0.017911,0.025836,-0.698689,0.714735,0.091802,-0.020130,0.015813,0.005597,0.104673,-0.443768,
1624924191.000000,604926109.000000,0.267708,-0.343119,-0.009571,0.018121,0.026058,-0.699482,0.713945,0.089824,-0.016888,0.007278,0.011201,0.131426,-0.437639,
1624924191.000000,649953842.000000,0.265175,-0.348991,-0.008905,0.018821,0.027235,-0.706501,0.706937,0.088518,-0.029326,0.043614,0.091694,0.094705,-0.455373,
1624924191.000000,654956818.000000,0.265024,-0.349437,-0.008687,0.019133,0.027238,-0.707308,0.706121,0.084947,-0.032147,0.054123,0.113991,0.087066,-0.445941,
1624924191.000000,659959793.000000,0.264858,-0.349872,-0.008404,0.019351,0.027169,-0.708079,0.705345,0.081544,-0.034990,0.065686,0.052603,-0.025886,-0.425531,
1624924191.000000,664962769.000000,0.264750,-0.350232,-0.008289,0.019193,0.026951,-0.708820,0.704613,0.071640,-0.027179,0.044266,0.043228,-0.170517,-0.404312,
1624924191.000000,669965744.000000,0.264617,-0.350588,-0.008095,0.018870,0.026503,-0.709544,0.703910,0.066052,-0.025812,0.041011,0.027092,-0.253067,-0.412648,
1624924191.000000,674969673.000000,0.264129,-0.352826,-0.009255,0.018594,0.026349,-0.710264,0.703196,0.072913,-0.021693,0.004947,0.002830,-0.218149,-0.423468,
1624924191.000000,679972887.000000,0.263997,-0.353407,-0.009172,0.018274,0.026000,-0.711015,0.702459,0.093074,-0.022801,0.012397,0.046719,-0.173092,-0.419116,
1624924191.000000,684975863.000000,0.263878,-0.353881,-0.009149,0.018103,0.025679,-0.711758,0.701721,0.095882,-0.022213,0.010862,0.051242,-0.070979,-0.416979,
1624924191.000000,689978838.000000,0.263762,-0.354366,-0.009125,0.018121,0.025625,-0.712500,0.700970,0.098482,-0.021616,0.010026,0.014838,0.034572,-0.428654,
1624924191.000000,694981813.000000,0.263669,-0.354890,-0.009122,0.018189,0.025707,-0.713255,0.700197,0.105110,-0.017710,0.006645,0.013610,0.043981,-0.428791,
1624924191.000000,740009785.000000,0.262837,-0.362167,-0.007164,0.019223,0.027316,-0.720168,0.692996,0.126473,-0.003625,0.014585,-0.006609,0.020516,-0.444458,
1624924191.000000,745012760.000000,0.262628,-0.364649,-0.008553,0.019112,0.027386,-0.720886,0.692249,0.129331,-0.010854,0.029732,0.054761,0.078016,-0.459360,
1624924191.000000,750016928.000000,0.262541,-0.365299,-0.008427,0.019377,0.027413,-0.721686,0.691407,0.127503,-0.013076,0.037705,0.086190,0.078329,-0.460453,
1624924191.000000,755019665.000000,0.262443,-0.365942,-0.008264,0.019635,0.027406,-0.722481,0.690569,0.125706,-0.015287,0.045767,0.103819,0.090525,-0.458259,
1624924191.000000,760022640.000000,0.262367,-0.366502,-0.008179,0.019925,0.027357,-0.723264,0.689741,0.114087,-0.012769,0.036583,0.099944,0.018223,-0.440244,
1624924191.000000,765025616.000000,0.262277,-0.367068,-0.008033,0.019955,0.027198,-0.724008,0.688967,0.108534,-0.013141,0.037816,0.029552,-0.053677,-0.416701,
1624924191.000000,770028830.000000,0.262186,-0.367606,-0.007885,0.019754,0.027007,-0.724710,0.688241,0.103052,-0.013554,0.038407,0.019529,-0.207270,-0.389082,
1624924191.000000,775031805.000000,0.262017,-0.369552,-0.008339,0.019352,0.026660,-0.725318,0.687625,0.105173,-0.009493,0.033016,0.011502,-0.254171,-0.404703,
1624924191.000000,780034542.000000,0.261942,-0.370072,-0.008207,0.018931,0.026270,-0.726049,0.686880,0.099625,-0.009925,0.034545,0.033249,-0.222276,-0.422096,
1624924191.000000,785038710.000000,0.261866,-0.370564,-0.008064,0.018609,0.025843,-0.726787,0.686124,0.094049,-0.010371,0.036122,0.043468,-0.171030,-0.426153,
1624924191.000000,885095835.000000,0.263363,-0.393125,-0.007485,0.019295,0.025872,-0.741529,0.670144,0.152213,0.025376,0.019029,0.035410,-0.132330,-0.418564,
1624924191.000000,890098810.000000,0.263414,-0.393905,-0.007445,0.019151,0.025648,-0.742239,0.669370,0.154256,0.026163,0.019044,0.034720,-0.083404,-0.420611,
1624924191.000000,895102978.000000,0.263465,-0.394695,-0.007404,0.019064,0.025520,-0.742953,0.668585,0.156219,0.026959,0.019175,0.029100,-0.013969,-0.428069,
1624924191.000000,900105953.000000,0.263536,-0.395558,-0.007428,0.019153,0.025561,-0.743676,0.667777,0.167261,0.031355,0.010666,0.011244,0.093292,-0.436611,
1624924191.000000,905108929.000000,0.262835,-0.397491,-0.006286,0.019597,0.026030,-0.744417,0.666919,0.192015,0.030002,0.020086,0.008870,0.142160,-0.433368,
1624924191.000000,910112143.000000,0.262883,-0.398483,-0.006260,0.019829,0.026231,-0.745134,0.666103,0.197982,0.032378,0.017336,0.021755,0.093478,-0.435438,
1624924191.000000,915114880.000000,0.262947,-0.399394,-0.006218,0.019951,0.026347,-0.745866,0.665275,0.190927,0.034327,0.017299,-0.010032,0.067541,-0.448242,
1624924191.000000,920117855.000000,0.263014,-0.400371,-0.006189,0.020060,0.026565,-0.746616,0.664422,0.192462,0.036577,0.016377,-0.016829,0.129103,-0.458932,
1624924191.000000,925122023.000000,0.263088,-0.401357,-0.006171,0.020252,0.026797,-0.747373,0.663555,0.194165,0.038843,0.014996,0.005827,0.071587,-0.457877,
1624924191.000000,930124998.000000,0.263149,-0.402308,-0.006142,0.020281,0.026869,-0.748128,0.662700,0.189806,0.037303,0.016718,-0.011152,0.023899,-0.455693,
1624924191.000000,975152731.000000,0.262207,-0.409054,-0.006864,0.020616,0.026218,-0.754588,0.655350,0.132464,0.019703,0.047330,0.016744,-0.189215,-0.402464,
1624924191.000000,980155706.000000,0.262267,-0.409857,-0.006828,0.020184,0.025871,-0.755245,0.654621,0.140139,0.027215,0.032538,0.014041,-0.218553,-0.395768,
1624924191.000000,985158920.000000,0.262308,-0.410574,-0.006725,0.019841,0.025531,-0.755916,0.653870,0.137869,0.029300,0.028563,0.025163,-0.159881,-0.407681,
1624924191.000000,990161896.000000,0.262359,-0.411279,-0.006640,0.019615,0.025286,-0.756595,0.653100,0.135643,0.031381,0.024571,0.040819,-0.101587,-0.414022,
1624924191.000000,995164871.000000,0.262387,-0.412093,-0.006525,0.019518,0.025096,-0.757279,0.652317,0.150288,0.031129,0.029001,0.035842,-0.054968,-0.413010,
1624924192.000000,169039.000000,0.262431,-0.412879,-0.006431,0.019445,0.025020,-0.757960,0.651531,0.154959,0.032311,0.028797,0.000468,-0.027412,-0.423537,
1624924192.000000,5171776.000000,0.261070,-0.413200,-0.006162,0.019572,0.025132,-0.758677,0.650687,0.169508,0.024380,0.031524,0.018314,0.102296,-0.443826,
1624924192.000000,10174990.000000,0.261090,-0.414063,-0.006177,0.019855,0.025339,-0.759398,0.649830,0.172442,0.028793,0.018949,0.011397,0.135264,-0.442845,
1624924192.000000,15177965.000000,0.261101,-0.414954,-0.006139,0.020043,0.025540,-0.760101,0.648994,0.176452,0.031083,0.015993,0.009808,0.114070,-0.431023,
1624924192.000000,20180941.000000,0.261120,-0.415860,-0.006114,0.020265,0.025748,-0.760799,0.648160,0.180110,0.033387,0.013269,-0.010996,0.126177,-0.442681,
1624924192.000000,70212841.000000,0.259129,-0.422834,-0.006216,0.021133,0.025932,-0.767941,0.639646,0.144038,0.007163,0.070003,0.040004,-0.052373,-0.417073,
1624924192.000000,75215816.000000,0.257452,-0.422457,-0.006796,0.021149,0.025692,-0.768576,0.638892,0.121426,0.010276,0.021918,0.017431,-0.124680,-0.402114,
1624924192.000000,80218792.000000,0.257399,-0.423055,-0.006740,0.020835,0.025404,-0.769223,0.638136,0.115291,0.012473,0.016056,0.022969,-0.199230,-0.395720,
1624924192.000000,85222006.000000,0.257361,-0.423621,-0.006712,0.020424,0.025007,-0.769871,0.637383,0.109044,0.014643,0.010066,0.043101,-0.255148,-0.402096,
1624924192.000000,90224743.000000,0.257252,-0.424391,-0.006547,0.020005,0.024560,-0.770543,0.636600,0.127312,0.012236,0.022860,0.031651,-0.191107,-0.426590,
1624924192.000000,95227718.000000,0.257193,-0.425036,-0.006467,0.019767,0.024336,-0.771248,0.635762,0.128344,0.013054,0.023280,0.023851,-0.077070,-0.445857,
1624924192.000000,100230932.000000,0.257134,-0.425691,-0.006389,0.019724,0.024248,-0.771955,0.634908,0.129771,0.013887,0.023547,0.031519,0.014834,-0.434174,
1624924192.000000,105233908.000000,0.257075,-0.426436,-0.006370,0.019814,0.024281,-0.772633,0.634079,0.143085,0.016650,0.016439,0.016598,0.043781,-0.425494,
1624924192.000000,110237837.000000,0.255499,-0.425357,-0.006373,0.019887,0.024391,-0.773305,0.633253,0.150994,0.008029,0.016638,-0.002685,0.113039,-0.438251,
1624924192.000000,115241051.000000,0.255390,-0.426122,-0.006347,0.020170,0.024662,-0.773999,0.632385,0.156095,0.009711,0.013933,0.013240,0.190856,-0.445775,
1624924192.000000,155266047.000000,0.252826,-0.431247,-0.007127,0.020723,0.025521,-0.779570,0.625452,0.137140,-0.003400,0.031125,0.039451,0.066730,-0.468070,
1624924192.000000,160269022.000000,0.252656,-0.431916,-0.006983,0.021002,0.025494,-0.780301,0.624531,0.135769,-0.004997,0.039911,0.128660,0.120464,-0.469015,
1624924192.000000,165271997.000000,0.252524,-0.432499,-0.006886,0.021432,0.025426,-0.781038,0.623598,0.122721,-0.002721,0.035830,0.156117,0.073715,-0.468052,
1624924192.000000,170275211.000000,0.252375,-0.433091,-0.006734,0.021612,0.025265,-0.781758,0.622695,0.116742,-0.002824,0.037904,0.020392,-0.013018,-0.444628,
1624924192.000000,175277948.000000,0.251411,-0.433617,-0.007388,0.021573,0.025185,-0.782390,0.621905,0.117603,-0.008291,0.029038,0.016686,-0.084315,-0.418982,
1624924192.000000,180280924.000000,0.251239,-0.434176,-0.007257,0.021259,0.024827,-0.783039,0.621113,0.112351,-0.008472,0.032385,0.033220,-0.306845,-0.402926,
1624924192.000000,185284853.000000,0.251112,-0.434742,-0.007327,0.020580,0.024315,-0.783687,0.620339,0.110274,-0.003748,0.014861,-0.003921,-0.277675,-0.412507,
1624924192.000000,190287828.000000,0.250972,-0.435268,-0.007290,0.020190,0.023984,-0.784352,0.619523,0.105919,-0.002524,0.011927,0.056880,-0.168834,-0.430689,
1624924192.000000,195290804.000000,0.250842,-0.435778,-0.007257,0.020000,0.023650,-0.785030,0.618683,0.101895,-0.001308,0.009803,0.057449,-0.084038,-0.422254,
1624924192.000000,200294018.000000,0.250671,-0.436445,-0.007178,0.019974,0.023573,-0.785683,0.617857,0.123141,-0.001186,0.017856,0.011172,0.018230,-0.427363,
1624924192.000000,245321989.000000,0.248688,-0.443328,-0.007830,0.020934,0.024732,-0.791789,0.609934,0.138583,0.003929,0.022202,-0.028178,-0.029136,-0.454073,
1624924192.000000,250324965.000000,0.248529,-0.444007,-0.007747,0.020817,0.024715,-0.792476,0.609047,0.138330,0.003477,0.024547,0.013434,0.008687,-0.451781,
1624924192.000000,255329132.000000,0.248366,-0.444684,-0.007661,0.021020,0.024784,-0.793176,0.608125,0.137813,0.003026,0.026660,0.074134,0.142163,-0.469993,
1624924192.000000,260332108.000000,0.248180,-0.445305,-0.007439,0.021435,0.024862,-0.793886,0.607180,0.129553,-0.002175,0.047257,0.093562,0.141215,-0.460520,
1624924192.000000,265334845.000000,0.247994,-0.445933,-0.007220,0.021766,0.024865,-0.794573,0.606269,0.126183,-0.004540,0.057146,0.102816,0.078346,-0.449678,
1624924192.000000,270337820.000000,0.247798,-0.446546,-0.006948,0.021947,0.024742,-0.795248,0.605381,0.122962,-0.006913,0.067369,0.074425,-0.031579,-0.429615,
1624924192.000000,275341034.000000,0.246115,-0.447282,-0.008529,0.021937,0.024494,-0.795840,0.604613,0.111936,-0.008555,0.023326,0.024030,-0.096885,-0.425031,
1624924192.000000,280344009.000000,0.245933,-0.447794,-0.008454,0.021644,0.024257,-0.796483,0.603786,0.105080,-0.006673,0.019313,0.021838,-0.246118,-0.399818,
1624924192.000000,285348177.000000,0.245770,-0.448266,-0.008404,0.021113,0.023799,-0.797095,0.603016,0.097758,-0.004840,0.014916,0.034799,-0.218407,-0.409975,
1624924192.000000,290351152.000000,0.245573,-0.448837,-0.008310,0.020826,0.023522,-0.797745,0.602177,0.109438,-0.005061,0.020707,0.026295,-0.148593,-0.424335,
1624924192.000000,380406857.000000,0.240722,-0.461732,-0.009347,0.022047,0.023897,-0.809625,0.586047,0.103492,-0.004048,0.025722,-0.022348,-0.197660,-0.418829,
1624924192.000000,385409832.000000,0.240509,-0.462364,-0.009398,0.021517,0.023505,-0.810238,0.585234,0.115429,-0.001946,0.010069,0.049731,-0.311637,-0.406806,
1624924192.000000,390413046.000000,0.240320,-0.462908,-0.009410,0.020977,0.022996,-0.810865,0.584405,0.114482,-0.001062,0.003681,0.029775,-0.226298,-0.428197,
1624924192.000000,395416975.000000,0.240136,-0.463447,-0.009459,0.020707,0.022772,-0.811516,0.583518,0.113503,-0.000170,-0.003043,0.045021,-0.060241,-0.449571,
1624924192.000000,400420189.000000,0.239942,-0.464081,-0.009506,0.020728,0.022663,-0.812169,0.582613,0.126946,0.003390,-0.003651,0.033052,0.009752,-0.429454,
1624924192.000000,405423164.000000,0.238689,-0.464904,-0.008560,0.020781,0.022844,-0.812774,0.581760,0.138954,-0.000549,0.021288,-0.019666,0.007446,-0.415333,
1624924192.000000,410425663.000000,0.238464,-0.465579,-0.008483,0.020835,0.022924,-0.813385,0.580900,0.143167,0.001488,0.021275,0.039778,0.097995,-0.430291,
1624924192.000000,415428638.000000,0.238242,-0.466280,-0.008397,0.021146,0.023030,-0.814015,0.580002,0.147433,0.003564,0.022034,0.018327,0.109671,-0.436798,
1624924192.000000,420431852.000000,0.238023,-0.466977,-0.008306,0.021273,0.023197,-0.814645,0.579105,0.149051,0.005185,0.023313,-0.015649,0.076943,-0.444130,
1624924192.000000,425434828.000000,0.237803,-0.467705,-0.008243,0.021451,0.023399,-0.815295,0.578175,0.152423,0.007146,0.022629,-0.018295,0.154358,-0.462293,
1624924192.000000,470463753.000000,0.233859,-0.473636,-0.008066,0.023182,0.024015,-0.821199,0.569664,0.128049,-0.020972,0.062230,0.075257,0.077535,-0.450601,
1624924192.000000,475466967.000000,0.233528,-0.474208,-0.007771,0.023178,0.023884,-0.821824,0.568768,0.124622,-0.024008,0.071944,0.044353,-0.147098,-0.425952,
1624924192.000000,480469942.000000,0.233384,-0.474690,-0.007904,0.022689,0.023471,-0.822442,0.567911,0.109299,-0.008619,0.027384,0.033776,-0.340288,-0.421753,
1624924192.000000,485472918.000000,0.233161,-0.475179,-0.007830,0.021972,0.022995,-0.823066,0.567054,0.102189,-0.005758,0.018520,-0.038358,-0.284712,-0.433444,
1624924192.000000,490476131.000000,0.232963,-0.475637,-0.007824,0.021432,0.022737,-0.823693,0.566175,0.095271,-0.002919,0.007612,0.049986,-0.225044,-0.426148,
1624924192.000000,495478868.000000,0.232676,-0.476253,-0.007786,0.021138,0.022307,-0.824301,0.565318,0.118085,-0.005639,0.011244,0.056085,-0.116147,-0.417447,
1624924192.000000,500481844.000000,0.232433,-0.476807,-0.007775,0.021066,0.022233,-0.824898,0.564451,0.122769,-0.004999,0.009345,0.028920,0.010974,-0.424954,
1624924192.000000,505486012.000000,0.231246,-0.477396,-0.007103,0.021174,0.022166,-0.825486,0.563589,0.134804,-0.008925,0.030108,0.000102,0.034075,-0.428114,
1624924192.000000,510488987.000000,0.230978,-0.478065,-0.007068,0.021195,0.022251,-0.826091,0.562698,0.142672,-0.004295,0.024024,0.002582,0.026416,-0.435519,
1624924192.000000,515491962.000000,0.230696,-0.478742,-0.007019,0.021299,0.022305,-0.826713,0.561778,0.148004,-0.002260,0.021486,0.015986,0.093959,-0.451517,
1624924192.000000,560519695.000000,0.226927,-0.484729,-0.007297,0.022751,0.023563,-0.832394,0.553216,0.137548,-0.012797,0.048320,0.138500,0.169463,-0.473765,
1624924192.000000,565522909.000000,0.226592,-0.485345,-0.007066,0.023306,0.023584,-0.833049,0.552204,0.135789,-0.016978,0.062475,0.118114,0.218129,-0.472875,
1624924192.000000,570525885.000000,0.225330,-0.486895,-0.007261,0.023991,0.023646,-0.833673,0.551231,0.137897,-0.035946,0.095195,0.059573,0.081153,-0.453642,
1624924192.000000,575530052.000000,0.225144,-0.487307,-0.007324,0.023905,0.023512,-0.834280,0.550320,0.111345,-0.020531,0.050763,0.034806,-0.197014,-0.416390,
1624924192.000000,580533028.000000,0.224839,-0.487775,-0.007112,0.023321,0.023044,-0.834861,0.549484,0.102285,-0.018721,0.046756,0.047787,-0.359596,-0.409785,
1624924192.000000,585535765.000000,0.224561,-0.488203,-0.006918,0.022560,0.022435,-0.835459,0.548631,0.093015,-0.016948,0.042881,0.046779,-0.403693,-0.421712,
1624924192.000000,590538979.000000,0.224220,-0.488778,-0.006745,0.021844,0.021936,-0.836066,0.547755,0.113231,-0.015763,0.040206,-0.014845,-0.241232,-0.436543,
1624924192.000000,595541954.000000,0.223920,-0.489282,-0.006582,0.021490,0.021807,-0.836675,0.546843,0.115372,-0.014214,0.037947,0.007885,-0.090512,-0.438785,
1624924192.000000,600544930.000000,0.223622,-0.489798,-0.006429,0.021395,0.021681,-0.837275,0.545932,0.117511,-0.012648,0.035941,0.036427,-0.008713,-0.434415,
1624924192.000000,605548143.000000,0.223340,-0.490091,-0.007603,0.021529,0.021870,-0.837881,0.544990,0.142170,-0.007412,0.015378,0.042353,0.100410,-0.438649,
1624924192.000000,655579805.000000,0.219913,-0.497270,-0.008606,0.022820,0.023376,-0.843914,0.535484,0.139328,-0.007836,0.026947,0.102021,0.109696,-0.465372,
1624924192.000000,660582781.000000,0.219573,-0.497877,-0.008501,0.023261,0.023313,-0.844537,0.534484,0.136697,-0.010809,0.036683,0.128228,0.196575,-0.463254,
1624924192.000000,665585995.000000,0.219224,-0.498472,-0.008331,0.023818,0.023392,-0.845141,0.533500,0.134216,-0.013773,0.047377,0.093596,0.161798,-0.449362,
1624924192.000000,670588732.000000,0.219169,-0.500079,-0.008391,0.024303,0.023297,-0.845739,0.532533,0.119039,-0.005441,0.037544,0.082949,0.049758,-0.440814,
1624924192.000000,675592899.000000,0.218893,-0.500597,-0.008241,0.024253,0.023100,-0.846329,0.531606,0.111694,-0.005555,0.038500,0.042800,-0.206957,-0.431309,
1624924192.000000,680594921.000000,0.218630,-0.501081,-0.008085,0.023581,0.022641,-0.846914,0.530724,0.104434,-0.005717,0.039198,0.027444,-0.386248,-0.419538,
1624924192.000000,685598850.000000,0.218397,-0.501621,-0.008125,0.022804,0.022087,-0.847491,0.529860,0.105976,0.000036,0.019120,0.039475,-0.349786,-0.414219,
1624924192.000000,690602064.000000,0.218173,-0.502093,-0.008076,0.022199,0.021637,-0.848055,0.529000,0.101379,0.001663,0.013656,0.033036,-0.241513,-0.409972,
1624924192.000000,695605040.000000,0.217965,-0.502545,-0.008045,0.021840,0.021411,-0.848607,0.528139,0.096688,0.003267,0.008844,-0.019002,-0.080624,-0.411010,
1624924192.000000,700607777.000000,0.217677,-0.503162,-0.007948,0.021724,0.021422,-0.849153,0.527265,0.120471,0.003780,0.017488,0.022927,-0.030105,-0.414252,
1624924192.000000,750639200.000000,0.214041,-0.511607,-0.008155,0.023460,0.023169,-0.854958,0.517649,0.144540,0.010026,0.019857,0.015875,0.074450,-0.431182,
1624924192.000000,755642891.000000,0.213748,-0.512274,-0.008095,0.023685,0.023195,-0.855524,0.516701,0.142881,0.009065,0.024870,0.082184,0.129985,-0.451462,
1624924192.000000,760645628.000000,0.213470,-0.512840,-0.007929,0.024097,0.023216,-0.856113,0.515705,0.128179,0.004531,0.041220,0.090820,0.129928,-0.460111,
1624924192.000000,765648842.000000,0.213188,-0.513413,-0.007741,0.024354,0.023156,-0.856699,0.514722,0.121427,0.002112,0.050988,0.095832,0.029785,-0.446217,
1624924192.000000,770651817.000000,0.213044,-0.514898,-0.008792,0.024472,0.022835,-0.857272,0.513775,0.115428,-0.000544,0.055637,0.100335,-0.090842,-0.430246,
1624924192.000000,775654793.000000,0.212766,-0.515405,-0.008530,0.024274,0.022486,-0.857836,0.512857,0.108836,-0.003035,0.064218,0.085328,-0.169427,-0.431267,
1624924192.000000,780658007.000000,0.212634,-0.515894,-0.008700,0.023883,0.022125,-0.858401,0.511946,0.100017,0.008668,0.024952,0.015244,-0.253813,-0.418640,
1624924192.000000,785661936.000000,0.212442,-0.516349,-0.008610,0.023234,0.021768,-0.858942,0.511082,0.093093,0.010278,0.020983,0.024143,-0.317730,-0.405687,
1624924192.000000,790664673.000000,0.212274,-0.516773,-0.008531,0.022639,0.021357,-0.859478,0.510224,0.086003,0.011861,0.017364,0.008043,-0.218468,-0.404701,
1624924192.000000,795667887.000000,0.212040,-0.517335,-0.008422,0.022269,0.021199,-0.860003,0.509362,0.105046,0.013578,0.021810,0.001867,-0.128573,-0.406819,
1624924192.000000,845701694.000000,0.206699,-0.523963,-0.007369,0.023740,0.022530,-0.865459,0.499909,0.146439,0.015508,0.008635,-0.033984,0.055454,-0.445232,
1624924192.000000,850704670.000000,0.206402,-0.524635,-0.007380,0.023864,0.022645,-0.866007,0.498948,0.145546,0.015875,0.008424,0.036358,0.072524,-0.440895,
1624924192.000000,855707407.000000,0.206067,-0.525267,-0.007198,0.024081,0.022643,-0.866558,0.497981,0.141049,0.008210,0.036088,0.062241,0.094458,-0.445168,
1624924192.000000,860711336.000000,0.205740,-0.525902,-0.007041,0.024370,0.022649,-0.867111,0.497003,0.138719,0.005364,0.047629,0.091608,0.104293,-0.445212,
1624924192.000000,865714312.000000,0.205404,-0.526522,-0.006822,0.024688,0.022573,-0.867667,0.496020,0.136299,0.002524,0.059471,0.099509,0.096671,-0.454710,
1624924192.000000,870717287.000000,0.204073,-0.525962,-0.007400,0.024900,0.022289,-0.868218,0.495056,0.113903,-0.004592,0.043741,0.090700,-0.027661,-0.433646,
1624924192.000000,875720501.000000,0.203760,-0.526451,-0.007235,0.024770,0.022016,-0.868748,0.494144,0.107025,-0.004322,0.043480,0.064336,-0.129279,-0.417339,
1624924192.000000,880723476.000000,0.203472,-0.526900,-0.007064,0.024462,0.021742,-0.869279,0.493237,0.099644,-0.004095,0.043322,0.039566,-0.205851,-0.419662,
1624924192.000000,885726213.000000,0.203205,-0.527312,-0.006880,0.023922,0.021369,-0.869807,0.492348,0.091993,-0.003911,0.043524,0.031194,-0.302618,-0.406870,
1624924192.000000,890730381.000000,0.202921,-0.527849,-0.006837,0.023285,0.021012,-0.870326,0.491476,0.103849,0.002393,0.026827,-0.017681,-0.238452,-0.415254,
1624924192.000000,975783348.000000,0.195339,-0.536213,-0.006903,0.025414,0.021745,-0.879279,0.475130,0.105225,-0.010129,0.060058,0.064522,-0.095579,-0.420782,
1624924192.000000,980786324.000000,0.195091,-0.536653,-0.006919,0.025019,0.021436,-0.879777,0.474243,0.098632,-0.001654,0.032492,0.040722,-0.302250,-0.403430,
1624924192.000000,985789299.000000,0.194821,-0.537058,-0.006799,0.024308,0.020958,-0.880284,0.473361,0.092615,-0.000107,0.028080,0.053659,-0.311712,-0.410000,
1624924192.000000,990792513.000000,0.194574,-0.537440,-0.006678,0.023753,0.020613,-0.880791,0.472460,0.086497,0.001408,0.025006,-0.020508,-0.222648,-0.421658,
1624924192.000000,995795488.000000,0.194242,-0.537957,-0.006472,0.023249,0.020454,-0.881296,0.471549,0.106790,0.002520,0.035653,0.020983,-0.192171,-0.405869,
1624924193.000000,799656.000000,0.193949,-0.538428,-0.006315,0.022942,0.020177,-0.881779,0.470673,0.111618,0.003915,0.035720,0.035182,-0.105603,-0.405538,
1624924193.000000,5802393.000000,0.193535,-0.539483,-0.006206,0.022741,0.020247,-0.882305,0.469692,0.122923,0.004250,0.039403,0.039577,0.033462,-0.426007,
1624924193.000000,10805368.000000,0.193196,-0.540031,-0.006025,0.022935,0.020260,-0.882805,0.468741,0.127495,0.005716,0.041770,0.031659,0.100372,-0.423968,
1624924193.000000,15808344.000000,0.192817,-0.540664,-0.005951,0.023147,0.020377,-0.883292,0.467808,0.139882,0.008079,0.033425,-0.000693,0.089668,-0.421683,
1624924193.000000,20811558.000000,0.192448,-0.541290,-0.005829,0.023388,0.020552,-0.883791,0.466845,0.146695,0.009875,0.032106,-0.005921,0.187506,-0.448311,
1624924193.000000,65839529.000000,0.189668,-0.545980,-0.006129,0.025434,0.021575,-0.888452,0.457756,0.114018,0.002622,0.047157,0.094456,0.200202,-0.444179,
1624924193.000000,70843458.000000,0.189337,-0.546458,-0.005906,0.025789,0.021575,-0.888948,0.456773,0.112322,-0.000840,0.057951,0.080174,0.054638,-0.432361,
1624924193.000000,75846672.000000,0.187311,-0.547206,-0.005520,0.025903,0.021288,-0.889442,0.455817,0.097423,-0.007643,0.055947,0.081556,-0.071580,-0.437732,
1624924193.000000,80849409.000000,0.187005,-0.547572,-0.005278,0.025634,0.020991,-0.889944,0.454865,0.087324,-0.007052,0.054078,0.057002,-0.244771,-0.410220,
1624924193.000000,85852385.000000,0.186732,-0.547898,-0.005042,0.024981,0.020573,-0.890414,0.454000,0.077228,-0.006524,0.052196,0.029264,-0.321997,-0.387558,
1624924193.000000,90855360.000000,0.186399,-0.548331,-0.004859,0.024343,0.020225,-0.890880,0.453134,0.091271,-0.003980,0.044548,0.015383,-0.248403,-0.406814,
1624924193.000000,95858335.000000,0.186112,-0.548701,-0.004674,0.023835,0.019951,-0.891363,0.452224,0.090729,-0.002641,0.040518,0.026020,-0.229950,-0.412293,
1624924193.000000,100861311.000000,0.185832,-0.549069,-0.004507,0.023386,0.019692,-0.891842,0.451313,0.090111,-0.001308,0.036744,0.010262,-0.141827,-0.417448,
1624924193.000000,105865479.000000,0.185479,-0.549548,-0.004290,0.023206,0.019590,-0.892325,0.450372,0.108348,0.000094,0.044051,0.045996,-0.044554,-0.425032,
1624924193.000000,110868454.000000,0.183961,-0.550552,-0.005421,0.023173,0.019602,-0.892828,0.449373,0.109184,-0.002503,0.004452,0.030799,0.094463,-0.431386,
1624924193.000000,155896425.000000,0.179625,-0.555892,-0.005389,0.024921,0.021011,-0.897207,0.440405,0.128129,-0.002961,0.025045,0.006955,-0.023676,-0.436643,
1624924193.000000,160899639.000000,0.179218,-0.556390,-0.005285,0.024980,0.020955,-0.897698,0.439404,0.126921,-0.004517,0.031181,0.087847,0.088060,-0.447504,
1624924193.000000,165902615.000000,0.178806,-0.556880,-0.005145,0.025442,0.020896,-0.898190,0.438374,0.125676,-0.006055,0.037889,0.130745,0.204375,-0.460153,
1624924193.000000,170905590.000000,0.178440,-0.557305,-0.004945,0.026018,0.020874,-0.898685,0.437324,0.113628,-0.006923,0.048723,0.109328,0.190495,-0.446515,
1624924193.000000,175909758.000000,0.177823,-0.557993,-0.005754,0.026262,0.020623,-0.899162,0.436341,0.103010,-0.013250,0.052839,0.058168,0.011630,-0.412337,
1624924193.000000,180912495.000000,0.177450,-0.558359,-0.005508,0.026065,0.020426,-0.899609,0.435438,0.097791,-0.014622,0.058806,0.055803,-0.208103,-0.397351,
1624924193.000000,185915470.000000,0.177197,-0.558700,-0.005588,0.025436,0.020005,-0.900065,0.434552,0.087165,-0.005775,0.024227,0.039185,-0.378624,-0.401665,
1624924193.000000,190918684.000000,0.176916,-0.559017,-0.005508,0.024612,0.019606,-0.900530,0.433654,0.080194,-0.003898,0.017170,-0.011103,-0.276790,-0.411269,
1624924193.000000,195921421.000000,0.176661,-0.559312,-0.005480,0.024082,0.019379,-0.900985,0.432749,0.073542,-0.002046,0.008737,0.044951,-0.255611,-0.394342,
1624924193.000000,200924397.000000,0.176263,-0.559764,-0.005416,0.023604,0.019043,-0.901425,0.431871,0.100629,-0.003383,0.014190,0.006664,-0.110821,-0.404703,
1624924193.000000,245953560.000000,0.171328,-0.565945,-0.005684,0.025425,0.020014,-0.905702,0.422678,0.136060,0.006859,0.001370,-0.021485,-0.029889,-0.446650,
1624924193.000000,250956535.000000,0.170969,-0.566399,-0.005684,0.025257,0.020076,-0.906171,0.421679,0.126389,0.006141,0.003435,-0.049325,-0.033632,-0.444399,
1624924193.000000,255959511.000000,0.170592,-0.566896,-0.005699,0.025176,0.020199,-0.906639,0.420671,0.123539,0.006925,0.004265,-0.027085,0.012527,-0.443481,
1624924193.000000,260962486.000000,0.170226,-0.567384,-0.005717,0.025236,0.020251,-0.907100,0.419669,0.120717,0.007703,0.004547,0.041187,0.065194,-0.440189,
1624924193.000000,265965462.000000,0.169799,-0.567832,-0.005539,0.025479,0.020195,-0.907563,0.418657,0.119390,-0.002661,0.032155,0.104158,0.081476,-0.444484,
1624924193.000000,270968437.000000,0.168157,-0.568755,-0.005185,0.025838,0.019850,-0.908039,0.417616,0.119926,-0.022637,0.064641,0.130838,0.140270,-0.456296,
1624924193.000000,275972605.000000,0.167665,-0.569148,-0.004861,0.026236,0.019739,-0.908509,0.416574,0.118071,-0.026311,0.077594,0.100039,0.063996,-0.439387,
1624924193.000000,280975580.000000,0.167377,-0.569491,-0.004870,0.026205,0.019538,-0.908956,0.415609,0.101130,-0.014239,0.046964,0.073097,-0.146495,-0.410457,
1624924193.000000,285978556.000000,0.166997,-0.569830,-0.004676,0.025774,0.019242,-0.909393,0.414692,0.094705,-0.013079,0.045014,0.005364,-0.222192,-0.406179,
1624924193.000000,290981770.000000,0.166643,-0.570145,-0.004495,0.025253,0.019098,-0.909830,0.413771,0.088130,-0.011961,0.042557,-0.021912,-0.199429,-0.412639,
1624924193.000000,386041403.000000,0.155827,-0.578471,-0.004545,0.026224,0.018516,-0.918341,0.394486,0.104403,-0.032403,0.072817,-0.036413,-0.124653,-0.409566,
1624924193.000000,391044617.000000,0.155434,-0.578780,-0.004455,0.025734,0.018424,-0.918746,0.393578,0.096276,-0.021597,0.043637,0.018428,-0.316116,-0.383140,
1624924193.000000,396047592.000000,0.155029,-0.579063,-0.004295,0.024981,0.017985,-0.919148,0.392708,0.090969,-0.018957,0.035735,0.049482,-0.253933,-0.403004,
1624924193.000000,401050568.000000,0.154651,-0.579332,-0.004168,0.024619,0.017755,-0.919570,0.391752,0.085765,-0.016331,0.027930,0.053880,-0.154827,-0.417348,
1624924193.000000,406053543.000000,0.153754,-0.579606,-0.006001,0.024222,0.017526,-0.919996,0.390785,0.114851,-0.020523,0.006759,0.026860,-0.081899,-0.420335,
1624924193.000000,411056519.000000,0.153273,-0.579957,-0.005999,0.024129,0.017487,-0.920412,0.389812,0.119211,-0.019997,0.007461,0.011543,0.001993,-0.424639,
1624924193.000000,416059494.000000,0.152779,-0.580325,-0.005994,0.024186,0.017508,-0.920829,0.388821,0.123559,-0.019451,0.008207,0.008649,0.043349,-0.437361,
1624924193.000000,421063423.000000,0.152296,-0.580726,-0.006066,0.024312,0.017555,-0.921254,0.387803,0.127630,-0.015451,0.000130,0.034979,0.073901,-0.437490,
1624924193.000000,426066399.000000,0.151790,-0.581138,-0.006122,0.024542,0.017583,-0.921671,0.386796,0.132068,-0.013751,-0.003147,0.017394,0.108915,-0.434160,
1624924193.000000,431069374.000000,0.151275,-0.581569,-0.006191,0.024825,0.017751,-0.922087,0.385778,0.136287,-0.012032,-0.006143,-0.014008,0.164937,-0.445905,
1624924193.000000,471094370.000000,0.147827,-0.585547,-0.005222,0.026270,0.018317,-0.925561,0.377243,0.110073,-0.018795,0.044952,0.107623,0.103098,-0.463221,
1624924193.000000,476097345.000000,0.146148,-0.586587,-0.005188,0.026399,0.017975,-0.925979,0.376222,0.115703,-0.029188,0.066804,0.120669,0.065437,-0.445867,
1624924193.000000,481100559.000000,0.145613,-0.586898,-0.004861,0.026562,0.017792,-0.926395,0.375193,0.114553,-0.032359,0.078073,0.092728,-0.003239,-0.430072,
1624924193.000000,486104488.000000,0.145314,-0.587168,-0.004968,0.026516,0.017655,-0.926797,0.374208,0.096888,-0.019812,0.039212,0.002467,-0.054401,-0.424571,
1624924193.000000,491107464.000000,0.144906,-0.587433,-0.004793,0.026179,0.017584,-0.927193,0.373254,0.090128,-0.018448,0.037755,0.017575,-0.265274,-0.390775,
1624924193.000000,496110678.000000,0.144530,-0.587674,-0.004625,0.025472,0.017208,-0.927571,0.372380,0.082931,-0.017127,0.036042,0.043111,-0.262216,-0.393488,
1624924193.000000,501113415.000000,0.144104,-0.587955,-0.004436,0.025052,0.016992,-0.927967,0.371432,0.089579,-0.017401,0.039350,0.027622,-0.158380,-0.419479,
1624924193.000000,506116390.000000,0.141766,-0.588787,-0.005415,0.024797,0.016943,-0.928349,0.370495,0.113736,-0.019499,0.010343,0.041494,-0.074422,-0.415134,
1624924193.000000,511119604.000000,0.141286,-0.589111,-0.005395,0.024695,0.016826,-0.928736,0.369536,0.114396,-0.018729,0.009285,0.023773,-0.055924,-0.416016,
1624924193.000000,516122580.000000,0.140720,-0.589549,-0.005359,0.024593,0.016775,-0.929133,0.368545,0.129611,-0.015538,0.011328,0.027537,0.002602,-0.439520,
1624924193.000000,566154480.000000,0.135532,-0.593526,-0.004870,0.026396,0.017805,-0.933156,0.358059,0.125788,-0.010768,0.024133,0.047860,0.029653,-0.440555,
1624924193.000000,571157455.000000,0.135025,-0.593906,-0.004771,0.026529,0.017701,-0.933558,0.357004,0.123680,-0.012314,0.030017,0.087524,0.070476,-0.463919,
1624924193.000000,576160431.000000,0.134292,-0.594342,-0.004838,0.026662,0.017482,-0.933981,0.355898,0.107923,-0.019252,0.046396,0.088502,0.076434,-0.454690,
1624924193.000000,581163645.000000,0.133818,-0.594636,-0.004625,0.026766,0.017329,-0.934375,0.354862,0.102830,-0.020827,0.052572,0.086251,-0.060145,-0.434133,
1624924193.000000,586166382.000000,0.133358,-0.594906,-0.004375,0.026583,0.017087,-0.934767,0.353853,0.097522,-0.022435,0.059031,0.059803,-0.087682,-0.425758,
1624924193.000000,591170311.000000,0.132911,-0.595152,-0.004093,0.026415,0.016953,-0.935147,0.352866,0.092239,-0.024084,0.065296,0.023401,-0.104485,-0.421419,
1624924193.000000,596173525.000000,0.132519,-0.595449,-0.004097,0.026078,0.016803,-0.935522,0.351904,0.091175,-0.015412,0.035366,0.027597,-0.173988,-0.397076,
1624924193.000000,601176500.000000,0.132121,-0.595704,-0.003973,0.025648,0.016595,-0.935877,0.351001,0.087893,-0.013659,0.028860,0.021467,-0.196136,-0.390412,
1624924193.000000,606179476.000000,0.131783,-0.596608,-0.005119,0.025152,0.016460,-0.936237,0.350082,0.090003,-0.004606,-0.004094,0.035034,-0.113802,-0.412894,
1624924193.000000,611182690.000000,0.131266,-0.596997,-0.005004,0.025008,0.016326,-0.936608,0.349103,0.106487,-0.005648,0.009710,0.036484,-0.049594,-0.415173,
1624924193.000000,661214352.000000,0.127216,-0.601604,-0.003935,0.026391,0.017039,-0.940368,0.338706,0.126422,0.009866,0.021844,-0.018055,0.102160,-0.449160,
1624924193.000000,666217566.000000,0.126758,-0.602046,-0.003861,0.026625,0.017164,-0.940739,0.337649,0.125593,0.009637,0.022946,0.026529,0.071363,-0.444923,
1624924193.000000,671220541.000000,0.126300,-0.602422,-0.003627,0.026734,0.017093,-0.941113,0.336599,0.117890,0.002057,0.045691,0.075798,0.025879,-0.444889,
1624924193.000000,676223278.000000,0.125084,-0.602972,-0.004137,0.026643,0.016861,-0.941504,0.335524,0.114312,-0.008705,0.058450,0.083173,0.055856,-0.461949,
1624924193.000000,681226492.000000,0.124603,-0.603302,-0.003853,0.026824,0.016735,-0.941890,0.334430,0.110495,-0.011902,0.069722,0.092620,0.034002,-0.449392,
1624924193.000000,686229467.000000,0.124236,-0.603638,-0.003855,0.026848,0.016538,-0.942256,0.333405,0.101252,-0.003865,0.040565,0.078977,-0.073134,-0.420404,
1624924193.000000,691233397.000000,0.123834,-0.603942,-0.003688,0.026604,0.016330,-0.942609,0.332435,0.095767,-0.003402,0.038251,0.037314,-0.144468,-0.402358,
1624924193.000000,696236610.000000,0.123458,-0.604226,-0.003535,0.026254,0.016177,-0.942954,0.331492,0.089937,-0.002981,0.035620,0.015915,-0.148550,-0.408647,
1624924193.000000,701239586.000000,0.123050,-0.604558,-0.003389,0.025876,0.016024,-0.943304,0.330532,0.096280,-0.000150,0.033689,0.029775,-0.187442,-0.400367,
1624924193.000000,706242323.000000,0.120947,-0.604807,-0.004103,0.025454,0.015854,-0.943640,0.329611,0.109683,-0.003103,0.020959,0.039493,-0.177399,-0.406488,
1624924193.000000,746267557.000000,0.115962,-0.607239,-0.003715,0.026284,0.015991,-0.946478,0.321299,0.143311,0.000084,0.006705,-0.009605,0.021824,-0.449180,
1624924193.000000,751270533.000000,0.115459,-0.607595,-0.003644,0.026326,0.016069,-0.946842,0.320218,0.134046,-0.001483,0.012504,-0.009601,0.057650,-0.459933,
1624924193.000000,756273746.000000,0.114924,-0.607996,-0.003621,0.026435,0.016163,-0.947205,0.319129,0.132908,-0.000937,0.012490,-0.007437,0.017176,-0.455665,
1624924193.000000,761276245.000000,0.114393,-0.608395,-0.003595,0.026388,0.016218,-0.947564,0.318061,0.131825,-0.000404,0.012650,-0.023356,0.003420,-0.447105,
1624924193.000000,766280413.000000,0.113838,-0.608784,-0.003462,0.026466,0.016327,-0.947916,0.316998,0.132166,-0.003379,0.027708,0.002989,0.091818,-0.453448,
1624924193.000000,771283388.000000,0.113294,-0.609171,-0.003350,0.026743,0.016372,-0.948272,0.315906,0.131525,-0.004239,0.033536,0.057567,0.117535,-0.457813,
1624924193.000000,776286364.000000,0.112064,-0.610684,-0.004717,0.026729,0.016128,-0.948631,0.314841,0.138596,-0.005688,0.033888,0.090589,0.046399,-0.444011,
1624924193.000000,781289339.000000,0.111566,-0.610998,-0.004534,0.026843,0.015950,-0.948982,0.313781,0.124777,-0.008585,0.043319,0.094871,0.019543,-0.450255,
1624924193.000000,786292553.000000,0.111041,-0.611332,-0.004340,0.026920,0.015794,-0.949341,0.312694,0.119626,-0.010140,0.049862,0.065055,-0.008584,-0.453658,
1624924193.000000,791295290.000000,0.110524,-0.611649,-0.004114,0.026801,0.015653,-0.949691,0.311646,0.114983,-0.011725,0.056224,0.046762,-0.126150,-0.423798,
1624924193.000000,886355400.000000,0.098788,-0.617968,-0.003823,0.027117,0.015158,-0.956027,0.291629,0.123731,-0.015894,0.059094,0.068976,-0.008126,-0.438470,
1624924193.000000,891358376.000000,0.098333,-0.618242,-0.003772,0.027058,0.014991,-0.956353,0.290571,0.108997,-0.009907,0.035975,0.057723,-0.094255,-0.433505,
1624924193.000000,896361351.000000,0.097861,-0.618501,-0.003631,0.026681,0.014798,-0.956674,0.289560,0.101729,-0.009088,0.033173,0.035068,-0.230211,-0.419446,
1624924193.000000,901364565.000000,0.097423,-0.618743,-0.003499,0.026087,0.014574,-0.956994,0.288564,0.094385,-0.008305,0.030316,0.021361,-0.237001,-0.418451,
1624924193.000000,906368494.000000,0.096891,-0.619053,-0.003379,0.025631,0.014405,-0.957313,0.287555,0.108710,-0.006938,0.028934,0.038209,-0.146511,-0.433309,
1624924193.000000,911371469.000000,0.094950,-0.618352,-0.004179,0.025378,0.014298,-0.957624,0.286543,0.125122,-0.014012,0.018164,0.027934,-0.052225,-0.430288,
1624924193.000000,916374445.000000,0.094382,-0.618643,-0.004120,0.025298,0.014251,-0.957931,0.285527,0.126856,-0.012947,0.016516,0.028586,-0.040188,-0.422661,
1624924193.000000,921377420.000000,0.093777,-0.618981,-0.004070,0.025218,0.014187,-0.958237,0.284507,0.134312,-0.010184,0.015256,0.010916,-0.005957,-0.428047,
1624924193.000000,926380634.000000,0.093178,-0.619314,-0.004017,0.025261,0.014212,-0.958542,0.283473,0.137861,-0.008522,0.014775,0.026350,0.031740,-0.433379,
1624924193.000000,931383610.000000,0.092569,-0.619662,-0.003966,0.025383,0.014186,-0.958851,0.282418,0.141308,-0.006836,0.014438,0.024836,0.077846,-0.445066,
1624924193.000000,971408606.000000,0.088108,-0.621840,-0.003353,0.026812,0.014981,-0.961351,0.273608,0.134164,-0.009353,0.020590,0.037306,0.014118,-0.453411,
1624924193.000000,976412296.000000,0.086905,-0.622999,-0.004022,0.026657,0.014749,-0.961671,0.272509,0.132694,-0.013428,0.044342,0.087190,0.161555,-0.477104,
1624924193.000000,981415272.000000,0.086291,-0.623295,-0.003815,0.027151,0.014650,-0.961987,0.271345,0.131381,-0.015247,0.054063,0.109933,0.147773,-0.473918,
1624924193.000000,986418486.000000,0.085808,-0.623544,-0.003710,0.027402,0.014508,-0.962296,0.270232,0.117139,-0.012790,0.046665,0.076749,0.035536,-0.437717,
1624924193.000000,991421461.000000,0.085271,-0.623799,-0.003501,0.027368,0.014383,-0.962587,0.269204,0.112279,-0.013341,0.050839,0.040457,-0.101679,-0.423638,
1624924193.000000,996424198.000000,0.084753,-0.624037,-0.003274,0.026981,0.014222,-0.962884,0.268188,0.107350,-0.013922,0.054575,0.031874,-0.199740,-0.417478,
1624924194.000000,1427412.000000,0.084246,-0.624288,-0.003169,0.026408,0.014006,-0.963179,0.267196,0.106420,-0.011174,0.038048,0.035172,-0.305000,-0.417312,
1624924194.000000,6431341.000000,0.083219,-0.624101,-0.003288,0.025790,0.013815,-0.963471,0.266208,0.100536,-0.012963,0.017383,0.036268,-0.235161,-0.429082,
1624924194.000000,11434555.000000,0.082759,-0.624302,-0.003237,0.025448,0.013667,-0.963771,0.265161,0.096796,-0.012267,0.014050,0.026728,-0.075139,-0.440840,
1624924194.000000,16437531.000000,0.082120,-0.624634,-0.003150,0.025384,0.013621,-0.964066,0.264096,0.120052,-0.009680,0.018158,0.024493,0.017834,-0.438740,
1624924194.000000,66468477.000000,0.076612,-0.625973,-0.001394,0.027156,0.014403,-0.966920,0.253221,0.123781,-0.008197,0.023176,-0.027767,0.009635,-0.461041,
1624924194.000000,71471691.000000,0.075371,-0.626724,-0.002591,0.026753,0.014296,-0.967215,0.252143,0.127778,-0.010399,0.021061,0.042329,0.026112,-0.454730,
1624924194.000000,76475620.000000,0.074788,-0.626991,-0.002508,0.026920,0.014165,-0.967500,0.251036,0.126301,-0.010735,0.024296,0.101434,0.086598,-0.460940,
1624924194.000000,81478596.000000,0.074209,-0.627178,-0.002139,0.027305,0.014032,-0.967788,0.249889,0.119572,-0.017989,0.055047,0.104422,0.205082,-0.473879,
1624924194.000000,86481333.000000,0.073638,-0.627388,-0.001869,0.027820,0.013962,-0.968067,0.248751,0.116232,-0.020401,0.065907,0.072537,0.116227,-0.446258,
1624924194.000000,91484308.000000,0.073069,-0.627583,-0.001548,0.027843,0.013859,-0.968334,0.247715,0.113080,-0.022855,0.076577,0.044640,-0.095772,-0.409856,
1624924194.000000,96487284.000000,0.072610,-0.627774,-0.001442,0.027419,0.013687,-0.968599,0.246730,0.099797,-0.015844,0.048455,0.027711,-0.263925,-0.415112,
1624924194.000000,101490498.000000,0.072141,-0.627945,-0.001237,0.026708,0.013469,-0.968882,0.245708,0.092543,-0.014575,0.043958,0.033985,-0.281497,-0.431273,
1624924194.000000,106493473.000000,0.070718,-0.628237,-0.002188,0.026155,0.013339,-0.969170,0.244639,0.086576,-0.013224,0.015073,0.019266,-0.245832,-0.429160,
1624924194.000000,111497402.000000,0.070032,-0.628505,-0.002034,0.025669,0.013185,-0.969446,0.243601,0.112904,-0.015117,0.024561,0.047651,-0.129817,-0.434409,
1624924194.000000,156525612.000000,0.064507,-0.630729,-0.001450,0.027326,0.013610,-0.971830,0.233696,0.134642,-0.005515,0.011728,0.002120,0.041114,-0.469687,
1624924194.000000,161528587.000000,0.063895,-0.631010,-0.001426,0.027318,0.013667,-0.972100,0.232569,0.133531,-0.005639,0.011153,-0.031827,-0.029963,-0.457944,
1624924194.000000,166531563.000000,0.063284,-0.631286,-0.001409,0.027230,0.013781,-0.972366,0.231459,0.132320,-0.005775,0.010121,-0.024842,0.025680,-0.462138,
1624924194.000000,171534538.000000,0.061604,-0.631096,-0.003299,0.026966,0.013699,-0.972636,0.230355,0.128144,-0.021810,0.031421,0.063670,0.062519,-0.462255,
1624924194.000000,176538467.000000,0.060973,-0.631288,-0.003191,0.027181,0.013543,-0.972899,0.229227,0.126299,-0.024650,0.040692,0.102425,0.101132,-0.458994,
1624924194.000000,181541443.000000,0.060346,-0.631459,-0.003002,0.027507,0.013406,-0.973159,0.228092,0.124176,-0.027515,0.051342,0.093583,0.114388,-0.467504,
1624924194.000000,186544657.000000,0.059725,-0.631610,-0.002760,0.027801,0.013286,-0.973420,0.226947,0.121769,-0.030384,0.061905,0.077688,0.109708,-0.458047,
1624924194.000000,191547632.000000,0.059252,-0.631773,-0.002768,0.027931,0.013183,-0.973668,0.225868,0.106448,-0.022193,0.036773,0.052073,-0.082037,-0.419643,
1624924194.000000,196550608.000000,0.058716,-0.631916,-0.002622,0.027453,0.013004,-0.973914,0.224877,0.100749,-0.021463,0.035406,0.025459,-0.267890,-0.407745,
1624924194.000000,201553345.000000,0.058225,-0.632040,-0.002484,0.026743,0.012825,-0.974167,0.223872,0.094376,-0.020768,0.033675,0.016853,-0.307523,-0.423855,
1624924194.000000,246581554.000000,0.053632,-0.633229,-0.004797,0.027171,0.012820,-0.976350,0.214096,0.127985,-0.002084,-0.014305,0.005512,0.018644,-0.454772,
