1624924036.000000,773215055.000000,-0.000287,0.000273,0.000389,0.002346,0.034358,-0.000007,0.999407,-0.000744,0.000264,0.008411,0.003461,-0.014487,0.006100,
1624924036.000000,778217793.000000,-0.000287,0.000274,0.000433,0.002361,0.034327,0.000003,0.999408,-0.000665,0.000257,0.009064,0.007733,-0.000853,0.001797,
1624924036.000000,783220768.000000,-0.000286,0.000275,0.000482,0.002373,0.034333,0.000010,0.999408,-0.000463,0.000249,0.009895,-0.001814,-0.007940,0.007081,
1624924036.000000,788223743.000000,-0.000280,0.000278,0.000538,0.002367,0.034307,0.000027,0.999409,-0.000056,0.000472,0.010989,0.003367,0.002249,0.000807,
1624924036.000000,793226957.000000,-0.000276,0.000280,0.000595,0.002381,0.034338,0.000017,0.999408,-0.000012,0.000556,0.011580,0.000374,0.010048,-0.003597,
1624924036.000000,798229933.000000,-0.000320,0.000341,0.000446,0.002382,0.034370,0.000008,0.999406,-0.002329,0.001548,0.007814,-0.005102,-0.006000,-0.002441,
1624924036.000000,803232670.000000,-0.000323,0.000343,0.000497,0.002381,0.034357,0.000005,0.999407,-0.001821,0.001033,0.009320,0.005591,0.003419,0.002827,
1624924036.000000,808235884.000000,-0.000327,0.000348,0.000543,0.002394,0.034366,0.000013,0.999407,-0.001552,0.000926,0.009781,-0.000698,-0.006905,-0.000274,
1624924036.000000,813238859.000000,-0.000328,0.000352,0.000590,0.002387,0.034344,0.000011,0.999407,-0.001193,0.000819,0.010126,0.002314,0.004376,0.003852,
1624924036.000000,818241835.000000,-0.000326,0.000358,0.000631,0.002398,0.034368,0.000025,0.999406,-0.000603,0.000954,0.009437,-0.000680,-0.000486,0.001878,
1624924036.000000,908298969.000000,-0.000313,0.000258,0.000461,0.002230,0.032590,-0.000058,0.999466,-0.002492,-0.000129,0.008721,-0.024409,-0.623708,-0.065170,
1624924036.000000,913301945.000000,0.000590,-0.000019,0.000473,0.002188,0.031134,-0.000346,0.999513,0.061578,-0.019523,0.011086,-0.007109,-0.493863,-0.165460,
1624924036.000000,918304682.000000,0.000919,-0.000128,0.000507,0.002151,0.030250,-0.000857,0.999540,0.074243,-0.023588,0.011849,-0.011412,-0.203163,-0.231681,
1624924036.000000,923307896.000000,0.001328,-0.000257,0.000524,0.002137,0.030124,-0.001478,0.999543,0.087727,-0.027596,0.011853,0.029884,0.094713,-0.262443,
1624924036.000000,928310871.000000,0.001946,-0.000360,0.000455,0.002225,0.030570,-0.002177,0.999528,0.121692,-0.024820,0.002368,0.036776,0.218122,-0.296481,
1624924036.000000,933313847.000000,0.002522,-0.000197,0.000300,0.002267,0.031310,-0.003008,0.999503,0.150270,-0.018785,0.002979,-0.012514,0.320706,-0.346565,
1624924036.000000,938316822.000000,0.003323,-0.000300,0.000260,0.002174,0.032126,-0.003899,0.999474,0.171276,-0.019831,0.001801,-0.033918,0.255590,-0.357399,
1624924036.000000,943320990.000000,0.003915,-0.000306,0.000293,0.002076,0.032560,-0.004780,0.999456,0.155529,-0.009258,0.008128,-0.017901,0.133171,-0.355018,
1624924036.000000,948323727.000000,0.004719,-0.000354,0.000286,0.002049,0.032951,-0.005699,0.999439,0.164775,-0.006405,0.009513,0.021528,0.200171,-0.385918,
1624924036.000000,953326941.000000,0.005574,-0.000389,0.000289,0.002097,0.033540,-0.006697,0.999413,0.174164,-0.003489,0.011428,0.029189,0.246361,-0.404206,
1624924036.000000,998355150.000000,0.006257,-0.002314,-0.000381,0.002891,0.033689,-0.016023,0.999300,0.055117,-0.043109,0.000777,0.041845,-0.279690,-0.389822,
1624924037.000000,3358126.000000,0.006512,-0.002541,-0.000399,0.002945,0.032995,-0.017003,0.999307,0.050190,-0.044258,-0.002680,0.021866,-0.273940,-0.389905,
1624924037.000000,8360863.000000,0.007008,-0.002705,-0.000385,0.002934,0.032434,-0.017990,0.999308,0.072657,-0.037232,0.000519,0.018274,-0.147261,-0.400511,
1624924037.000000,13364077.000000,0.007371,-0.002902,-0.000413,0.002972,0.032197,-0.019003,0.999296,0.075899,-0.035825,-0.001372,0.037714,-0.087936,-0.402746,
1624924037.000000,18367052.000000,0.007747,-0.003092,-0.000448,0.003024,0.032091,-0.020025,0.999280,0.078938,-0.034406,-0.002867,0.026014,0.058912,-0.420678,
1624924037.000000,23370028.000000,0.008204,-0.003259,-0.000479,0.003021,0.032440,-0.021099,0.999246,0.091269,-0.030116,-0.001928,-0.008112,0.161155,-0.429439,
1624924037.000000,28373003.000000,0.008670,-0.003424,-0.000521,0.003001,0.032842,-0.022167,0.999210,0.098367,-0.027493,-0.001778,0.037303,0.175984,-0.431374,
1624924037.000000,33376932.000000,0.010053,-0.003625,0.000062,0.003093,0.033644,-0.023388,0.999155,0.127086,-0.022815,0.003223,0.024312,0.186659,-0.439183,
1624924037.000000,38379669.000000,0.010515,-0.003791,0.000056,0.003053,0.034042,-0.024493,0.999116,0.114048,-0.024152,0.003133,-0.017925,0.105397,-0.446623,
1624924037.000000,43382883.000000,0.011082,-0.003937,0.000028,0.002969,0.034223,-0.025620,0.999081,0.115090,-0.022726,0.001908,-0.024049,0.066504,-0.457278,
1624924037.000000,88411093.000000,0.017497,-0.006668,0.000279,0.003312,0.034903,-0.035611,0.998751,0.099566,-0.048345,0.036374,0.051885,-0.039483,-0.418067,
1624924037.000000,93413830.000000,0.017977,-0.006947,0.000431,0.003353,0.034671,-0.036645,0.998721,0.094969,-0.048483,0.038372,0.035413,-0.122832,-0.407430,
1624924037.000000,98416805.000000,0.021097,-0.005756,0.000952,0.003354,0.034678,-0.037738,0.998680,0.112130,-0.029232,0.045696,0.032623,-0.167853,-0.408664,
1624924037.000000,103420019.000000,0.021723,-0.005912,0.000983,0.003367,0.034182,-0.038770,0.998658,0.115751,-0.025405,0.031734,0.025023,-0.229427,-0.414033,
1624924037.000000,108423948.000000,0.022294,-0.006082,0.001097,0.003377,0.033596,-0.039814,0.998637,0.113408,-0.024366,0.029027,0.030389,-0.223304,-0.418282,
1624924037.000000,113427162.000000,0.022849,-0.006248,0.001195,0.003417,0.033154,-0.040881,0.998608,0.110859,-0.023335,0.026182,0.047404,-0.114177,-0.436339,
1624924037.000000,118430138.000000,0.023529,-0.006432,0.001290,0.003485,0.033055,-0.041992,0.998565,0.127961,-0.024140,0.026557,0.027387,0.033283,-0.443942,
1624924037.000000,123432875.000000,0.024177,-0.006608,0.001375,0.003486,0.033221,-0.043088,0.998513,0.133333,-0.023800,0.025529,0.005775,0.064446,-0.432141,
1624924037.000000,128436089.000000,0.027491,-0.006167,0.001215,0.003413,0.033765,-0.044289,0.998442,0.181980,-0.014974,0.026687,0.010213,0.109097,-0.434382,
1624924037.000000,133439064.000000,0.028322,-0.006295,0.001251,0.003433,0.034115,-0.045389,0.998381,0.178303,-0.012194,0.021634,0.025123,0.148923,-0.445115,
1624924037.000000,178466797.000000,0.035820,-0.007338,-0.000108,0.003345,0.035372,-0.055571,0.997822,0.161560,-0.016535,0.036123,0.097515,0.044968,-0.433535,
1624924037.000000,183469772.000000,0.036615,-0.007519,0.000043,0.003568,0.035442,-0.056674,0.997757,0.157510,-0.019410,0.046038,0.090435,0.034091,-0.448426,
1624924037.000000,188472986.000000,0.037392,-0.007715,0.000242,0.003705,0.035506,-0.057807,0.997689,0.153647,-0.022289,0.056037,0.052828,0.005930,-0.446476,
1624924037.000000,193476915.000000,0.038129,-0.007862,0.000258,0.003779,0.035408,-0.058898,0.997629,0.147797,-0.016871,0.032396,0.048546,-0.092689,-0.423983,
1624924037.000000,198479891.000000,0.037690,-0.008116,-0.000652,0.003895,0.035141,-0.059997,0.997572,0.122471,-0.019469,0.009924,0.025371,-0.210411,-0.414537,
1624924037.000000,203483105.000000,0.038275,-0.008284,-0.000648,0.003881,0.034591,-0.061048,0.997528,0.116964,-0.019176,0.007592,0.039848,-0.193861,-0.428380,
1624924037.000000,208485842.000000,0.038834,-0.008449,-0.000651,0.003935,0.034174,-0.062132,0.997475,0.111535,-0.018899,0.005413,0.035078,-0.156037,-0.430655,
1624924037.000000,213488817.000000,0.039631,-0.008629,-0.000603,0.003930,0.033805,-0.063194,0.997421,0.132024,-0.017109,0.010832,0.022897,-0.131049,-0.417783,
1624924037.000000,218492031.000000,0.040283,-0.008797,-0.000600,0.003927,0.033567,-0.064235,0.997362,0.134165,-0.016371,0.009938,0.003015,-0.054721,-0.418794,
1624924037.000000,223495007.000000,0.040945,-0.008964,-0.000607,0.003888,0.033501,-0.065290,0.997296,0.136227,-0.015621,0.008664,0.017486,-0.017336,-0.425260,
1624924037.000000,313551903.000000,0.052047,-0.013254,0.000149,0.004397,0.033705,-0.085351,0.995771,0.109811,-0.026369,0.025838,0.034952,-0.116229,-0.440660,
1624924037.000000,318555117.000000,0.052710,-0.013488,0.000235,0.004387,0.033496,-0.086443,0.995684,0.128226,-0.023775,0.025336,-0.000254,-0.089112,-0.427903,
1624924037.000000,323557854.000000,0.053343,-0.013717,0.000311,0.004331,0.033318,-0.087503,0.995598,0.134745,-0.022328,0.024314,0.011238,-0.017113,-0.432993,
1624924037.000000,328560829.000000,0.054394,-0.013837,-0.000170,0.004283,0.033386,-0.088677,0.995492,0.148935,-0.018119,0.010208,0.036046,0.081088,-0.447121,
1624924037.000000,333564043.000000,0.055127,-0.014058,-0.000170,0.004340,0.033651,-0.089796,0.995382,0.154467,-0.016578,0.008430,0.008452,0.132759,-0.451325,
1624924037.000000,338567019.000000,0.055855,-0.014274,-0.000140,0.004340,0.034004,-0.090911,0.995269,0.156431,-0.015166,0.010543,0.013366,0.132951,-0.441796,
1624924037.000000,343569994.000000,0.056626,-0.014491,-0.000153,0.004377,0.034371,-0.092015,0.995155,0.161345,-0.013632,0.008790,0.001095,0.188512,-0.454391,
1624924037.000000,348573208.000000,0.057423,-0.014706,-0.000178,0.004353,0.034876,-0.093163,0.995030,0.166319,-0.012056,0.007110,-0.013198,0.171460,-0.462099,
1624924037.000000,353576899.000000,0.058151,-0.014916,-0.000210,0.004308,0.035159,-0.094297,0.994914,0.158349,-0.012433,0.004491,-0.019290,0.050121,-0.452366,
1624924037.000000,358579874.000000,0.058917,-0.015124,-0.000248,0.004211,0.035186,-0.095428,0.994805,0.158112,-0.011647,0.002863,-0.020567,-0.024182,-0.462982,
1624924037.000000,408611059.000000,0.064653,-0.017675,-0.000248,0.004822,0.034329,-0.106668,0.993690,0.095982,-0.024964,0.017305,0.029391,-0.262220,-0.427046,
1624924037.000000,413613796.000000,0.065276,-0.017953,-0.000187,0.004830,0.033862,-0.107757,0.993589,0.117325,-0.026241,0.018610,0.030920,-0.146426,-0.442084,
1624924037.000000,418616772.000000,0.065836,-0.018211,-0.000140,0.004835,0.033601,-0.108858,0.993478,0.121555,-0.026127,0.017529,0.040070,-0.039187,-0.437811,
1624924037.000000,423619986.000000,0.066416,-0.018474,-0.000096,0.004902,0.033599,-0.109944,0.993358,0.125727,-0.025998,0.016832,0.025618,0.007174,-0.436664,
1624924037.000000,428622961.000000,0.067750,-0.018949,-0.000273,0.004853,0.033781,-0.111119,0.993221,0.152412,-0.021066,0.011676,0.008222,0.081418,-0.436798,
1624924037.000000,433625937.000000,0.068488,-0.019220,-0.000276,0.004876,0.034106,-0.112199,0.993088,0.157604,-0.018953,0.009283,0.007345,0.160358,-0.435658,
1624924037.000000,438630104.000000,0.069250,-0.019487,-0.000296,0.004895,0.034483,-0.113284,0.992952,0.162700,-0.016812,0.006937,0.006205,0.119129,-0.437827,
1624924037.000000,443632841.000000,0.070039,-0.019751,-0.000327,0.004902,0.034718,-0.114374,0.992819,0.167797,-0.014648,0.004627,0.007317,0.087827,-0.441003,
1624924037.000000,448636055.000000,0.070756,-0.020015,-0.000317,0.004883,0.034984,-0.115494,0.992680,0.162341,-0.015425,0.006918,-0.022404,0.126160,-0.468617,
1624924037.000000,453639030.000000,0.071519,-0.020273,-0.000311,0.004821,0.035301,-0.116676,0.992531,0.163146,-0.014220,0.007639,-0.001510,0.095851,-0.475256,
1624924037.000000,493664026.000000,0.076471,-0.022285,0.000072,0.005370,0.036025,-0.125870,0.991378,0.127017,-0.028374,0.052536,0.060617,-0.100465,-0.417686,
1624924037.000000,498666763.000000,0.076933,-0.022675,-0.000967,0.005499,0.035716,-0.126886,0.991259,0.108394,-0.026073,0.018182,0.003300,-0.234202,-0.414470,
1624924037.000000,503669739.000000,0.077412,-0.022933,-0.000920,0.005369,0.035075,-0.127930,0.991148,0.100917,-0.025351,0.015348,0.020769,-0.277503,-0.423110,
1624924037.000000,508672953.000000,0.078065,-0.023258,-0.000887,0.005358,0.034382,-0.128994,0.991035,0.118500,-0.027116,0.014012,0.052377,-0.271079,-0.429474,
1624924037.000000,513675928.000000,0.078607,-0.023543,-0.000862,0.005363,0.033824,-0.130076,0.990912,0.119162,-0.027177,0.011859,0.042470,-0.141153,-0.437993,
1624924037.000000,518678904.000000,0.079153,-0.023830,-0.000846,0.005392,0.033653,-0.131174,0.990773,0.119842,-0.027232,0.009915,0.023413,-0.016444,-0.444404,
1624924037.000000,523683071.000000,0.079796,-0.024116,-0.000848,0.005404,0.033697,-0.132273,0.990626,0.133777,-0.023202,0.007544,0.020031,0.056231,-0.438047,
1624924037.000000,528685808.000000,0.080874,-0.024508,-0.000446,0.005252,0.033917,-0.133439,0.990463,0.152048,-0.020232,0.014994,0.006414,0.068152,-0.431675,
1624924037.000000,533688784.000000,0.081598,-0.024808,-0.000432,0.005249,0.034092,-0.134514,0.990311,0.157764,-0.018532,0.012932,0.012588,0.090858,-0.441217,
1624924037.000000,538691998.000000,0.082275,-0.025091,-0.000422,0.005286,0.034385,-0.135618,0.990150,0.154505,-0.017221,0.011008,0.005433,0.136806,-0.445597,
1624924037.000000,588722944.000000,0.088723,-0.027728,-0.000791,0.005815,0.036091,-0.147101,0.988446,0.130857,-0.024950,0.042653,0.060638,0.129216,-0.443480,
1624924037.000000,593725920.000000,0.089315,-0.028041,-0.000616,0.005900,0.036186,-0.148158,0.988284,0.125809,-0.025521,0.046580,0.031864,-0.094551,-0.406215,
1624924037.000000,598729134.000000,0.090338,-0.028718,-0.001009,0.005971,0.035786,-0.149127,0.988152,0.118700,-0.028170,0.028637,0.030870,-0.296952,-0.399672,
1624924037.000000,603732824.000000,0.090898,-0.028997,-0.001029,0.005899,0.034990,-0.150148,0.988026,0.116952,-0.024224,0.016033,0.037287,-0.311762,-0.420061,
1624924037.000000,608735800.000000,0.091413,-0.029282,-0.001002,0.005829,0.034265,-0.151213,0.987890,0.112320,-0.023430,0.011974,0.017171,-0.279439,-0.433930,
1624924037.000000,613738775.000000,0.091905,-0.029558,-0.000999,0.005748,0.033686,-0.152297,0.987744,0.107795,-0.022650,0.007448,0.035987,-0.156109,-0.438187,
1624924037.000000,618741751.000000,0.092576,-0.029892,-0.000996,0.005794,0.033510,-0.153394,0.987580,0.132807,-0.022441,0.008180,0.033308,0.006601,-0.448791,
1624924037.000000,623744726.000000,0.093193,-0.030205,-0.001007,0.005829,0.033665,-0.154507,0.987401,0.139825,-0.021829,0.006726,0.016906,0.114517,-0.445700,
1624924037.000000,628747940.000000,0.094552,-0.030597,-0.000925,0.005794,0.033863,-0.155645,0.987216,0.170118,-0.019039,0.018829,0.019269,0.115824,-0.434969,
1624924037.000000,633750916.000000,0.095254,-0.030881,-0.000952,0.005834,0.034125,-0.156713,0.987037,0.164373,-0.013827,0.011134,0.005463,0.117299,-0.430729,
1624924037.000000,678778887.000000,0.100353,-0.033789,-0.002004,0.005849,0.035449,-0.166820,0.985333,0.141248,-0.021588,0.013809,0.100583,0.075186,-0.465039,
1624924037.000000,683781862.000000,0.100939,-0.034170,-0.001781,0.006075,0.035549,-0.167964,0.985133,0.135696,-0.028920,0.040477,0.106486,0.092451,-0.463709,
1624924037.000000,688786030.000000,0.101526,-0.034538,-0.001620,0.006337,0.035832,-0.169108,0.984926,0.132721,-0.031884,0.050697,0.079155,0.128754,-0.451137,
1624924037.000000,693789005.000000,0.101959,-0.034838,-0.001306,0.006496,0.036061,-0.170161,0.984735,0.122856,-0.037272,0.063433,0.035243,-0.034244,-0.424454,
1624924037.000000,698792219.000000,0.102404,-0.035035,-0.001490,0.006454,0.035689,-0.171177,0.984573,0.108521,-0.023934,0.022087,0.019211,-0.250093,-0.396740,
1624924037.000000,703794956.000000,0.102870,-0.035325,-0.001434,0.006332,0.034938,-0.172163,0.984428,0.102598,-0.022086,0.015968,0.014008,-0.332826,-0.411494,
1624924037.000000,708797932.000000,0.103306,-0.035596,-0.001408,0.006211,0.034169,-0.173221,0.984271,0.096534,-0.020249,0.009527,0.036213,-0.267131,-0.436245,
1624924037.000000,713801146.000000,0.103875,-0.035939,-0.001321,0.006194,0.033663,-0.174301,0.984097,0.115460,-0.022829,0.018247,0.037602,-0.138646,-0.431964,
1624924037.000000,718804121.000000,0.104392,-0.036250,-0.001269,0.006190,0.033468,-0.175362,0.983916,0.119377,-0.022725,0.018383,0.021361,-0.017864,-0.431833,
1624924037.000000,723807096.000000,0.104927,-0.036569,-0.001219,0.006226,0.033561,-0.176434,0.983721,0.123289,-0.022601,0.018446,0.025668,0.095437,-0.435131,
1624924037.000000,778841972.000000,0.112518,-0.041029,-0.001239,0.006468,0.035687,-0.188607,0.981383,0.132782,-0.032961,0.066990,0.110179,0.032411,-0.445659,
1624924037.000000,783844948.000000,0.113093,-0.041444,-0.000922,0.006724,0.035798,-0.189742,0.981158,0.129962,-0.035974,0.078905,0.105704,0.079797,-0.464065,
1624924037.000000,788847923.000000,0.113640,-0.041867,-0.000556,0.006919,0.035887,-0.190867,0.980935,0.126512,-0.039009,0.090141,0.055799,-0.007908,-0.441663,
1624924037.000000,793850899.000000,0.113626,-0.042062,-0.001505,0.007028,0.035856,-0.191914,0.980731,0.107816,-0.028232,0.027372,0.022477,-0.055378,-0.421333,
1624924037.000000,798853874.000000,0.114066,-0.042393,-0.001415,0.007021,0.035644,-0.192936,0.980539,0.101671,-0.027793,0.024638,0.039620,-0.153802,-0.406546,
1624924037.000000,803858042.000000,0.114477,-0.042711,-0.001335,0.006986,0.035081,-0.193931,0.980363,0.095461,-0.027388,0.021959,0.040871,-0.263889,-0.403234,
1624924037.000000,808861017.000000,0.114996,-0.043064,-0.001233,0.006918,0.034458,-0.194938,0.980186,0.103998,-0.026215,0.023503,0.036432,-0.212998,-0.411843,
1624924037.000000,813864231.000000,0.115429,-0.043384,-0.001158,0.006887,0.034021,-0.195964,0.979997,0.102263,-0.025580,0.021851,0.033343,-0.149947,-0.420344,
1624924037.000000,818866968.000000,0.115857,-0.043700,-0.001086,0.006856,0.033741,-0.196998,0.979799,0.100688,-0.024951,0.020463,0.013103,-0.054071,-0.416150,
1624924037.000000,823869944.000000,0.116413,-0.044058,-0.001011,0.006840,0.033713,-0.198015,0.979595,0.119155,-0.023058,0.021371,0.016139,0.001686,-0.417102,
1624924037.000000,913925886.000000,0.128063,-0.050807,-0.002049,0.007381,0.034288,-0.217357,0.975462,0.108678,-0.019092,0.000685,0.048503,-0.163099,-0.421426,
1624924037.000000,918929100.000000,0.128676,-0.051216,-0.001938,0.007383,0.033993,-0.218404,0.975238,0.125867,-0.019935,0.014940,0.032391,-0.057120,-0.424838,
1624924037.000000,923933029.000000,0.129219,-0.051583,-0.001906,0.007389,0.033955,-0.219442,0.975007,0.129287,-0.019486,0.015846,0.007873,0.007953,-0.431022,
1624924037.000000,928936005.000000,0.130476,-0.052068,-0.001838,0.007346,0.034017,-0.220552,0.974754,0.150287,-0.017670,0.022054,0.033323,-0.006093,-0.423854,
1624924037.000000,933938980.000000,0.131194,-0.052461,-0.001918,0.007422,0.034084,-0.221589,0.974516,0.159543,-0.012789,0.009864,0.023106,0.119251,-0.437421,
1624924037.000000,938941956.000000,0.131901,-0.052867,-0.001935,0.007494,0.034554,-0.222671,0.974252,0.164483,-0.010891,0.007134,-0.012403,0.223159,-0.443072,
1624924037.000000,943944931.000000,0.132630,-0.053275,-0.001967,0.007542,0.035041,-0.223725,0.973993,0.169616,-0.008982,0.003915,0.003537,0.141384,-0.427966,
1624924037.000000,948948145.000000,0.133306,-0.053660,-0.001991,0.007565,0.035271,-0.224768,0.973744,0.162575,-0.008565,0.003754,-0.012074,0.061355,-0.433266,
1624924037.000000,953951120.000000,0.134019,-0.054053,-0.002032,0.007496,0.035387,-0.225844,0.973492,0.162900,-0.007244,0.002422,-0.014663,0.011906,-0.453553,
1624924037.000000,958955050.000000,0.133978,-0.054210,-0.002594,0.007443,0.035236,-0.226945,0.973242,0.144500,-0.008136,0.004754,-0.013179,-0.006459,-0.458937,
1624924038.000000,8985996.000000,0.139405,-0.058317,-0.002413,0.007967,0.034707,-0.237630,0.970703,0.114807,-0.022361,0.026501,0.020584,-0.161958,-0.429231,
1624924038.000000,13988972.000000,0.139870,-0.058685,-0.002325,0.007933,0.034380,-0.238662,0.970462,0.114909,-0.021933,0.024895,0.045226,-0.105713,-0.417351,
1624924038.000000,18991947.000000,0.140335,-0.059051,-0.002245,0.007942,0.034111,-0.239669,0.970223,0.114992,-0.021509,0.023600,0.031534,-0.113057,-0.407773,
1624924038.000000,23994923.000000,0.140801,-0.059417,-0.002171,0.007904,0.033902,-0.240676,0.969981,0.115301,-0.021084,0.022334,0.016358,-0.016348,-0.427894,
1624924038.000000,28997898.000000,0.141634,-0.060337,-0.002909,0.007830,0.033749,-0.241751,0.969720,0.148733,-0.017427,0.005984,0.026133,0.042922,-0.434560,
1624924038.000000,34001112.000000,0.142265,-0.060766,-0.002937,0.007880,0.033853,-0.242795,0.969455,0.154384,-0.015518,0.004328,0.015576,0.061340,-0.428025,
1624924038.000000,39004087.000000,0.142922,-0.061201,-0.002975,0.007909,0.034047,-0.243837,0.969186,0.159929,-0.013586,0.002737,0.002658,0.089157,-0.433358,
1624924038.000000,44008017.000000,0.143539,-0.061621,-0.003051,0.007941,0.034347,-0.244898,0.968908,0.158394,-0.013092,-0.002070,-0.007909,0.171384,-0.445090,
1624924038.000000,49010992.000000,0.144211,-0.062054,-0.003120,0.008009,0.034796,-0.245982,0.968616,0.161731,-0.011557,-0.003955,0.015332,0.146906,-0.450458,
1624924038.000000,54013968.000000,0.144902,-0.062492,-0.003192,0.008069,0.035026,-0.247066,0.968332,0.165247,-0.010009,-0.005354,-0.003389,0.061277,-0.441935,
1624924038.000000,99041939.000000,0.149340,-0.066271,-0.002553,0.008760,0.035633,-0.256788,0.965771,0.118906,-0.030263,0.051917,0.047371,-0.098053,-0.415451,
1624924038.000000,104044676.000000,0.149810,-0.066635,-0.002624,0.008720,0.035208,-0.257778,0.965523,0.115534,-0.023493,0.023402,0.025398,-0.227813,-0.403585,
1624924038.000000,109047890.000000,0.150251,-0.067022,-0.002552,0.008566,0.034620,-0.258767,0.965281,0.111634,-0.022390,0.018828,0.021796,-0.231211,-0.411096,
1624924038.000000,114050865.000000,0.150674,-0.067393,-0.002505,0.008489,0.034165,-0.259786,0.965024,0.107559,-0.021297,0.013964,0.037014,-0.125059,-0.429199,
1624924038.000000,119053841.000000,0.151198,-0.067823,-0.002407,0.008493,0.033957,-0.260839,0.964748,0.122452,-0.020836,0.021407,0.041167,-0.055798,-0.433572,
1624924038.000000,124058008.000000,0.151748,-0.068129,-0.003232,0.008419,0.033799,-0.261879,0.964472,0.131849,-0.018155,0.010636,0.024207,-0.045470,-0.417566,
1624924038.000000,129060984.000000,0.152285,-0.068547,-0.003222,0.008414,0.033714,-0.262882,0.964202,0.135729,-0.017245,0.010654,0.024082,-0.011790,-0.418485,
1624924038.000000,134063959.000000,0.152840,-0.068943,-0.003294,0.008450,0.033794,-0.263907,0.963919,0.138624,-0.013533,0.001449,0.005148,0.098309,-0.427153,
1624924038.000000,139066935.000000,0.153411,-0.069354,-0.003336,0.008491,0.034077,-0.264928,0.963629,0.141849,-0.011665,-0.000857,0.010123,0.087498,-0.419683,
1624924038.000000,144069910.000000,0.153995,-0.069764,-0.003389,0.008538,0.034229,-0.265938,0.963344,0.144894,-0.009797,-0.003211,0.010504,0.075785,-0.423842,
1624924038.000000,189097881.000000,0.159684,-0.073874,-0.004273,0.008937,0.035567,-0.275677,0.960551,0.143640,-0.020180,0.031011,0.099908,0.209261,-0.450640,
1624924038.000000,194100618.000000,0.160171,-0.074562,-0.003832,0.009268,0.035834,-0.276722,0.960237,0.145955,-0.029191,0.059141,0.085964,0.063950,-0.421925,
1624924038.000000,199103832.000000,0.160584,-0.074887,-0.003893,0.009385,0.035730,-0.277719,0.959952,0.123257,-0.021072,0.031563,0.053005,-0.099878,-0.408992,
1624924038.000000,204107761.000000,0.161043,-0.075300,-0.003783,0.009319,0.035332,-0.278715,0.959679,0.116042,-0.020405,0.029926,0.017758,-0.222442,-0.414426,
1624924038.000000,209110975.000000,0.161472,-0.075692,-0.003683,0.009136,0.034713,-0.279712,0.959413,0.109001,-0.019769,0.027782,0.017683,-0.270465,-0.407014,
1624924038.000000,214113951.000000,0.161995,-0.076154,-0.003592,0.008973,0.034025,-0.280696,0.959151,0.123270,-0.020714,0.026781,0.041217,-0.313336,-0.412213,
1624924038.000000,219116926.000000,0.162467,-0.076580,-0.003505,0.008868,0.033385,-0.281716,0.958876,0.124559,-0.020688,0.025121,0.045572,-0.121919,-0.429345,
1624924038.000000,224119902.000000,0.162413,-0.077342,-0.003992,0.008806,0.033245,-0.282822,0.958556,0.126799,-0.026197,0.014985,0.020047,0.019934,-0.445357,
1624924038.000000,229122877.000000,0.163007,-0.077827,-0.004009,0.008828,0.033283,-0.283878,0.958242,0.141290,-0.020638,0.010791,0.030448,0.027280,-0.423199,
1624924038.000000,234125853.000000,0.163572,-0.078313,-0.004029,0.008906,0.033382,-0.284870,0.957943,0.147576,-0.018732,0.008155,0.017034,0.066650,-0.418551,
1624924038.000000,289160967.000000,0.170070,-0.082782,-0.004406,0.009332,0.035085,-0.296554,0.954326,0.139812,-0.014298,0.024837,0.089613,0.064774,-0.456160,
1624924038.000000,294163942.000000,0.169936,-0.083867,-0.003828,0.009579,0.035185,-0.297633,0.953984,0.128479,-0.029055,0.055307,0.084773,0.119269,-0.456179,
1624924038.000000,299167156.000000,0.170388,-0.084360,-0.003585,0.009802,0.035324,-0.298705,0.953641,0.124639,-0.030766,0.061962,0.073434,-0.026681,-0.430728,
1624924038.000000,304169893.000000,0.170820,-0.084852,-0.003305,0.009800,0.034986,-0.299699,0.953342,0.120921,-0.032522,0.068752,0.038075,-0.175662,-0.399671,
1624924038.000000,309172630.000000,0.171253,-0.085289,-0.003184,0.009680,0.034507,-0.300670,0.953055,0.116976,-0.026193,0.047633,0.017831,-0.232967,-0.420866,
1624924038.000000,314175844.000000,0.171662,-0.085731,-0.002997,0.009504,0.033904,-0.301707,0.952750,0.112785,-0.024742,0.043522,0.031619,-0.244095,-0.429733,
1624924038.000000,319178820.000000,0.172056,-0.086156,-0.002827,0.009402,0.033379,-0.302726,0.952446,0.108615,-0.023313,0.039541,0.040341,-0.174980,-0.424153,
1624924038.000000,324181795.000000,0.172558,-0.086669,-0.002616,0.009356,0.033074,-0.303749,0.952132,0.126866,-0.024175,0.045913,0.027479,-0.061708,-0.427457,
1624924038.000000,329185963.000000,0.173322,-0.087323,-0.004278,0.009298,0.032907,-0.304813,0.951798,0.147135,-0.021878,0.013974,0.040130,0.075965,-0.438125,
1624924038.000000,334188938.000000,0.173871,-0.087849,-0.004258,0.009429,0.033132,-0.305854,0.951455,0.152324,-0.021252,0.013374,0.016013,0.078939,-0.429706,
1624924038.000000,374213934.000000,0.177853,-0.091598,-0.004415,0.009515,0.034439,-0.314318,0.948645,0.144443,-0.014411,0.013785,-0.006874,-0.017037,-0.442495,
1624924038.000000,379216909.000000,0.178396,-0.092093,-0.004399,0.009499,0.034437,-0.315364,0.948298,0.144990,-0.014641,0.015315,0.012802,0.042887,-0.448667,
1624924038.000000,384220123.000000,0.178940,-0.092593,-0.004380,0.009579,0.034594,-0.316446,0.947931,0.145509,-0.014855,0.016574,0.059196,0.062877,-0.455325,
1624924038.000000,389223099.000000,0.179440,-0.093121,-0.004216,0.009780,0.034618,-0.317525,0.947567,0.142006,-0.021740,0.037120,0.105464,0.014626,-0.453028,
1624924038.000000,394225836.000000,0.179822,-0.093757,-0.004500,0.010061,0.034671,-0.318648,0.947185,0.136580,-0.030082,0.055883,0.087331,0.092608,-0.465928,
1624924038.000000,399229050.000000,0.180287,-0.094308,-0.004246,0.010278,0.034887,-0.319750,0.946804,0.135310,-0.032976,0.066593,0.063599,0.078979,-0.451216,
1624924038.000000,404232979.000000,0.180698,-0.094686,-0.004353,0.010395,0.034888,-0.320775,0.946456,0.122169,-0.023159,0.032826,0.054150,-0.038371,-0.410580,
1624924038.000000,409235954.000000,0.181114,-0.095147,-0.004242,0.010372,0.034617,-0.321723,0.946144,0.117386,-0.022252,0.029686,0.021194,-0.187368,-0.390276,
1624924038.000000,414239168.000000,0.181505,-0.095586,-0.004149,0.010173,0.034052,-0.322671,0.945844,0.112044,-0.021378,0.026129,0.014557,-0.254813,-0.413665,
1624924038.000000,419241905.000000,0.181928,-0.096064,-0.004034,0.009999,0.033433,-0.323689,0.945520,0.117084,-0.022618,0.028068,0.045586,-0.271093,-0.432010,
1624924038.000000,509297848.000000,0.191183,-0.105159,-0.004447,0.010887,0.034465,-0.342482,0.938829,0.123068,-0.025967,0.061352,-0.002781,-0.176616,-0.413821,
1624924038.000000,514300823.000000,0.191603,-0.105608,-0.004380,0.010771,0.034002,-0.343446,0.938495,0.119128,-0.019047,0.037689,0.067061,-0.212859,-0.397969,
1624924038.000000,519304991.000000,0.192001,-0.106064,-0.004248,0.010702,0.033379,-0.344399,0.938169,0.115697,-0.017450,0.031520,0.063011,-0.271281,-0.413751,
1624924038.000000,524307966.000000,0.192389,-0.106502,-0.004146,0.010569,0.032804,-0.345406,0.937820,0.112348,-0.015862,0.025436,0.031776,-0.143839,-0.426822,
1624924038.000000,529311180.000000,0.193028,-0.107352,-0.004785,0.010418,0.032545,-0.346458,0.937443,0.139386,-0.011765,0.018599,-0.010457,-0.080679,-0.437359,
1624924038.000000,534313917.000000,0.193535,-0.107858,-0.004732,0.010313,0.032422,-0.347492,0.937066,0.144733,-0.010372,0.018734,0.029389,0.027576,-0.439580,
1624924038.000000,539316654.000000,0.194064,-0.108377,-0.004675,0.010487,0.032643,-0.348532,0.936670,0.149918,-0.008954,0.019399,0.037774,0.141439,-0.453279,
1624924038.000000,544319868.000000,0.194599,-0.108885,-0.004624,0.010642,0.032986,-0.349594,0.936260,0.151272,-0.006625,0.019006,0.035919,0.173421,-0.443943,
1624924038.000000,549322844.000000,0.195162,-0.109413,-0.004584,0.010834,0.033387,-0.350619,0.935860,0.155468,-0.004819,0.017656,0.000404,0.160151,-0.444685,
1624924038.000000,554326773.000000,0.195747,-0.109949,-0.004558,0.010857,0.033693,-0.351659,0.935459,0.159833,-0.002992,0.015854,-0.009949,0.073036,-0.436486,
1624924038.000000,604357958.000000,0.199352,-0.116878,-0.004679,0.011639,0.034275,-0.362347,0.931340,0.148496,-0.039401,0.067842,0.070667,-0.005060,-0.429772,
1624924038.000000,609360933.000000,0.199667,-0.117281,-0.004754,0.011646,0.034113,-0.363353,0.930954,0.125390,-0.029780,0.038187,0.031719,-0.075959,-0.427750,
1624924038.000000,614363909.000000,0.200025,-0.117810,-0.004616,0.011592,0.033882,-0.364348,0.930574,0.118774,-0.028571,0.036277,0.017209,-0.138570,-0.423469,
1624924038.000000,619367123.000000,0.200363,-0.118313,-0.004496,0.011457,0.033454,-0.365332,0.930205,0.112237,-0.027392,0.033573,0.059374,-0.196464,-0.413909,
1624924038.000000,624370098.000000,0.200747,-0.118873,-0.004405,0.011414,0.032941,-0.366314,0.929838,0.120602,-0.028255,0.029838,0.057982,-0.200369,-0.428688,
1624924038.000000,629372835.000000,0.200725,-0.119208,-0.005324,0.011086,0.032362,-0.367276,0.929483,0.119823,-0.026166,0.011019,-0.004132,-0.098950,-0.443767,
1624924038.000000,634377003.000000,0.201074,-0.119714,-0.005319,0.010959,0.032217,-0.368304,0.929082,0.118985,-0.025798,0.010573,0.003030,-0.088485,-0.437347,
1624924038.000000,639379978.000000,0.201559,-0.120319,-0.005392,0.010918,0.032036,-0.369321,0.928685,0.136674,-0.023161,0.002799,0.043857,-0.002988,-0.438323,
1624924038.000000,644383192.000000,0.201985,-0.120878,-0.005433,0.011065,0.032201,-0.370345,0.928270,0.141307,-0.022054,0.000157,0.037525,0.149521,-0.439480,
1624924038.000000,649385929.000000,0.202430,-0.121450,-0.005487,0.011239,0.032576,-0.371356,0.927851,0.146018,-0.020928,-0.002184,0.011809,0.155944,-0.434111,
1624924038.000000,689410925.000000,0.205652,-0.126156,-0.004737,0.011442,0.033720,-0.379652,0.924444,0.140046,-0.026286,0.039819,0.112353,0.030728,-0.445772,
1624924038.000000,694413900.000000,0.205678,-0.127105,-0.004908,0.011634,0.033518,-0.380656,0.924036,0.135050,-0.038059,0.052129,0.062123,0.071626,-0.462622,
1624924038.000000,699416876.000000,0.205991,-0.127611,-0.004815,0.011806,0.033739,-0.381732,0.923582,0.122414,-0.034060,0.044141,0.054110,0.139750,-0.456501,
1624924038.000000,704420090.000000,0.206305,-0.128167,-0.004632,0.012038,0.033936,-0.382746,0.923152,0.117781,-0.034711,0.047411,0.079071,0.030173,-0.420109,
1624924038.000000,709423065.000000,0.206600,-0.128710,-0.004428,0.012144,0.033762,-0.383691,0.922764,0.113045,-0.035395,0.050926,0.082134,-0.093792,-0.393448,
1624924038.000000,714338779.000000,0.206915,-0.129224,-0.004335,0.012172,0.033432,-0.384612,0.922392,0.111376,-0.030335,0.036549,0.060936,-0.144151,-0.405074,
1624924038.000000,719341755.000000,0.207204,-0.129725,-0.004200,0.012061,0.033005,-0.385574,0.922007,0.107648,-0.028751,0.032946,0.017194,-0.204550,-0.414893,
1624924038.000000,724344492.000000,0.208687,-0.130228,-0.005283,0.011740,0.032665,-0.386482,0.921643,0.116566,-0.013765,0.006059,0.011631,-0.232302,-0.407312,
1624924038.000000,729347706.000000,0.209037,-0.130677,-0.005294,0.011564,0.032199,-0.387443,0.921259,0.113219,-0.012159,0.002383,0.025791,-0.145541,-0.428455,
1624924038.000000,734350681.000000,0.209540,-0.131314,-0.005224,0.011503,0.031980,-0.388457,0.920840,0.135059,-0.013432,0.010569,0.028877,-0.047620,-0.436205,
1624924038.000000,784381390.000000,0.214294,-0.138328,-0.005832,0.011800,0.033364,-0.398731,0.916385,0.160864,-0.014848,0.003413,-0.006239,0.019359,-0.459394,
1624924038.000000,789384604.000000,0.214786,-0.138969,-0.005870,0.011881,0.033494,-0.399787,0.915919,0.161133,-0.015452,0.005212,0.072369,0.067112,-0.460472,
1624924038.000000,794388533.000000,0.215327,-0.139289,-0.005764,0.012080,0.033403,-0.400806,0.915474,0.143609,-0.019718,0.032181,0.099583,0.070657,-0.458253,
1624924038.000000,799391508.000000,0.215740,-0.139891,-0.005630,0.012315,0.033518,-0.401849,0.915009,0.141328,-0.022161,0.041015,0.072517,0.085741,-0.446568,
1624924038.000000,804394722.000000,0.216138,-0.140497,-0.005454,0.012519,0.033662,-0.402856,0.914558,0.139097,-0.024620,0.049610,0.062976,0.087765,-0.431605,
1624924038.000000,809397459.000000,0.216515,-0.141015,-0.005423,0.012654,0.033680,-0.403828,0.914127,0.128784,-0.018807,0.031083,0.062962,-0.077825,-0.412469,
1624924038.000000,814400434.000000,0.216877,-0.141550,-0.005319,0.012616,0.033262,-0.404772,0.913726,0.123565,-0.018013,0.028808,0.074691,-0.184133,-0.410228,
1624924038.000000,819403648.000000,0.217224,-0.142063,-0.005222,0.012553,0.032818,-0.405741,0.913313,0.118210,-0.017238,0.026938,0.038712,-0.164236,-0.430529,
1624924038.000000,824406624.000000,0.217076,-0.143148,-0.005440,0.012323,0.032468,-0.406680,0.912910,0.127974,-0.020594,0.016973,0.017091,-0.138768,-0.430622,
1624924038.000000,829410791.000000,0.217437,-0.143698,-0.005408,0.012198,0.032151,-0.407654,0.912489,0.129027,-0.019121,0.015114,0.021590,-0.136573,-0.419826,
1624924038.000000,874438763.000000,0.221341,-0.148533,-0.004664,0.012679,0.033210,-0.416738,0.908331,0.148627,-0.002402,0.009010,-0.026181,0.016877,-0.467646,
1624924038.000000,879441738.000000,0.221811,-0.149099,-0.004665,0.012544,0.033272,-0.417799,0.907844,0.146419,-0.002098,0.010225,-0.046744,-0.042999,-0.456207,
1624924038.000000,884444475.000000,0.222274,-0.149656,-0.004663,0.012337,0.033155,-0.418810,0.907385,0.144203,-0.001820,0.010945,-0.033776,-0.079841,-0.446280,
1624924038.000000,889447689.000000,0.222720,-0.150280,-0.004479,0.012292,0.033115,-0.419846,0.906907,0.146992,-0.009781,0.035938,0.073412,0.070525,-0.466663,
1624924038.000000,894450665.000000,0.222020,-0.151171,-0.004747,0.012649,0.032998,-0.420869,0.906433,0.144490,-0.029127,0.052950,0.146615,0.176533,-0.477373,
1624924038.000000,899453402.000000,0.222383,-0.151839,-0.004504,0.013022,0.033220,-0.421934,0.905924,0.145418,-0.032109,0.064197,0.056079,0.088394,-0.451801,
1624924038.000000,904456377.000000,0.222700,-0.152331,-0.004417,0.013109,0.033351,-0.422926,0.905456,0.128834,-0.024593,0.050386,0.032789,0.077942,-0.429274,
1624924038.000000,909460545.000000,0.223023,-0.152906,-0.004211,0.013251,0.033411,-0.423887,0.905002,0.123998,-0.024251,0.052673,0.067610,-0.047684,-0.415525,
1624924038.000000,914463520.000000,0.223331,-0.153464,-0.003987,0.013244,0.033048,-0.424820,0.904577,0.119229,-0.023933,0.055125,0.084397,-0.164750,-0.400578,
1624924038.000000,919466734.000000,0.223655,-0.154026,-0.003855,0.013210,0.032564,-0.425743,0.904161,0.120422,-0.022413,0.043601,0.071849,-0.217764,-0.410089,
1624924039.000000,14525414.000000,0.229205,-0.166220,-0.003871,0.013873,0.033090,-0.444790,0.894916,0.115094,-0.029538,0.041716,0.042830,-0.206814,-0.418486,
1624924039.000000,19528389.000000,0.229435,-0.166764,-0.003709,0.013654,0.032466,-0.445739,0.894470,0.108611,-0.028664,0.038488,0.049372,-0.272383,-0.417468,
1624924039.000000,24532557.000000,0.229646,-0.167279,-0.003560,0.013423,0.031865,-0.446694,0.894018,0.101993,-0.027820,0.035543,0.021745,-0.245183,-0.430180,
1624924039.000000,29535532.000000,0.230052,-0.167263,-0.004135,0.013188,0.031583,-0.447601,0.893578,0.117156,-0.018287,0.021260,0.035297,-0.091107,-0.438758,
1624924039.000000,34538746.000000,0.230339,-0.167797,-0.004082,0.013224,0.031486,-0.448580,0.893090,0.120709,-0.017464,0.019764,0.035810,-0.016784,-0.431293,
1624924039.000000,39541721.000000,0.230637,-0.168340,-0.004035,0.013236,0.031443,-0.449542,0.892607,0.124141,-0.016631,0.018475,0.029008,0.019178,-0.432265,
1624924039.000000,44544458.000000,0.230968,-0.168892,-0.004037,0.013314,0.031532,-0.450514,0.892113,0.129267,-0.012952,0.011598,0.012289,0.052708,-0.435557,
1624924039.000000,49547672.000000,0.231311,-0.169458,-0.004033,0.013351,0.031671,-0.451488,0.891615,0.133561,-0.010947,0.008800,0.004516,0.074459,-0.441872,
1624924039.000000,54550648.000000,0.231672,-0.170036,-0.004043,0.013427,0.031867,-0.452481,0.891103,0.137875,-0.008918,0.006081,0.003701,0.080146,-0.448333,
1624924039.000000,59553623.000000,0.231910,-0.170668,-0.003785,0.013596,0.032164,-0.453515,0.890565,0.140830,-0.009375,0.008230,-0.001624,0.067399,-0.457821,
1624924039.000000,104582548.000000,0.234712,-0.176215,-0.003506,0.014415,0.033342,-0.462700,0.885770,0.126291,-0.027560,0.058626,0.086702,0.104646,-0.452533,
1624924039.000000,109585762.000000,0.234958,-0.176710,-0.003429,0.014567,0.033329,-0.463678,0.885257,0.112248,-0.021444,0.040330,0.053759,-0.073310,-0.426910,
1624924039.000000,114588499.000000,0.235189,-0.177230,-0.003269,0.014433,0.032946,-0.464622,0.884778,0.106037,-0.020921,0.039418,0.030190,-0.224253,-0.423647,
1624924039.000000,119591475.000000,0.235404,-0.177723,-0.003110,0.014147,0.032368,-0.465577,0.884302,0.099816,-0.020427,0.038480,0.009024,-0.277087,-0.426958,
1624924039.000000,124594688.000000,0.235798,-0.178906,-0.003819,0.013820,0.031993,-0.466495,0.883837,0.113111,-0.019560,0.020142,0.040770,-0.222004,-0.430090,
1624924039.000000,129597425.000000,0.236040,-0.179430,-0.003765,0.013692,0.031559,-0.467452,0.883349,0.112817,-0.018923,0.018474,0.043353,-0.130708,-0.423736,
1624924039.000000,134600401.000000,0.236282,-0.179952,-0.003716,0.013642,0.031353,-0.468395,0.882857,0.112495,-0.018292,0.016911,0.039729,-0.026971,-0.431072,
1624924039.000000,139604568.000000,0.236638,-0.180583,-0.003713,0.013693,0.031351,-0.469360,0.882344,0.130076,-0.014069,0.012391,0.010310,0.031561,-0.436555,
1624924039.000000,144607544.000000,0.236957,-0.181175,-0.003692,0.013692,0.031422,-0.470323,0.881829,0.135729,-0.012220,0.011072,0.015090,0.009252,-0.439631,
1624924039.000000,149610519.000000,0.237297,-0.181784,-0.003677,0.013733,0.031469,-0.471305,0.881302,0.141267,-0.010341,0.009892,0.006113,0.074290,-0.450333,
1624924039.000000,209647894.000000,0.241492,-0.192326,-0.004148,0.015203,0.033118,-0.483371,0.874657,0.141553,-0.029486,0.052043,0.046243,-0.029150,-0.426759,
1624924039.000000,214651823.000000,0.241746,-0.193010,-0.003929,0.015119,0.032848,-0.484282,0.874164,0.137453,-0.030410,0.057056,0.037596,-0.204677,-0.403235,
1624924039.000000,219654560.000000,0.241996,-0.193639,-0.003868,0.014841,0.032274,-0.485186,0.873689,0.130620,-0.026581,0.035709,0.009100,-0.258501,-0.421271,
1624924039.000000,224657774.000000,0.241760,-0.193060,-0.004319,0.014432,0.031857,-0.486083,0.873212,0.109925,-0.018860,0.005620,0.034256,-0.271363,-0.423664,
1624924039.000000,229660511.000000,0.241962,-0.193561,-0.004328,0.014201,0.031242,-0.487023,0.872715,0.104857,-0.017966,0.001696,0.059245,-0.218996,-0.434019,
1624924039.000000,234663486.000000,0.242318,-0.194303,-0.004259,0.014101,0.030893,-0.488003,0.872181,0.132570,-0.016900,0.011420,0.034584,-0.050355,-0.450233,
1624924039.000000,239666700.000000,0.242603,-0.194926,-0.004247,0.014139,0.030932,-0.488986,0.871628,0.137993,-0.015882,0.011777,0.008950,0.074035,-0.450138,
1624924039.000000,244669437.000000,0.242906,-0.195569,-0.004236,0.014247,0.031188,-0.489957,0.871072,0.143509,-0.014841,0.011999,0.000413,0.153124,-0.441657,
1624924039.000000,249672413.000000,0.243230,-0.196194,-0.004283,0.014424,0.031526,-0.490902,0.870525,0.144906,-0.010255,0.003609,0.026974,0.121877,-0.432008,
1624924039.000000,254675627.000000,0.243570,-0.196846,-0.004326,0.014583,0.031754,-0.491843,0.869983,0.148794,-0.007777,-0.000163,0.003940,0.143059,-0.437318,
1624924039.000000,294701815.000000,0.245953,-0.202685,-0.004595,0.014957,0.032814,-0.499713,0.865440,0.134194,-0.022497,0.037941,0.084516,0.080529,-0.461735,
1624924039.000000,299704790.000000,0.246184,-0.203323,-0.004426,0.015217,0.032851,-0.500716,0.864854,0.130060,-0.025068,0.048776,0.111175,0.065098,-0.451240,
1624924039.000000,304707527.000000,0.246395,-0.203955,-0.004188,0.015484,0.032865,-0.501681,0.864289,0.125952,-0.027656,0.060437,0.086823,0.041109,-0.443550,
1624924039.000000,309710503.000000,0.246586,-0.204579,-0.003900,0.015592,0.032824,-0.502638,0.863733,0.121857,-0.030265,0.071611,0.039739,-0.025761,-0.429915,
1624924039.000000,314713717.000000,0.246822,-0.205088,-0.003984,0.015484,0.032587,-0.503544,0.863216,0.114117,-0.019758,0.033127,0.015223,-0.213866,-0.407395,
1624924039.000000,319716692.000000,0.247024,-0.205636,-0.003861,0.015138,0.031974,-0.504438,0.862723,0.109509,-0.018049,0.028159,0.030088,-0.291391,-0.415870,
1624924039.000000,324719667.000000,0.246647,-0.206630,-0.004941,0.014791,0.031364,-0.505340,0.862223,0.104027,-0.021852,-0.007262,0.038724,-0.230251,-0.434138,
1624924039.000000,329723835.000000,0.246913,-0.207372,-0.004848,0.014610,0.030955,-0.506286,0.861686,0.125700,-0.022844,0.007195,0.032241,-0.111795,-0.431988,
1624924039.000000,334726572.000000,0.247124,-0.207982,-0.004853,0.014556,0.030799,-0.507209,0.861150,0.128333,-0.021939,0.007376,0.021612,-0.039231,-0.419176,
1624924039.000000,339729786.000000,0.247342,-0.208600,-0.004859,0.014562,0.030787,-0.508118,0.860614,0.130651,-0.021028,0.007486,0.019415,0.060686,-0.431835,
1624924039.000000,384757757.000000,0.249746,-0.215759,-0.004680,0.015281,0.032742,-0.516808,0.855339,0.162699,-0.017118,0.003787,0.008710,0.068467,-0.429804,
1624924039.000000,389760494.000000,0.250791,-0.215781,-0.005249,0.015196,0.032649,-0.517687,0.854812,0.146417,-0.012248,0.025744,0.061880,0.036668,-0.433990,
1624924039.000000,394763470.000000,0.251074,-0.216465,-0.005165,0.015403,0.032700,-0.518647,0.854224,0.144309,-0.014365,0.034862,0.073876,0.124092,-0.461775,
1624924039.000000,399766684.000000,0.251347,-0.217155,-0.005038,0.015689,0.032868,-0.519643,0.853607,0.142655,-0.016463,0.043916,0.100062,0.045125,-0.460854,
1624924039.000000,404770613.000000,0.251601,-0.217756,-0.005044,0.015846,0.032680,-0.520606,0.853024,0.132229,-0.013124,0.027526,0.096304,-0.055129,-0.429855,
1624924039.000000,409773588.000000,0.251842,-0.218366,-0.004953,0.015859,0.032468,-0.521518,0.852475,0.127029,-0.013122,0.027045,0.028975,-0.102817,-0.426511,
1624924039.000000,414776802.000000,0.252070,-0.218956,-0.004860,0.015689,0.032173,-0.522442,0.851923,0.121891,-0.013142,0.026007,0.031804,-0.147886,-0.428844,
1624924039.000000,419779539.000000,0.252285,-0.219525,-0.004773,0.015520,0.031769,-0.523349,0.851385,0.116635,-0.013188,0.024867,0.035559,-0.215128,-0.410687,
1624924039.000000,424782515.000000,0.252564,-0.220239,-0.005849,0.015136,0.031292,-0.524218,0.850874,0.122624,-0.008537,0.001207,0.029810,-0.183967,-0.408498,
1624924039.000000,429785728.000000,0.252801,-0.220800,-0.005896,0.014999,0.030992,-0.525107,0.850340,0.121161,-0.007434,-0.002128,0.025747,-0.069321,-0.420270,
1624924039.000000,474814653.000000,0.255353,-0.227068,-0.005900,0.015599,0.032077,-0.533400,0.845110,0.151087,0.002271,-0.002736,-0.015556,-0.041459,-0.456548,
1624924039.000000,479816437.000000,0.255686,-0.227738,-0.005976,0.015466,0.032112,-0.534358,0.844506,0.149890,0.003202,-0.003513,-0.035427,0.064471,-0.454322,
1624924039.000000,484820604.000000,0.255997,-0.228438,-0.005996,0.015534,0.032409,-0.535306,0.843893,0.151489,-0.001038,0.004065,-0.020117,0.112629,-0.445881,
1624924039.000000,489823580.000000,0.255404,-0.229260,-0.005520,0.015540,0.032356,-0.536211,0.843321,0.148647,-0.015165,0.026000,0.044481,0.072520,-0.436242,
1624924039.000000,494826555.000000,0.255652,-0.229974,-0.005430,0.015775,0.032421,-0.537139,0.842723,0.148668,-0.016338,0.031045,0.104499,0.083159,-0.445761,
1624924039.000000,499829769.000000,0.255829,-0.230580,-0.005204,0.016058,0.032487,-0.538095,0.842105,0.132991,-0.018901,0.047750,0.074739,0.075986,-0.453351,
1624924039.000000,504832745.000000,0.256021,-0.231227,-0.004975,0.016241,0.032515,-0.539036,0.841498,0.127574,-0.020567,0.058041,0.096483,0.018739,-0.430997,
1624924039.000000,509835482.000000,0.256195,-0.231856,-0.004682,0.016331,0.032286,-0.539931,0.840931,0.122096,-0.022257,0.069074,0.054821,-0.159930,-0.416982,
1624924039.000000,514838457.000000,0.256411,-0.232466,-0.004568,0.016069,0.031840,-0.540824,0.840379,0.121952,-0.015628,0.047336,0.025032,-0.185655,-0.423453,
1624924039.000000,519842625.000000,0.255853,-0.233127,-0.005209,0.015715,0.031572,-0.541722,0.839818,0.120760,-0.020114,0.008654,0.031842,-0.152504,-0.433107,
1624924039.000000,609898567.000000,0.260511,-0.245386,-0.007096,0.016757,0.032308,-0.558225,0.828891,0.128327,-0.005096,0.021179,0.063531,0.006861,-0.424477,
1624924039.000000,614901543.000000,0.260725,-0.245975,-0.007043,0.016761,0.032121,-0.559096,0.828311,0.121926,-0.004298,0.020370,0.041515,-0.162983,-0.400244,
1624924039.000000,619904757.000000,0.260928,-0.246530,-0.006993,0.016453,0.031591,-0.559923,0.827779,0.115231,-0.003547,0.019310,0.032649,-0.280614,-0.399929,
1624924039.000000,624907494.000000,0.261090,-0.247294,-0.007464,0.016089,0.031148,-0.560793,0.827213,0.109647,0.002186,-0.001571,0.022301,-0.213637,-0.425722,
1624924039.000000,629911661.000000,0.261295,-0.247777,-0.007499,0.015864,0.030783,-0.561693,0.826621,0.102475,0.002896,-0.002172,0.034740,-0.143077,-0.430091,
1624924039.000000,634914637.000000,0.261491,-0.248231,-0.007536,0.015757,0.030499,-0.562574,0.826034,0.095590,0.003582,-0.002794,0.037259,-0.074701,-0.414028,
1624924039.000000,639917612.000000,0.262008,-0.249334,-0.007607,0.015720,0.030394,-0.563437,0.825450,0.143889,0.008572,-0.001637,0.017843,-0.024500,-0.425620,
1624924039.000000,644920826.000000,0.262316,-0.249995,-0.007663,0.015725,0.030376,-0.564338,0.824835,0.148800,0.010310,-0.001815,0.029529,0.033331,-0.439660,
1624924039.000000,649923801.000000,0.262642,-0.250679,-0.007716,0.015815,0.030459,-0.565243,0.824210,0.153975,0.012074,-0.001492,0.008510,0.042355,-0.437459,
1624924039.000000,654926538.000000,0.262983,-0.251387,-0.007767,0.015868,0.030604,-0.566144,0.823585,0.159224,0.013861,-0.001005,0.007020,0.118784,-0.441682,
1624924039.000000,704957724.000000,0.267561,-0.259937,-0.010397,0.016959,0.032160,-0.575300,0.817134,0.158462,0.016195,0.010760,0.094725,0.059260,-0.422681,
1624924039.000000,709961653.000000,0.267900,-0.260656,-0.010382,0.017077,0.032039,-0.576162,0.816529,0.154850,0.014841,0.018366,0.067995,-0.041388,-0.425657,
1624924039.000000,714964390.000000,0.268227,-0.261363,-0.010327,0.017043,0.031827,-0.577051,0.815910,0.151232,0.013485,0.025963,0.038175,-0.137881,-0.429157,
1624924039.000000,719967604.000000,0.268583,-0.262022,-0.010446,0.016795,0.031422,-0.577918,0.815317,0.147241,0.019713,0.003161,0.021057,-0.210704,-0.411968,
1624924039.000000,724970579.000000,0.268898,-0.263127,-0.010854,0.016624,0.031079,-0.578775,0.814725,0.141299,0.022606,-0.018193,0.033919,-0.212590,-0.403509,
1624924039.000000,729973555.000000,0.269233,-0.263737,-0.011005,0.016407,0.030684,-0.579615,0.814147,0.136498,0.024192,-0.022954,0.027737,-0.122762,-0.413124,
1624924039.000000,734976768.000000,0.269621,-0.264538,-0.011061,0.016302,0.030476,-0.580475,0.813544,0.156174,0.023606,-0.012408,0.042332,-0.095508,-0.424889,
1624924039.000000,739979506.000000,0.269987,-0.265239,-0.011187,0.016215,0.030221,-0.581352,0.812929,0.159351,0.024523,-0.012932,0.033164,-0.087797,-0.429148,
1624924039.000000,744982481.000000,0.270362,-0.265954,-0.011314,0.016148,0.030103,-0.582231,0.812306,0.162544,0.025458,-0.013297,0.018926,-0.012371,-0.432319,
1624924039.000000,749986649.000000,0.270770,-0.266697,-0.011497,0.016206,0.030155,-0.583112,0.811670,0.169129,0.029245,-0.021279,0.020203,0.079811,-0.434470,
1624924039.000000,790011883.000000,0.272998,-0.273528,-0.012591,0.016772,0.031248,-0.590259,0.806434,0.169887,0.024915,-0.022666,-0.001067,-0.051672,-0.432398,
1624924039.000000,795014858.000000,0.273369,-0.274289,-0.012764,0.016701,0.031147,-0.591151,0.805786,0.168297,0.025567,-0.022554,0.029960,-0.004643,-0.445342,
1624924039.000000,800017595.000000,0.273665,-0.275127,-0.012614,0.016877,0.031233,-0.592067,0.805106,0.170502,0.015759,0.011331,0.083042,0.151544,-0.468647,
1624924039.000000,805020571.000000,0.273987,-0.275917,-0.012597,0.017311,0.031474,-0.593007,0.804396,0.169224,0.013234,0.021034,0.098313,0.173338,-0.447659,
1624924039.000000,810023546.000000,0.274295,-0.276709,-0.012531,0.017634,0.031579,-0.593867,0.803750,0.168100,0.010680,0.030861,0.099011,0.037399,-0.414269,
1624924039.000000,815026522.000000,0.274611,-0.277372,-0.012615,0.017691,0.031370,-0.594700,0.803140,0.151787,0.016847,0.011957,0.044062,-0.143895,-0.406929,
1624924039.000000,820030689.000000,0.274910,-0.278059,-0.012611,0.017402,0.030959,-0.595538,0.802542,0.144972,0.017717,0.011250,0.019967,-0.224847,-0.422838,
1624924039.000000,825033665.000000,0.273780,-0.278148,-0.012201,0.017248,0.030514,-0.596442,0.801890,0.125014,0.008975,0.002797,0.030065,-0.242657,-0.417777,
1624924039.000000,830036402.000000,0.274059,-0.278934,-0.012276,0.016935,0.030030,-0.597280,0.801292,0.143559,0.009292,-0.001583,0.027873,-0.202570,-0.410166,
1624924039.000000,835039616.000000,0.274310,-0.279610,-0.012337,0.016728,0.029682,-0.598119,0.800683,0.145068,0.009967,-0.003783,0.038470,-0.112389,-0.419784,
1624924039.000000,885070562.000000,0.275131,-0.287034,-0.012029,0.017532,0.030791,-0.606877,0.794006,0.161493,0.010292,-0.007567,-0.019009,-0.002695,-0.438002,
1624924039.000000,890073538.000000,0.273773,-0.286787,-0.011811,0.017195,0.030322,-0.607729,0.793379,0.144010,-0.001134,-0.006570,-0.025109,0.013426,-0.434735,
1624924039.000000,895077705.000000,0.273880,-0.287477,-0.011688,0.017156,0.030390,-0.608586,0.792720,0.139698,-0.007458,0.012621,0.018180,0.008241,-0.426335,
1624924039.000000,900079727.000000,0.274021,-0.288161,-0.011659,0.017242,0.030333,-0.609439,0.792065,0.137917,-0.008586,0.017875,0.086718,0.006996,-0.438921,
1624924039.000000,905083895.000000,0.274154,-0.288842,-0.011600,0.017413,0.030252,-0.610334,0.791375,0.136175,-0.009695,0.023983,0.074082,0.032465,-0.451936,
1624924039.000000,910086870.000000,0.274266,-0.289516,-0.011460,0.017618,0.030276,-0.611232,0.790676,0.133000,-0.012725,0.036892,0.099055,0.095932,-0.454996,
1624924039.000000,915089607.000000,0.274369,-0.290181,-0.011305,0.017896,0.030261,-0.612118,0.789985,0.130185,-0.014614,0.044352,0.084900,-0.025962,-0.423244,
1624924039.000000,920092344.000000,0.274458,-0.290836,-0.011112,0.017812,0.029990,-0.612929,0.789367,0.127243,-0.016549,0.051841,0.035320,-0.134481,-0.401602,
1624924039.000000,925095558.000000,0.272790,-0.290976,-0.010412,0.017770,0.029632,-0.613759,0.788737,0.112920,-0.022929,0.020922,0.014232,-0.202444,-0.409238,
1624924039.000000,930098534.000000,0.272819,-0.291544,-0.010347,0.017449,0.029195,-0.614585,0.788117,0.108528,-0.021149,0.016445,0.035441,-0.193712,-0.414626,
1624924040.000000,15152693.000000,0.270886,-0.301975,-0.007513,0.018283,0.029371,-0.629290,0.776400,0.117105,-0.042599,0.073414,0.068755,0.088502,-0.452002,
1624924040.000000,20155668.000000,0.270848,-0.302520,-0.007354,0.018424,0.029376,-0.630144,0.775704,0.106283,-0.035551,0.055005,0.051643,-0.053961,-0.420059,
1624924040.000000,25158882.000000,0.270212,-0.303200,-0.007936,0.018479,0.029133,-0.630914,0.775085,0.096550,-0.036884,0.028032,0.028396,-0.190599,-0.400692,
1624924040.000000,30161619.000000,0.270131,-0.303702,-0.007839,0.018166,0.028717,-0.631709,0.774460,0.091193,-0.035909,0.025146,0.023939,-0.214645,-0.411399,
1624924040.000000,35164356.000000,0.270067,-0.304312,-0.007756,0.017871,0.028291,-0.632534,0.773810,0.100166,-0.035805,0.022861,0.033688,-0.188156,-0.427437,
1624924040.000000,40168524.000000,0.269994,-0.304842,-0.007680,0.017646,0.027922,-0.633375,0.773140,0.099100,-0.035087,0.020489,0.044269,-0.154098,-0.427475,
1624924040.000000,45170546.000000,0.269922,-0.305363,-0.007613,0.017517,0.027637,-0.634210,0.772468,0.097954,-0.034374,0.018278,0.043306,-0.065443,-0.432687,
1624924040.000000,50174475.000000,0.269884,-0.305988,-0.007547,0.017525,0.027588,-0.635061,0.771771,0.112971,-0.031937,0.018703,0.009237,0.031367,-0.443432,
1624924040.000000,55177689.000000,0.269785,-0.307429,-0.007242,0.017606,0.027817,-0.635916,0.771056,0.143049,-0.032049,0.022519,0.019606,0.088337,-0.438079,
1624924040.000000,60180426.000000,0.269771,-0.308180,-0.007174,0.017779,0.027990,-0.636751,0.770356,0.148843,-0.030489,0.021060,0.010521,0.100087,-0.433717,
1624924040.000000,105208635.000000,0.270222,-0.314078,-0.007778,0.018237,0.028908,-0.644394,0.763929,0.125632,-0.028166,0.030296,0.069834,0.064770,-0.455017,
1624924040.000000,110211849.000000,0.270168,-0.314695,-0.007632,0.018485,0.028910,-0.645268,0.763185,0.119281,-0.031552,0.039212,0.100984,0.027428,-0.451906,
1624924040.000000,115214825.000000,0.270108,-0.315314,-0.007459,0.018654,0.028791,-0.646129,0.762457,0.115902,-0.033674,0.045801,0.090224,0.037824,-0.446458,
1624924040.000000,120218515.000000,0.270035,-0.315921,-0.007252,0.018837,0.028782,-0.646976,0.761734,0.112608,-0.035815,0.052598,0.050849,0.010528,-0.433788,
1624924040.000000,125221729.000000,0.269947,-0.316516,-0.007008,0.018797,0.028632,-0.647788,0.761050,0.109322,-0.037987,0.059605,0.045248,-0.110977,-0.415587,
1624924040.000000,130224705.000000,0.271229,-0.317640,-0.007873,0.018614,0.028390,-0.648571,0.760396,0.101881,-0.016939,0.020684,0.015758,-0.243312,-0.393242,
1624924040.000000,135227680.000000,0.271231,-0.318151,-0.007809,0.018188,0.027896,-0.649336,0.759773,0.097191,-0.014977,0.016690,0.031259,-0.231186,-0.410095,
1624924040.000000,140230894.000000,0.271236,-0.318637,-0.007762,0.017942,0.027499,-0.650147,0.759099,0.092478,-0.013024,0.012766,0.035023,-0.141532,-0.422123,
1624924040.000000,145233870.000000,0.271250,-0.319398,-0.007575,0.017780,0.027265,-0.650949,0.758424,0.117513,-0.015658,0.027234,0.027148,-0.087573,-0.419806,
1624924040.000000,150236368.000000,0.271266,-0.320009,-0.007475,0.017713,0.027116,-0.651761,0.757733,0.121727,-0.015044,0.028374,0.032684,-0.030490,-0.433665,
1624924040.000000,195264578.000000,0.272706,-0.327848,-0.009696,0.018592,0.028608,-0.659336,0.751074,0.148837,-0.002590,-0.006244,-0.027227,0.080515,-0.448767,
1624924040.000000,200268745.000000,0.272788,-0.328584,-0.009775,0.018614,0.028686,-0.660150,0.750355,0.148408,-0.002189,-0.006415,0.040873,0.018678,-0.425112,
1624924040.000000,205271482.000000,0.272784,-0.329269,-0.009599,0.018732,0.028626,-0.660964,0.749638,0.139289,-0.011253,0.022186,0.069045,-0.005949,-0.446373,
1624924040.000000,210274458.000000,0.272808,-0.329963,-0.009504,0.018831,0.028552,-0.661829,0.748874,0.135602,-0.013986,0.031820,0.068627,0.055738,-0.465771,
1624924040.000000,215277672.000000,0.272816,-0.330652,-0.009366,0.019063,0.028573,-0.662690,0.748106,0.132532,-0.016718,0.041162,0.090040,0.029519,-0.444454,
1624924040.000000,220232248.000000,0.272857,-0.331291,-0.009369,0.019175,0.028401,-0.663505,0.747387,0.126505,-0.011591,0.024107,0.093299,-0.042619,-0.424054,
1624924040.000000,225235224.000000,0.272875,-0.331922,-0.009292,0.019192,0.028202,-0.664300,0.746688,0.122067,-0.011232,0.022605,0.036986,-0.072798,-0.418794,
1624924040.000000,230239391.000000,0.273470,-0.333147,-0.010388,0.019100,0.027900,-0.665059,0.746025,0.118841,-0.009684,0.015024,0.013121,-0.143811,-0.413484,
1624924040.000000,235242367.000000,0.273491,-0.333736,-0.010356,0.018818,0.027551,-0.665830,0.745357,0.113868,-0.009383,0.014117,0.033552,-0.197123,-0.400728,
1624924040.000000,240245342.000000,0.273557,-0.334438,-0.010416,0.018530,0.027138,-0.666582,0.744708,0.123591,-0.005706,0.005299,0.034723,-0.194892,-0.396386,
1624924040.000000,285273075.000000,0.274093,-0.342364,-0.010819,0.019031,0.027921,-0.673870,0.738077,0.166908,0.004532,-0.002335,-0.008449,0.051663,-0.449732,
1624924040.000000,290276289.000000,0.274193,-0.343186,-0.010885,0.019059,0.027986,-0.674694,0.737321,0.165273,0.005475,-0.002026,-0.008656,-0.013536,-0.445405,
1624924040.000000,295279264.000000,0.273651,-0.342912,-0.010976,0.018820,0.027794,-0.675492,0.736603,0.145576,0.000684,-0.004863,-0.028429,0.016448,-0.451796,
1624924040.000000,300282001.000000,0.273669,-0.343653,-0.010923,0.018864,0.027958,-0.676324,0.735832,0.145094,-0.004197,0.009078,0.003546,0.100689,-0.455020,
1624924040.000000,305286169.000000,0.273706,-0.344375,-0.010916,0.019033,0.028099,-0.677148,0.735064,0.143590,-0.005199,0.013366,0.046289,0.044908,-0.438023,
1624924040.000000,310289145.000000,0.273736,-0.345088,-0.010884,0.019129,0.028034,-0.677951,0.734323,0.141838,-0.006216,0.017827,0.071854,0.001656,-0.441021,
1624924040.000000,315292358.000000,0.273745,-0.345746,-0.010773,0.019259,0.027948,-0.678781,0.733556,0.132375,-0.008651,0.030051,0.078252,0.016970,-0.453991,
1624924040.000000,320295334.000000,0.273750,-0.346409,-0.010647,0.019403,0.027868,-0.679615,0.732783,0.127745,-0.010250,0.037625,0.081373,0.019011,-0.447580,
1624924040.000000,325298309.000000,0.273744,-0.347052,-0.010482,0.019484,0.027733,-0.680420,0.732038,0.123275,-0.011873,0.045391,0.061275,-0.079080,-0.420968,
1624924040.000000,330301285.000000,0.273840,-0.347751,-0.010218,0.019533,0.027611,-0.681173,0.731341,0.122972,-0.004537,0.022944,0.049271,-0.101239,-0.408020,
1624924040.000000,380332232.000000,0.273731,-0.355294,-0.009112,0.019211,0.027200,-0.689044,0.723954,0.162430,0.007237,0.012125,0.000405,0.052066,-0.445376,
1624924040.000000,385336161.000000,0.273811,-0.356111,-0.009113,0.019228,0.027298,-0.689855,0.723177,0.163084,0.008771,0.010778,-0.014584,0.058736,-0.458086,
1624924040.000000,390339136.000000,0.273898,-0.356930,-0.009122,0.019281,0.027476,-0.690688,0.722374,0.163844,0.010319,0.009380,-0.019936,0.042838,-0.461448,
1624924040.000000,395342112.000000,0.273243,-0.357823,-0.009421,0.019187,0.027410,-0.691498,0.721603,0.155596,0.006612,0.011299,-0.010421,0.014593,-0.454921,
1624924040.000000,400345087.000000,0.273312,-0.358603,-0.009414,0.019163,0.027485,-0.692312,0.720820,0.155674,0.008106,0.010824,-0.023039,0.014910,-0.447505,
1624924040.000000,405348301.000000,0.273387,-0.359385,-0.009406,0.019174,0.027603,-0.693119,0.720040,0.155817,0.009598,0.010551,0.014885,0.090740,-0.456989,
1624924040.000000,410351276.000000,0.273219,-0.360025,-0.008725,0.019438,0.027743,-0.693942,0.719234,0.142162,-0.006608,0.057064,0.082383,0.105388,-0.450807,
1624924040.000000,415354013.000000,0.273208,-0.360757,-0.008474,0.019698,0.027717,-0.694743,0.718454,0.139792,-0.008888,0.065960,0.104742,0.030693,-0.443135,
1624924040.000000,420358181.000000,0.273185,-0.361476,-0.008151,0.019872,0.027623,-0.695549,0.717672,0.137119,-0.011177,0.076104,0.065409,0.037834,-0.447505,
1624924040.000000,425361156.000000,0.273194,-0.362115,-0.007927,0.019968,0.027574,-0.696352,0.716892,0.126669,-0.006381,0.063776,0.069179,-0.054429,-0.442181,
1624924040.000000,510414124.000000,0.271008,-0.375330,-0.008862,0.019732,0.027197,-0.709584,0.703820,0.152960,-0.003501,0.027125,0.059863,0.137126,-0.470756,
1624924040.000000,515417099.000000,0.270981,-0.376105,-0.008764,0.020090,0.027326,-0.710404,0.702976,0.152752,-0.004699,0.032983,0.100258,0.140974,-0.458027,
1624924040.000000,520420313.000000,0.270947,-0.376804,-0.008616,0.020427,0.027344,-0.711195,0.702166,0.141411,-0.006160,0.041543,0.096200,0.036467,-0.442974,
1624924040.000000,525424242.000000,0.270172,-0.377477,-0.009221,0.020488,0.027122,-0.711919,0.701439,0.128095,-0.012682,0.048818,0.070370,-0.001399,-0.438673,
1624924040.000000,530427217.000000,0.270097,-0.378121,-0.009008,0.020475,0.026977,-0.712683,0.700669,0.122518,-0.014096,0.055358,0.028933,-0.127426,-0.422746,
1624924040.000000,535430193.000000,0.270087,-0.378749,-0.009041,0.020100,0.026577,-0.713416,0.699948,0.120066,-0.006976,0.030010,0.034989,-0.278883,-0.401379,
1624924040.000000,540433168.000000,0.270044,-0.379349,-0.008943,0.019658,0.026034,-0.714143,0.699239,0.116025,-0.005662,0.025466,0.040766,-0.241879,-0.421476,
1624924040.000000,545436144.000000,0.270008,-0.379929,-0.008865,0.019360,0.025684,-0.714914,0.698473,0.111993,-0.004350,0.021279,0.024536,-0.120663,-0.437745,
1624924040.000000,550439358.000000,0.269975,-0.380643,-0.008753,0.019230,0.025515,-0.715677,0.697700,0.129528,-0.002954,0.026079,0.030942,-0.064281,-0.430159,
1624924040.000000,555442333.000000,0.269947,-0.381308,-0.008665,0.019149,0.025363,-0.716424,0.696941,0.133826,-0.001585,0.025490,0.034226,-0.066611,-0.419510,
1624924040.000000,600471020.000000,0.268445,-0.387882,-0.010488,0.019933,0.026650,-0.723338,0.689692,0.151181,0.004047,-0.001476,-0.027890,0.005091,-0.452335,
1624924040.000000,605474234.000000,0.268429,-0.388632,-0.010539,0.019903,0.026713,-0.724115,0.688875,0.149589,0.004446,0.000090,0.007376,-0.001837,-0.449177,
1624924040.000000,610477209.000000,0.268414,-0.389373,-0.010586,0.019974,0.026705,-0.724893,0.688054,0.147863,0.004838,0.001298,0.072277,0.083124,-0.456567,
1624924040.000000,615480185.000000,0.268349,-0.390102,-0.010473,0.020349,0.026799,-0.725688,0.687201,0.144549,-0.002360,0.024582,0.091810,0.159362,-0.466237,
1624924040.000000,620483160.000000,0.268292,-0.390826,-0.010371,0.020716,0.026892,-0.726482,0.686347,0.142170,-0.005001,0.035197,0.096724,0.094502,-0.455614,
1624924040.000000,625486135.000000,0.267405,-0.391836,-0.009855,0.020986,0.026848,-0.727197,0.685582,0.139786,-0.016937,0.067922,0.062946,0.006183,-0.438429,
1624924040.000000,630489111.000000,0.267400,-0.392373,-0.009910,0.020934,0.026692,-0.727942,0.684800,0.120996,-0.006922,0.037708,0.043317,-0.143656,-0.422485,
1624924040.000000,635492325.000000,0.267333,-0.392970,-0.009772,0.020593,0.026264,-0.728667,0.684054,0.113988,-0.005688,0.035449,0.038343,-0.252523,-0.410733,
1624924040.000000,640496254.000000,0.267274,-0.393528,-0.009637,0.020117,0.025764,-0.729388,0.683319,0.106737,-0.004491,0.033320,0.023268,-0.301751,-0.417094,
1624924040.000000,645499229.000000,0.267202,-0.394213,-0.009519,0.019648,0.025280,-0.730131,0.682557,0.122389,-0.004390,0.031763,0.034959,-0.180813,-0.435262,
1624924040.000000,690527201.000000,0.266015,-0.400530,-0.009736,0.020169,0.025948,-0.736927,0.675173,0.146938,0.004416,0.004363,-0.007439,0.079849,-0.466107,
1624924040.000000,695530415.000000,0.265627,-0.402624,-0.010732,0.020301,0.026059,-0.737676,0.674347,0.154673,0.004839,-0.005413,-0.017276,0.069560,-0.459598,
1624924040.000000,700533390.000000,0.265583,-0.403392,-0.010813,0.020365,0.026245,-0.738438,0.673503,0.153875,0.005425,-0.006617,-0.031036,0.057397,-0.447951,
1624924040.000000,705536127.000000,0.265539,-0.404155,-0.010900,0.020343,0.026371,-0.739176,0.672689,0.153086,0.005997,-0.008036,-0.015260,0.003131,-0.434039,
1624924040.000000,710539341.000000,0.265421,-0.404870,-0.010664,0.020339,0.026346,-0.739915,0.671877,0.146685,-0.001791,0.023201,0.066754,-0.000234,-0.449935,
1624924040.000000,715543032.000000,0.265338,-0.405599,-0.010589,0.020533,0.026247,-0.740699,0.671011,0.144128,-0.003640,0.030402,0.106586,0.081325,-0.474584,
1624924040.000000,720518112.000000,0.265245,-0.406321,-0.010468,0.020922,0.026294,-0.741497,0.670114,0.141927,-0.005482,0.038201,0.110496,0.172714,-0.472484,
1624924040.000000,725521326.000000,0.265177,-0.406983,-0.010391,0.021332,0.026375,-0.742263,0.669250,0.133495,-0.002851,0.034175,0.077745,0.067407,-0.437331,
1624924040.000000,730524302.000000,0.264605,-0.407287,-0.011011,0.021375,0.026245,-0.742909,0.668536,0.119391,-0.003361,0.032269,0.032724,-0.130409,-0.409399,
1624924040.000000,735527277.000000,0.264526,-0.407873,-0.010885,0.021005,0.025893,-0.743604,0.667788,0.113552,-0.003557,0.034408,0.010344,-0.262822,-0.412605,
1624924040.000000,780555248.000000,0.263630,-0.415020,-0.011413,0.020297,0.025293,-0.750148,0.660474,0.162901,0.016336,-0.006625,-0.015174,0.107927,-0.445552,
1624924040.000000,785559416.000000,0.263591,-0.415798,-0.011458,0.020442,0.025511,-0.750888,0.659620,0.159317,0.014862,-0.003335,-0.002507,0.096440,-0.459436,
1624924040.000000,790562391.000000,0.263562,-0.416596,-0.011528,0.020573,0.025688,-0.751653,0.658737,0.159471,0.015699,-0.004138,-0.019237,0.082606,-0.473329,
1624924040.000000,795565367.000000,0.262646,-0.417218,-0.011010,0.020800,0.025829,-0.752402,0.657868,0.159701,0.010472,0.001563,-0.014362,0.033998,-0.474353,
1624924040.000000,800568581.000000,0.262569,-0.417960,-0.010979,0.020771,0.025885,-0.753173,0.656985,0.153689,0.007636,0.009680,-0.021316,-0.011697,-0.462600,
1624924040.000000,805571318.000000,0.262500,-0.418728,-0.010961,0.020709,0.025957,-0.753924,0.656122,0.152375,0.007218,0.013339,-0.003742,0.043099,-0.457224,
1624924040.000000,810574293.000000,0.262430,-0.419488,-0.010935,0.020851,0.026041,-0.754673,0.655252,0.150950,0.006798,0.016364,0.053048,0.063982,-0.458327,
1624924040.000000,815577507.000000,0.262356,-0.420241,-0.010897,0.021081,0.026045,-0.755426,0.654377,0.149524,0.006378,0.019160,0.094542,0.111878,-0.459390,
1624924040.000000,820580482.000000,0.262236,-0.420931,-0.010629,0.021478,0.026071,-0.756179,0.653492,0.140717,-0.000311,0.046345,0.125443,0.111752,-0.461516,
1624924040.000000,825584173.000000,0.260244,-0.420262,-0.010762,0.021739,0.025799,-0.756862,0.652703,0.125311,-0.018158,0.063703,0.100063,0.030756,-0.447668,
1624924040.000000,870612383.000000,0.258056,-0.425373,-0.010619,0.020375,0.024543,-0.763209,0.645364,0.152519,0.000324,0.005318,0.011238,0.143952,-0.438836,
1624924040.000000,875615358.000000,0.257935,-0.426140,-0.010649,0.020659,0.024775,-0.763920,0.644504,0.157652,0.002600,0.001845,0.011521,0.153552,-0.444360,
1624924040.000000,880618334.000000,0.257820,-0.426852,-0.010646,0.020902,0.025033,-0.764632,0.643642,0.150722,0.003135,0.005240,-0.016290,0.122979,-0.454833,
1624924040.000000,885621548.000000,0.257711,-0.427597,-0.010669,0.020979,0.025227,-0.765365,0.642759,0.150650,0.004713,0.004445,-0.027035,0.014987,-0.456098,
1624924040.000000,890624285.000000,0.257608,-0.428341,-0.010697,0.020913,0.025276,-0.766101,0.641882,0.150408,0.006289,0.003307,-0.001481,0.016316,-0.469707,
1624924040.000000,895628214.000000,0.256223,-0.427916,-0.011521,0.021044,0.025179,-0.766827,0.641015,0.132077,-0.003553,-0.003492,-0.016128,0.003586,-0.467729,
1624924040.000000,900631428.000000,0.256089,-0.428558,-0.011574,0.020948,0.025254,-0.767559,0.640138,0.130541,-0.003359,-0.003271,-0.040938,0.011161,-0.451564,
1624924040.000000,905634403.000000,0.255955,-0.429191,-0.011635,0.020900,0.025371,-0.768269,0.639283,0.128977,-0.003183,-0.003695,-0.020687,-0.005980,-0.436729,
1624924040.000000,910637379.000000,0.255769,-0.429836,-0.011470,0.020927,0.025387,-0.768971,0.638436,0.128963,-0.010552,0.026992,0.066556,0.092355,-0.452530,
1624924040.000000,915640593.000000,0.255592,-0.430467,-0.011342,0.021329,0.025438,-0.769709,0.637531,0.127630,-0.013369,0.038527,0.117085,0.124739,-0.464522,
1624924041.000000,5697489.000000,0.251175,-0.442661,-0.010905,0.021238,0.024947,-0.782046,0.622359,0.137277,-0.003932,0.025343,-0.018662,0.065449,-0.436360,
1624924041.000000,10700226.000000,0.250997,-0.443336,-0.010798,0.021452,0.025115,-0.782717,0.621501,0.137407,-0.005317,0.033646,0.055992,0.160882,-0.437374,
1624924041.000000,15703440.000000,0.250811,-0.444009,-0.010652,0.021944,0.025232,-0.783403,0.620614,0.137342,-0.006680,0.041858,0.140288,0.189831,-0.450243,
1624924041.000000,20706415.000000,0.250640,-0.444564,-0.010501,0.022440,0.025216,-0.784103,0.619712,0.120538,-0.008559,0.045614,0.118270,0.099749,-0.448148,
1624924041.000000,25709391.000000,0.250458,-0.445138,-0.010297,0.022603,0.025092,-0.784794,0.618836,0.113865,-0.010177,0.052633,0.089912,-0.060343,-0.437451,
1624924041.000000,30712605.000000,0.249222,-0.445059,-0.010470,0.022593,0.024806,-0.785387,0.618095,0.097406,-0.019003,0.048908,0.043571,-0.200385,-0.426708,
1624924041.000000,35716534.000000,0.249098,-0.445575,-0.010548,0.022123,0.024480,-0.786054,0.617276,0.097845,-0.008959,0.019555,-0.038754,-0.225992,-0.423477,
1624924041.000000,40719271.000000,0.248948,-0.446033,-0.010469,0.021598,0.024190,-0.786708,0.616473,0.092971,-0.006792,0.015364,0.024657,-0.263468,-0.402301,
1624924041.000000,45722485.000000,0.248813,-0.446465,-0.010410,0.021188,0.023705,-0.787334,0.615707,0.087846,-0.004656,0.011218,0.067239,-0.173442,-0.398863,
1624924041.000000,50725222.000000,0.248693,-0.446873,-0.010394,0.021017,0.023466,-0.787962,0.614918,0.082847,-0.002543,0.005700,0.027289,-0.087368,-0.400165,
1624924041.000000,100756168.000000,0.245052,-0.453169,-0.009984,0.021757,0.024351,-0.794530,0.606346,0.136624,-0.002394,0.017143,-0.044304,-0.017216,-0.460556,
1624924041.000000,105759382.000000,0.244859,-0.453824,-0.009936,0.021785,0.024512,-0.795229,0.605422,0.135820,-0.002940,0.020224,-0.020435,0.122777,-0.455470,
1624924041.000000,110762358.000000,0.244663,-0.454475,-0.009879,0.022054,0.024744,-0.795898,0.604523,0.135063,-0.003497,0.022793,0.049527,0.124486,-0.446676,
1624924041.000000,115766525.000000,0.244429,-0.455074,-0.009653,0.022410,0.024778,-0.796575,0.603616,0.127495,-0.010893,0.046944,0.114957,0.168806,-0.447889,
1624924041.000000,120769501.000000,0.244196,-0.455680,-0.009431,0.022918,0.024815,-0.797249,0.602705,0.124271,-0.014176,0.058568,0.134995,0.117339,-0.451008,
1624924041.000000,125772238.000000,0.243087,-0.456764,-0.009544,0.023316,0.024716,-0.797885,0.601852,0.123759,-0.026642,0.081469,0.102085,0.003810,-0.437172,
1624924041.000000,130775213.000000,0.242954,-0.457223,-0.009575,0.023280,0.024499,-0.798531,0.601005,0.105529,-0.014071,0.045311,0.048656,-0.160543,-0.409435,
1624924041.000000,135778427.000000,0.242745,-0.457715,-0.009381,0.022848,0.024087,-0.799153,0.600211,0.098091,-0.012265,0.042877,0.047441,-0.262284,-0.405057,
1624924041.000000,140782356.000000,0.242555,-0.458166,-0.009180,0.022393,0.023690,-0.799784,0.599403,0.090371,-0.010495,0.041260,-0.009519,-0.202522,-0.413710,
1624924041.000000,145784378.000000,0.242332,-0.458725,-0.008956,0.021981,0.023491,-0.800405,0.598596,0.104239,-0.010093,0.043779,0.007643,-0.174541,-0.398856,
1624924041.000000,185810089.000000,0.239970,-0.462263,-0.009064,0.022378,0.023881,-0.805389,0.591842,0.141125,-0.001121,0.013903,-0.018446,0.107478,-0.447675,
1624924041.000000,190813303.000000,0.239525,-0.461898,-0.011262,0.022571,0.024014,-0.806024,0.590965,0.136206,0.000628,-0.010580,-0.022785,0.011398,-0.449806,
1624924041.000000,195816278.000000,0.239365,-0.462395,-0.011319,0.022496,0.024078,-0.806683,0.590065,0.121938,0.001335,-0.009343,-0.024915,-0.018096,-0.446496,
1624924041.000000,200819254.000000,0.239191,-0.462968,-0.011410,0.022348,0.024147,-0.807331,0.589181,0.119254,0.002659,-0.011211,-0.073710,-0.042334,-0.426392,
1624924041.000000,205822468.000000,0.239027,-0.463526,-0.011517,0.022149,0.024276,-0.807950,0.588334,0.116261,0.003960,-0.014037,-0.042419,0.002858,-0.431446,
1624924041.000000,210825205.000000,0.238786,-0.464100,-0.011446,0.022258,0.024346,-0.808600,0.587433,0.119438,-0.005600,0.010475,0.076279,0.108020,-0.448751,
1624924041.000000,215828180.000000,0.238567,-0.464661,-0.011413,0.022687,0.024355,-0.809266,0.586499,0.119312,-0.008612,0.018719,0.131891,0.165420,-0.464584,
1624924041.000000,220767260.000000,0.238331,-0.465220,-0.011334,0.023185,0.024384,-0.809948,0.585536,0.119404,-0.011605,0.027646,0.101986,0.173743,-0.459447,
1624924041.000000,225771427.000000,0.237208,-0.464877,-0.011641,0.023504,0.024388,-0.810543,0.584699,0.093285,-0.015941,0.034165,0.067576,0.109323,-0.445379,
1624924041.000000,230774164.000000,0.236988,-0.465288,-0.011492,0.023622,0.024302,-0.811180,0.583814,0.086022,-0.016106,0.037140,0.077200,-0.094912,-0.416716,
1624924041.000000,280805349.000000,0.234700,-0.470914,-0.012741,0.022062,0.022870,-0.817233,0.575430,0.136477,0.003779,-0.004848,0.005102,0.212365,-0.447416,
1624924041.000000,285808325.000000,0.234487,-0.471573,-0.012807,0.022391,0.023148,-0.817873,0.574497,0.141921,0.005752,-0.007006,0.006772,0.133563,-0.452793,
1624924041.000000,290811062.000000,0.233616,-0.472600,-0.013439,0.022777,0.023499,-0.818506,0.573565,0.127342,0.003981,-0.018266,-0.024839,0.055145,-0.451643,
1624924041.000000,295815229.000000,0.233421,-0.473198,-0.013573,0.022765,0.023666,-0.819146,0.572644,0.126700,0.005519,-0.020159,-0.048624,0.033802,-0.447379,
1624924041.000000,300818205.000000,0.233234,-0.473795,-0.013719,0.022730,0.023834,-0.819774,0.571740,0.126133,0.007053,-0.022274,-0.052671,0.017178,-0.433559,
1624924041.000000,305821180.000000,0.233005,-0.474370,-0.013727,0.022627,0.023943,-0.820385,0.570863,0.124218,0.003010,-0.009465,-0.027306,-0.030582,-0.429201,
1624924041.000000,310824394.000000,0.232803,-0.474952,-0.013808,0.022603,0.023975,-0.821008,0.569965,0.123350,0.002864,-0.007247,0.022912,0.080995,-0.448392,
1624924041.000000,315827370.000000,0.232601,-0.475530,-0.013881,0.022947,0.024089,-0.821657,0.569010,0.122500,0.002727,-0.005238,0.096281,0.156451,-0.466587,
1624924041.000000,320830107.000000,0.232357,-0.476067,-0.013791,0.023390,0.024099,-0.822320,0.568034,0.117642,-0.005026,0.018987,0.105254,0.159837,-0.464467,
1624924041.000000,325834274.000000,0.230775,-0.476493,-0.013242,0.023845,0.024059,-0.822890,0.567190,0.114160,-0.019202,0.052890,0.089806,0.104138,-0.449398,
1624924041.000000,370862484.000000,0.227200,-0.480635,-0.013353,0.021714,0.021915,-0.828161,0.559640,0.128926,-0.005338,-0.003611,0.024120,0.057452,-0.436467,
1624924041.000000,375865459.000000,0.226929,-0.481240,-0.013424,0.021890,0.022060,-0.828776,0.558717,0.135640,-0.004321,-0.005917,0.001318,0.139853,-0.441919,
1624924041.000000,380868435.000000,0.226686,-0.481835,-0.013525,0.022218,0.022316,-0.829382,0.557794,0.135113,-0.000757,-0.010766,-0.003720,0.178403,-0.442826,
1624924041.000000,385871410.000000,0.226428,-0.482465,-0.013628,0.022545,0.022590,-0.829994,0.556859,0.138678,0.001301,-0.013434,0.003541,0.167515,-0.447178,
1624924041.000000,390874386.000000,0.226173,-0.483113,-0.013746,0.022823,0.022823,-0.830610,0.555919,0.142222,0.003373,-0.015797,-0.020629,0.113697,-0.451384,
1624924041.000000,395878315.000000,0.225453,-0.483558,-0.012176,0.023190,0.023171,-0.831228,0.554964,0.127899,0.000694,0.004094,-0.051852,0.035158,-0.446074,
1624924041.000000,400881290.000000,0.225214,-0.484152,-0.012190,0.023180,0.023349,-0.831838,0.554042,0.126947,0.001871,0.003643,-0.035842,0.074956,-0.444902,
1624924041.000000,405884027.000000,0.224979,-0.484747,-0.012205,0.023289,0.023550,-0.832440,0.553125,0.126274,0.003046,0.003326,-0.029250,0.046396,-0.424837,
1624924041.000000,410887241.000000,0.224748,-0.485344,-0.012218,0.023284,0.023648,-0.833017,0.552251,0.125814,0.004210,0.003228,0.001347,0.037791,-0.425609,
1624924041.000000,415890217.000000,0.224439,-0.485880,-0.011983,0.023430,0.023698,-0.833621,0.551330,0.121239,-0.006539,0.032173,0.055886,0.070385,-0.450319,
1624924041.000000,505946398.000000,0.216994,-0.498469,-0.011213,0.023924,0.023194,-0.844081,0.535179,0.145324,0.007023,0.004915,-0.028233,0.012836,-0.436180,
1624924041.000000,510950327.000000,0.216716,-0.499136,-0.011223,0.023934,0.023303,-0.844669,0.534245,0.143460,0.006450,0.008466,-0.002889,0.039801,-0.442748,
1624924041.000000,515953302.000000,0.216437,-0.499794,-0.011219,0.024036,0.023352,-0.845259,0.533305,0.141686,0.005871,0.011729,0.039873,0.059777,-0.444781,
1624924041.000000,520956278.000000,0.216158,-0.500443,-0.011202,0.024233,0.023362,-0.845852,0.532355,0.139904,0.005289,0.014729,0.062269,0.082095,-0.444845,
1624924041.000000,525959253.000000,0.215841,-0.501031,-0.010980,0.024505,0.023353,-0.846442,0.531403,0.133209,-0.002100,0.039419,0.095138,0.106399,-0.446910,
1624924041.000000,530962229.000000,0.214554,-0.502283,-0.010236,0.024696,0.023155,-0.846998,0.530517,0.132443,-0.011543,0.065048,0.111324,0.082340,-0.441659,
1624924041.000000,535965204.000000,0.214204,-0.502863,-0.009928,0.024861,0.022990,-0.847578,0.529589,0.128968,-0.014405,0.074698,0.098423,-0.061512,-0.424599,
1624924041.000000,540969372.000000,0.214025,-0.503331,-0.009944,0.024647,0.022667,-0.848139,0.528714,0.111361,-0.004380,0.045249,0.048483,-0.195625,-0.404335,
1624924041.000000,545972347.000000,0.213766,-0.503819,-0.009753,0.024140,0.022304,-0.848686,0.527875,0.103869,-0.003469,0.043691,0.024720,-0.306396,-0.402141,
1624924041.000000,550975323.000000,0.213527,-0.504273,-0.009570,0.023431,0.021818,-0.849243,0.527031,0.096295,-0.002583,0.041764,0.029223,-0.349277,-0.407557,
1624924041.000000,601006508.000000,0.209153,-0.510367,-0.010613,0.024093,0.022289,-0.854847,0.517841,0.149730,0.009196,0.000093,-0.037817,0.113244,-0.464059,
1624924041.000000,606009483.000000,0.208851,-0.511048,-0.010661,0.024209,0.022536,-0.855427,0.516866,0.148526,0.010443,-0.001266,-0.046452,0.073805,-0.441637,
1624924041.000000,611012220.000000,0.208557,-0.511724,-0.010718,0.024224,0.022716,-0.855981,0.515939,0.147180,0.011670,-0.002827,-0.045244,0.010333,-0.429803,
1624924041.000000,616016150.000000,0.208214,-0.512361,-0.010540,0.024207,0.022806,-0.856538,0.515011,0.142697,0.002945,0.028445,0.026835,0.060555,-0.439433,
1624924041.000000,621019125.000000,0.207886,-0.512999,-0.010414,0.024485,0.022811,-0.857114,0.514039,0.140237,0.000201,0.039268,0.096602,0.109155,-0.458624,
1624924041.000000,626022339.000000,0.207548,-0.513622,-0.010236,0.024789,0.022750,-0.857707,0.513037,0.137932,-0.002527,0.050511,0.093282,0.081207,-0.459788,
1624924041.000000,631025314.000000,0.205996,-0.514978,-0.010047,0.024995,0.022578,-0.858263,0.512104,0.142792,-0.014841,0.075906,0.093101,0.078985,-0.455391,
1624924041.000000,636028290.000000,0.205724,-0.515456,-0.009953,0.025195,0.022456,-0.858842,0.511127,0.125122,-0.010940,0.060646,0.096488,-0.029415,-0.440587,
1624924041.000000,641031265.000000,0.205377,-0.515983,-0.009678,0.025037,0.022158,-0.859404,0.510202,0.118927,-0.011849,0.064529,0.066677,-0.179539,-0.423431,
1624924041.000000,646035194.000000,0.205038,-0.516482,-0.009383,0.024563,0.021770,-0.859953,0.509317,0.112795,-0.012801,0.068285,0.039898,-0.306309,-0.406463,
1624924041.000000,686060429.000000,0.202304,-0.522076,-0.010355,0.023701,0.021206,-0.864229,0.502093,0.158959,0.010948,-0.001570,-0.005937,0.143878,-0.447056,
1624924041.000000,691063404.000000,0.201957,-0.522805,-0.010422,0.023985,0.021391,-0.864784,0.501114,0.164189,0.013393,-0.004594,0.016638,0.121724,-0.454359,
1624924041.000000,696066380.000000,0.201240,-0.523238,-0.009633,0.024384,0.021593,-0.865367,0.500080,0.155390,0.011477,0.012516,0.004980,0.077132,-0.456554,
1624924041.000000,701069355.000000,0.200902,-0.523945,-0.009620,0.024514,0.021725,-0.865934,0.499084,0.155551,0.012753,0.012032,-0.009077,0.086477,-0.461821,
1624924041.000000,706072330.000000,0.200568,-0.524657,-0.009608,0.024665,0.021908,-0.866502,0.498082,0.155869,0.014033,0.011730,-0.036562,0.082654,-0.454473,
1624924041.000000,711075306.000000,0.200238,-0.525340,-0.009558,0.024696,0.022115,-0.867050,0.497117,0.151905,0.013192,0.016794,-0.058094,0.022144,-0.436273,
1624924041.000000,716078520.000000,0.199911,-0.526030,-0.009521,0.024625,0.022249,-0.867589,0.496174,0.150557,0.013592,0.018565,-0.025102,0.003842,-0.441531,
1624924041.000000,721081495.000000,0.199589,-0.526715,-0.009475,0.024689,0.022279,-0.868146,0.495194,0.149159,0.014005,0.019913,0.069672,0.071675,-0.457612,
1624924041.000000,726085663.000000,0.199227,-0.527328,-0.009246,0.025037,0.022208,-0.868718,0.494175,0.140986,0.003988,0.045900,0.128663,0.138719,-0.467188,
1624924041.000000,731088161.000000,0.197033,-0.527165,-0.009247,0.025330,0.021997,-0.869249,0.493236,0.130158,-0.015246,0.064529,0.120962,0.070294,-0.447035,
1624924041.000000,776116371.000000,0.192607,-0.530245,-0.008028,0.023273,0.020288,-0.873884,0.485154,0.142872,-0.005613,0.023253,0.012548,0.081837,-0.432039,
1624924041.000000,781119347.000000,0.192200,-0.530859,-0.007948,0.023487,0.020440,-0.874401,0.484204,0.148973,-0.003787,0.022830,0.015077,0.141854,-0.431977,
1624924041.000000,786122322.000000,0.191783,-0.531500,-0.007869,0.023818,0.020602,-0.874918,0.483245,0.154989,-0.001937,0.022644,0.001928,0.129688,-0.437307,
1624924041.000000,791126251.000000,0.191398,-0.532117,-0.007793,0.024053,0.020809,-0.875445,0.482270,0.151177,0.000799,0.022095,-0.010382,0.151090,-0.450074,
1624924041.000000,796129227.000000,0.191817,-0.530768,-0.007800,0.024706,0.021128,-0.876028,0.481163,0.141032,0.003226,0.010969,-0.004827,0.106506,-0.466086,
1624924041.000000,801132441.000000,0.191452,-0.531381,-0.007797,0.024815,0.021246,-0.876586,0.480134,0.143299,0.005434,0.008191,-0.006960,0.041128,-0.465074,
1624924041.000000,806135416.000000,0.191105,-0.531906,-0.007729,0.024858,0.021353,-0.877136,0.479123,0.134672,0.002851,0.013582,-0.027149,0.040302,-0.457534,
1624924041.000000,811138391.000000,0.190754,-0.532481,-0.007700,0.024881,0.021499,-0.877675,0.478126,0.133365,0.003507,0.013815,-0.028399,0.032998,-0.449055,
1624924041.000000,816141367.000000,0.190409,-0.533052,-0.007672,0.024896,0.021613,-0.878202,0.477152,0.132087,0.004151,0.013926,-0.021824,0.032860,-0.438375,
1624924041.000000,821144342.000000,0.190024,-0.533585,-0.007474,0.024968,0.021710,-0.878721,0.476187,0.128587,-0.003506,0.037311,0.022654,0.067804,-0.441526,
1624924041.000000,916204453.000000,0.181119,-0.543981,-0.007590,0.025087,0.020826,-0.888335,0.458036,0.134577,-0.000201,0.025120,-0.003696,0.009650,-0.455489,
1624924041.000000,921207428.000000,0.180724,-0.544530,-0.007498,0.025165,0.020911,-0.888855,0.457018,0.132985,-0.001352,0.028781,0.004752,0.087950,-0.455547,
1624924041.000000,926210403.000000,0.178556,-0.544391,-0.008776,0.025208,0.020868,-0.889354,0.456047,0.132893,-0.017409,0.020086,0.032410,0.115770,-0.435357,
1624924041.000000,931213379.000000,0.178099,-0.544814,-0.008514,0.025501,0.020885,-0.889844,0.455072,0.124001,-0.022919,0.044499,0.098341,0.099850,-0.441544,
1624924041.000000,936217308.000000,0.177642,-0.545247,-0.008316,0.025779,0.020726,-0.890354,0.454066,0.119821,-0.025494,0.053500,0.126408,0.037397,-0.441830,
1624924041.000000,941220284.000000,0.177179,-0.545662,-0.008063,0.025836,0.020458,-0.890850,0.453100,0.116021,-0.028091,0.063048,0.115477,-0.104426,-0.420373,
1624924041.000000,946223497.000000,0.176812,-0.546068,-0.008047,0.025594,0.020164,-0.891332,0.452178,0.107832,-0.018128,0.034069,0.000915,-0.121221,-0.411824,
1624924041.000000,951226473.000000,0.176429,-0.546452,-0.007931,0.025256,0.020108,-0.891796,0.451284,0.102120,-0.015785,0.029950,-0.004539,-0.182335,-0.391707,
1624924041.000000,956229448.000000,0.176072,-0.546816,-0.007824,0.024743,0.019799,-0.892251,0.450427,0.096154,-0.013471,0.025917,0.034969,-0.256590,-0.396791,
1624924041.000000,961232185.000000,0.175559,-0.548834,-0.009058,0.024243,0.019489,-0.892743,0.449491,0.116898,-0.008092,0.009205,0.036547,-0.226473,-0.412024,
1624924042.000000,1257181.000000,0.171472,-0.551867,-0.007551,0.025371,0.020059,-0.896574,0.441712,0.145172,-0.000749,0.006659,-0.025274,0.054254,-0.438571,
1624924042.000000,6261349.000000,0.171026,-0.552446,-0.007569,0.025389,0.020162,-0.897060,0.440718,0.146787,0.000879,0.005054,-0.015508,0.005477,-0.455451,
1624924042.000000,11264324.000000,0.170601,-0.552977,-0.007554,0.025328,0.020191,-0.897571,0.439679,0.139932,-0.000344,0.008507,0.006781,-0.032589,-0.463145,
1624924042.000000,16267538.000000,0.170172,-0.553529,-0.007560,0.025235,0.020182,-0.898078,0.438648,0.138473,0.000145,0.008281,-0.021662,-0.014815,-0.459781,
1624924042.000000,21270275.000000,0.169749,-0.554074,-0.007570,0.025261,0.020316,-0.898575,0.437620,0.137081,0.000626,0.007647,-0.012672,0.102750,-0.450302,
1624924042.000000,26273251.000000,0.168773,-0.555662,-0.008859,0.025282,0.020172,-0.899063,0.436623,0.137766,-0.010098,0.040560,0.057866,0.119440,-0.442790,
1624924042.000000,31276464.000000,0.168299,-0.556179,-0.008679,0.025589,0.020132,-0.899547,0.435610,0.136813,-0.011905,0.049748,0.091196,0.117467,-0.452356,
1624924042.000000,36279440.000000,0.167817,-0.556690,-0.008450,0.025910,0.020079,-0.900039,0.434575,0.135890,-0.013699,0.059130,0.089891,0.069527,-0.451415,
1624924042.000000,41283369.000000,0.167456,-0.557084,-0.008340,0.026056,0.019934,-0.900526,0.433563,0.118116,-0.011651,0.048978,0.094166,0.010550,-0.441725,
1624924042.000000,46286583.000000,0.167045,-0.557508,-0.008131,0.026037,0.019750,-0.901002,0.432583,0.111577,-0.012286,0.051254,0.043284,-0.117887,-0.421575,
1624924042.000000,96317291.000000,0.160857,-0.561183,-0.007845,0.025174,0.019117,-0.905630,0.422889,0.151446,-0.004631,0.002654,0.001447,0.177108,-0.451495,
1624924042.000000,101320267.000000,0.160350,-0.561759,-0.007888,0.025508,0.019312,-0.906093,0.421867,0.155394,-0.002581,-0.000418,-0.006959,0.106576,-0.449193,
1624924042.000000,106324434.000000,0.159914,-0.562198,-0.007839,0.025621,0.019436,-0.906565,0.420839,0.142087,-0.004926,0.006017,-0.011353,0.052779,-0.452499,
1624924042.000000,111327171.000000,0.159437,-0.562725,-0.007858,0.025703,0.019556,-0.907039,0.419806,0.141281,-0.004164,0.005229,-0.026105,0.044823,-0.459881,
1624924042.000000,116330385.000000,0.158965,-0.563251,-0.007884,0.025688,0.019664,-0.907519,0.418763,0.140645,-0.003399,0.004110,-0.015719,-0.023983,-0.453618,
1624924042.000000,121333361.000000,0.158476,-0.563756,-0.007843,0.025554,0.019651,-0.907993,0.417744,0.139059,-0.006856,0.012805,0.000539,-0.050909,-0.452379,
1624924042.000000,126336336.000000,0.158387,-0.564542,-0.009879,0.025121,0.019426,-0.908494,0.416689,0.132307,-0.009618,0.019125,0.039693,0.087720,-0.469551,
1624924042.000000,131339550.000000,0.157912,-0.565017,-0.009812,0.025488,0.019457,-0.908979,0.415607,0.130718,-0.010592,0.023750,0.084611,0.159641,-0.465431,
1624924042.000000,136342287.000000,0.157445,-0.565434,-0.009581,0.025863,0.019411,-0.909448,0.414559,0.124277,-0.014528,0.043057,0.095284,0.094604,-0.447189,
1624924042.000000,141345263.000000,0.156976,-0.565858,-0.009382,0.026082,0.019307,-0.909905,0.413545,0.121083,-0.016441,0.051969,0.078198,0.048756,-0.437612,
1624924042.000000,181371212.000000,0.153795,-0.568788,-0.009299,0.024339,0.017987,-0.913425,0.405880,0.119675,-0.000519,0.007779,0.012127,0.048732,-0.447130,
1624924042.000000,186374187.000000,0.153387,-0.569244,-0.009300,0.024522,0.018087,-0.913876,0.404848,0.124649,0.001637,0.005753,0.001498,0.100078,-0.443064,
1624924042.000000,191377401.000000,0.152970,-0.569723,-0.009314,0.024746,0.018217,-0.914313,0.403842,0.129542,0.003807,0.003619,0.005722,0.119768,-0.439641,
1624924042.000000,196380138.000000,0.150723,-0.569381,-0.008352,0.025188,0.018367,-0.914785,0.402736,0.144232,-0.005984,0.010711,0.004743,0.149469,-0.449354,
1624924042.000000,201383114.000000,0.150210,-0.569902,-0.008348,0.025550,0.018568,-0.915235,0.401680,0.146548,-0.004351,0.008916,-0.009122,0.188634,-0.469560,
1624924042.000000,206386328.000000,0.149692,-0.570439,-0.008353,0.025870,0.018779,-0.915697,0.400597,0.149313,-0.002690,0.006942,-0.008155,0.072811,-0.459100,
1624924042.000000,211390257.000000,0.149199,-0.570929,-0.008339,0.025887,0.018854,-0.916149,0.399556,0.142570,-0.003900,0.008919,-0.020744,0.022673,-0.460906,
1624924042.000000,216393232.000000,0.148701,-0.571438,-0.008339,0.025906,0.018983,-0.916613,0.398483,0.140958,-0.003406,0.008809,-0.031603,0.007986,-0.467579,
1624924042.000000,221396446.000000,0.148210,-0.571941,-0.008338,0.025801,0.019047,-0.917073,0.397428,0.139405,-0.002925,0.008540,-0.017692,-0.046639,-0.455742,
1624924042.000000,226399183.000000,0.147105,-0.571481,-0.009586,0.025460,0.018883,-0.917526,0.396411,0.127978,-0.009182,0.002366,0.048211,0.011297,-0.458842,
1624924042.000000,271427393.000000,0.141989,-0.573476,-0.009180,0.024594,0.017360,-0.921375,0.387508,0.094140,-0.021083,0.020732,0.022306,-0.025051,-0.440892,
1624924042.000000,276430607.000000,0.141497,-0.573850,-0.009057,0.024596,0.017379,-0.921796,0.386503,0.112020,-0.018181,0.025251,0.028719,0.035100,-0.435371,
1624924042.000000,281433344.000000,0.141026,-0.574204,-0.008961,0.024754,0.017373,-0.922216,0.385491,0.118408,-0.016543,0.024814,0.016954,0.084861,-0.435460,
1624924042.000000,286437035.000000,0.140538,-0.574586,-0.008874,0.024972,0.017507,-0.922628,0.384483,0.124763,-0.014878,0.024161,0.002275,0.118791,-0.436476,
1624924042.000000,291440248.000000,0.139526,-0.575420,-0.008201,0.025381,0.017620,-0.923052,0.383433,0.132067,-0.013024,0.021702,0.012310,0.089192,-0.434407,
1624924042.000000,296443224.000000,0.139009,-0.575854,-0.008137,0.025537,0.017708,-0.923468,0.382416,0.134229,-0.011067,0.020494,-0.012081,0.074991,-0.450259,
1624924042.000000,301446199.000000,0.138492,-0.576300,-0.008076,0.025730,0.017877,-0.923900,0.381348,0.136378,-0.009087,0.019430,-0.012398,0.134397,-0.466406,
1624924042.000000,306449413.000000,0.137988,-0.576692,-0.008009,0.026007,0.018034,-0.924338,0.380260,0.131938,-0.011426,0.019234,0.003850,0.086341,-0.470587,
1624924042.000000,311452150.000000,0.137478,-0.577119,-0.007956,0.026099,0.018109,-0.924781,0.379171,0.131806,-0.010877,0.018144,-0.004710,0.039847,-0.466373,
1624924042.000000,316456079.000000,0.136970,-0.577546,-0.007903,0.026143,0.018221,-0.925217,0.378099,0.131689,-0.010333,0.017462,-0.041940,0.017179,-0.462043,
1624924042.000000,406512260.000000,0.124347,-0.581196,-0.008334,0.026135,0.017395,-0.932534,0.359714,0.135708,-0.020712,0.014780,0.009131,0.107645,-0.482076,
1624924042.000000,411515236.000000,0.123764,-0.581588,-0.008294,0.026374,0.017529,-0.932965,0.358571,0.137198,-0.019469,0.015090,-0.023721,0.069480,-0.476041,
1624924042.000000,416518211.000000,0.123184,-0.581954,-0.008204,0.026385,0.017670,-0.933374,0.357497,0.134845,-0.021541,0.021835,-0.032671,0.016478,-0.454361,
1624924042.000000,421521425.000000,0.122607,-0.582328,-0.008129,0.026396,0.017765,-0.933777,0.356437,0.134292,-0.021649,0.024081,-0.011074,0.017039,-0.452375,
1624924042.000000,426525354.000000,0.122424,-0.585238,-0.009943,0.026048,0.017652,-0.934177,0.355420,0.128293,-0.011928,0.011979,0.043015,0.048508,-0.458705,
1624924042.000000,431528091.000000,0.121863,-0.585559,-0.009670,0.026210,0.017566,-0.934587,0.354333,0.123502,-0.020835,0.042101,0.082792,0.031086,-0.463021,
1624924042.000000,436531305.000000,0.121321,-0.585893,-0.009469,0.026365,0.017416,-0.935001,0.353234,0.120606,-0.023887,0.053334,0.109126,0.092613,-0.473598,
1624924042.000000,441534281.000000,0.120773,-0.586210,-0.009203,0.026725,0.017295,-0.935414,0.352119,0.118019,-0.026934,0.065147,0.096671,0.104461,-0.459932,
1624924042.000000,446537256.000000,0.120339,-0.586512,-0.009159,0.026860,0.017199,-0.935802,0.351079,0.106257,-0.018129,0.037005,0.041044,-0.032724,-0.424627,
1624924042.000000,451540470.000000,0.119888,-0.586793,-0.009017,0.026592,0.017061,-0.936172,0.350120,0.099845,-0.016528,0.032649,0.021757,-0.206462,-0.399054,
1624924042.000000,501572371.000000,0.113348,-0.591280,-0.007888,0.026442,0.016952,-0.939931,0.339916,0.143608,0.001906,0.007470,-0.022842,0.096346,-0.451177,
1624924042.000000,506575584.000000,0.112802,-0.591753,-0.007904,0.026561,0.017093,-0.940312,0.338845,0.144789,0.003927,0.005033,-0.011352,0.036006,-0.456571,
1624924042.000000,511578560.000000,0.112270,-0.592183,-0.007896,0.026622,0.017164,-0.940698,0.337764,0.139623,0.001438,0.007386,-0.007832,0.061040,-0.463970,
1624924042.000000,516581059.000000,0.111738,-0.592631,-0.007901,0.026716,0.017279,-0.941086,0.336669,0.138085,0.001648,0.007282,-0.020827,0.004814,-0.460872,
1624924042.000000,521584034.000000,0.111212,-0.593073,-0.007907,0.026586,0.017335,-0.941468,0.335604,0.136614,0.001844,0.007105,-0.030330,-0.048164,-0.446951,
1624924042.000000,526587248.000000,0.109604,-0.594211,-0.009803,0.026141,0.017188,-0.941840,0.334601,0.137553,-0.008201,0.030832,0.044908,0.030493,-0.457474,
1624924042.000000,531591177.000000,0.109036,-0.594610,-0.009674,0.026393,0.017086,-0.942228,0.333493,0.136033,-0.010746,0.040291,0.107322,0.134586,-0.470434,
1624924042.000000,536594391.000000,0.108463,-0.595000,-0.009483,0.026824,0.017000,-0.942611,0.332381,0.134855,-0.013259,0.050873,0.096428,0.151764,-0.457631,
1624924042.000000,541597366.000000,0.107992,-0.595351,-0.009395,0.027127,0.016889,-0.942977,0.331322,0.120628,-0.008686,0.038982,0.104749,0.029996,-0.429901,
1624924042.000000,546600103.000000,0.107499,-0.595694,-0.009234,0.027112,0.016680,-0.943333,0.330317,0.114417,-0.008433,0.039651,0.048805,-0.064969,-0.425517,
1624924042.000000,596632481.000000,0.100402,-0.599836,-0.008758,0.026283,0.016278,-0.946836,0.320227,0.148476,0.005942,0.002351,-0.013497,0.163763,-0.449998,
1624924042.000000,601635456.000000,0.099826,-0.600319,-0.008800,0.026642,0.016457,-0.947187,0.319149,0.151373,0.007904,-0.000498,-0.008997,0.116028,-0.453232,
1624924042.000000,606638432.000000,0.099309,-0.600724,-0.008762,0.026738,0.016549,-0.947542,0.318080,0.142343,0.006133,0.005899,-0.003807,0.002896,-0.445762,
1624924042.000000,611641407.000000,0.098760,-0.601179,-0.008781,0.026698,0.016603,-0.947900,0.317014,0.141874,0.006927,0.005141,-0.032325,0.008100,-0.461616,
1624924042.000000,616644382.000000,0.098212,-0.601637,-0.008810,0.026711,0.016744,-0.948265,0.315909,0.141612,0.007735,0.003912,-0.022147,0.033982,-0.460806,
1624924042.000000,621647358.000000,0.097650,-0.602068,-0.008755,0.026777,0.016803,-0.948619,0.314839,0.140304,0.003828,0.015080,0.013416,0.040150,-0.443568,
1624924042.000000,626650572.000000,0.095892,-0.602764,-0.009441,0.026613,0.016592,-0.948951,0.313860,0.137648,-0.003076,0.033277,0.032529,0.078178,-0.442436,
1624924042.000000,631654263.000000,0.095325,-0.603164,-0.009301,0.026923,0.016600,-0.949296,0.312789,0.135649,-0.004227,0.039526,0.074964,0.174576,-0.453142,
1624924042.000000,636657238.000000,0.094821,-0.603473,-0.009056,0.027383,0.016530,-0.949641,0.311703,0.122333,-0.008796,0.053232,0.113539,0.110836,-0.443641,
1624924042.000000,641660213.000000,0.094297,-0.603801,-0.008807,0.027526,0.016300,-0.949983,0.310657,0.116907,-0.011084,0.061691,0.120926,-0.037350,-0.432850,
1624924042.000000,681685448.000000,0.089590,-0.604530,-0.009089,0.025503,0.015220,-0.952571,0.302864,0.124667,-0.003029,0.021820,0.011308,0.047071,-0.434888,
1624924042.000000,686688423.000000,0.089045,-0.604916,-0.009123,0.025746,0.015310,-0.952900,0.301801,0.132081,-0.000333,0.011114,0.012161,0.155766,-0.447825,
1624924042.000000,691691160.000000,0.086798,-0.604271,-0.007975,0.026262,0.015474,-0.953205,0.300785,0.154278,-0.006795,0.016136,0.019643,0.151918,-0.442384,
1624924042.000000,696695328.000000,0.086135,-0.604700,-0.007945,0.026575,0.015573,-0.953526,0.299733,0.159614,-0.005100,0.014187,-0.004671,0.146710,-0.436971,
1624924042.000000,701698303.000000,0.085597,-0.605049,-0.007882,0.026930,0.015778,-0.953843,0.298679,0.147052,-0.003565,0.015605,-0.033668,0.164284,-0.444437,
1624924042.000000,706701279.000000,0.084984,-0.605457,-0.007845,0.027196,0.015959,-0.954164,0.297617,0.146857,-0.001937,0.014965,-0.001801,0.066923,-0.437088,
1624924042.000000,711704493.000000,0.084375,-0.605871,-0.007809,0.027179,0.015972,-0.954487,0.296583,0.146604,-0.000317,0.014658,-0.004547,-0.064801,-0.434796,
1624924042.000000,716707468.000000,0.083784,-0.606244,-0.007724,0.026952,0.015995,-0.954817,0.295537,0.140726,-0.003189,0.021620,-0.032612,-0.062013,-0.443414,
1624924042.000000,721710205.000000,0.083194,-0.606628,-0.007653,0.026850,0.016071,-0.955147,0.294475,0.138351,-0.003375,0.023983,-0.014516,-0.001035,-0.447666,
1624924042.000000,726713419.000000,0.082482,-0.605185,-0.008961,0.026557,0.015908,-0.955456,0.293506,0.126030,-0.013118,0.008179,0.032468,0.070794,-0.445469,
1624924042.000000,776745319.000000,0.076562,-0.606871,-0.008220,0.025730,0.014661,-0.958522,0.283476,0.114119,-0.012831,0.013301,0.017443,-0.001017,-0.418892,
1624924042.000000,781748295.000000,0.076044,-0.607135,-0.008182,0.025663,0.014632,-0.958816,0.282488,0.118069,-0.011099,0.012805,0.007017,-0.004929,-0.412269,
1624924042.000000,786751270.000000,0.075509,-0.607419,-0.008150,0.025742,0.014676,-0.959109,0.281482,0.121950,-0.009348,0.012154,0.011055,0.065874,-0.425151,
1624924042.000000,791754246.000000,0.073275,-0.605732,-0.007018,0.026231,0.014720,-0.959406,0.280420,0.134100,-0.020965,0.018989,0.020813,0.147245,-0.440015,
1624924042.000000,796757460.000000,0.072652,-0.606010,-0.006974,0.026623,0.014833,-0.959705,0.279351,0.136893,-0.019558,0.016024,0.000601,0.167588,-0.441124,
1624924042.000000,801761389.000000,0.072018,-0.606303,-0.006951,0.026939,0.014985,-0.960002,0.278290,0.139789,-0.018140,0.013031,-0.015529,0.103965,-0.441039,
1624924042.000000,806764364.000000,0.071369,-0.606610,-0.006940,0.027102,0.015120,-0.960306,0.277217,0.142926,-0.016707,0.010143,-0.028189,0.077053,-0.452768,
1624924042.000000,811767340.000000,0.070798,-0.606859,-0.006886,0.027211,0.015247,-0.960615,0.276127,0.132495,-0.017003,0.014194,-0.006041,0.018346,-0.448609,
1624924042.000000,816770315.000000,0.070189,-0.607143,-0.006880,0.027158,0.015263,-0.960922,0.275062,0.131245,-0.016161,0.012620,-0.006708,-0.026783,-0.441026,
1624924042.000000,821773291.000000,0.069589,-0.607425,-0.006862,0.027080,0.015336,-0.961223,0.274009,0.129918,-0.015335,0.011796,-0.036804,-0.009544,-0.434712,
1624924042.000000,906827211.000000,0.057465,-0.605006,-0.007011,0.027261,0.014513,-0.966045,0.256522,0.127402,-0.030111,0.011301,-0.000710,0.082125,-0.444141,
1624924042.000000,911830425.000000,0.056839,-0.605194,-0.006987,0.027344,0.014575,-0.966325,0.255452,0.128193,-0.028823,0.011144,-0.007081,0.038784,-0.445076,
1624924042.000000,916833401.000000,0.056210,-0.605389,-0.006969,0.027443,0.014677,-0.966607,0.254367,0.129059,-0.027527,0.010821,-0.024171,0.052210,-0.448391,
1624924042.000000,921836376.000000,0.053990,-0.605699,-0.007864,0.027206,0.014749,-0.966874,0.253373,0.125837,-0.032215,-0.000685,-0.024259,-0.021715,-0.432396,
1624924042.000000,926839352.000000,0.053364,-0.605865,-0.007905,0.027073,0.014792,-0.967145,0.252347,0.123775,-0.031905,-0.000371,-0.004100,-0.025706,-0.424789,
1624924042.000000,931842327.000000,0.052753,-0.606025,-0.007942,0.027140,0.014787,-0.967416,0.251298,0.121495,-0.031591,-0.000256,0.053397,0.089087,-0.442939,
1624924042.000000,936845303.000000,0.052083,-0.606106,-0.007665,0.027489,0.014724,-0.967693,0.250197,0.119890,-0.041715,0.031679,0.077128,0.155123,-0.454754,
1624924042.000000,941849470.000000,0.051451,-0.606212,-0.007511,0.027820,0.014623,-0.967969,0.249096,0.117678,-0.044498,0.042030,0.106556,0.056810,-0.441971,
1624924042.000000,946852446.000000,0.050819,-0.606301,-0.007301,0.027849,0.014352,-0.968243,0.248040,0.115543,-0.047283,0.052488,0.121843,-0.062538,-0.425907,
1624924042.000000,951855421.000000,0.050295,-0.606383,-0.007256,0.027683,0.014134,-0.968515,0.247008,0.102439,-0.041111,0.033130,0.017601,-0.094205,-0.426950,
1624924042.000000,996883154.000000,0.046242,-0.612068,-0.005713,0.026747,0.013829,-0.970830,0.237872,0.136731,0.000372,0.018114,0.013197,0.110621,-0.431208,
1624924043.000000,1886368.000000,0.045630,-0.612394,-0.005667,0.027021,0.013921,-0.971081,0.236809,0.139333,0.001813,0.014887,-0.005120,0.154395,-0.443940,
1624924043.000000,6890297.000000,0.045007,-0.612731,-0.005639,0.027405,0.014078,-0.971333,0.235716,0.142081,0.003276,0.011615,-0.017855,0.140537,-0.445150,
1624924043.000000,11893511.000000,0.044431,-0.613037,-0.005564,0.027591,0.014191,-0.971587,0.234639,0.134507,0.002808,0.016932,0.001179,0.036135,-0.443933,
1624924043.000000,16896248.000000,0.043839,-0.613360,-0.005519,0.027576,0.014217,-0.971849,0.233553,0.132922,0.003488,0.016433,-0.014427,-0.027488,-0.447221,
1624924043.000000,21899223.000000,0.043256,-0.613679,-0.005478,0.027506,0.014301,-0.972110,0.232468,0.131328,0.004155,0.015718,-0.022335,0.019945,-0.448243,
1624924043.000000,26902437.000000,0.042290,-0.614995,-0.005925,0.027234,0.014337,-0.972377,0.231379,0.126505,0.003932,0.032420,-0.014644,0.004877,-0.432394,
1624924043.000000,31905413.000000,0.041726,-0.615305,-0.005769,0.027212,0.014352,-0.972625,0.230335,0.125736,0.002727,0.039111,0.040412,0.014589,-0.434320,
1624924043.000000,36908388.000000,0.041161,-0.615606,-0.005581,0.027395,0.014260,-0.972879,0.229242,0.124586,0.001526,0.046089,0.068649,0.122992,-0.456834,
1624924043.000000,41911602.000000,0.040600,-0.615896,-0.005359,0.027786,0.014182,-0.973134,0.228116,0.123055,0.000317,0.053073,0.109609,0.148867,-0.453716,
1624924043.000000,86940289.000000,0.034763,-0.616641,-0.003542,0.026051,0.013038,-0.975307,0.218925,0.134194,-0.004953,0.066625,0.010659,0.036143,-0.420654,
