1624924367.000000,918359756.000000,-0.000293,0.000126,0.000530,0.001326,0.034140,-0.000068,0.999416,-0.002101,0.000040,0.012863,0.004589,-0.001147,0.002948,
1624924367.000000,923362732.000000,-0.000141,0.000053,0.000270,0.001330,0.034196,-0.000063,0.999414,-0.000976,-0.001095,0.009294,0.003554,0.008924,-0.001316,
1624924367.000000,928365707.000000,-0.000143,0.000047,0.000319,0.001333,0.034202,-0.000064,0.999414,-0.001173,-0.001201,0.010268,0.000313,0.005372,0.004990,
1624924367.000000,933368921.000000,-0.000139,0.000043,0.000360,0.001338,0.034221,-0.000047,0.999413,-0.000573,-0.001007,0.009813,0.003508,0.004530,0.004061,
1624924367.000000,938371897.000000,-0.000140,0.000038,0.000409,0.001340,0.034214,-0.000047,0.999414,-0.000636,-0.001015,0.010083,-0.005999,-0.009340,-0.001379,
1624924367.000000,943374634.000000,-0.000140,0.000033,0.000455,0.001327,0.034193,-0.000048,0.999414,-0.000586,-0.001022,0.010088,0.004459,-0.001988,0.000789,
1624924367.000000,948378801.000000,-0.000140,0.000027,0.000498,0.001347,0.034191,-0.000047,0.999414,-0.000587,-0.001031,0.009882,0.000484,-0.008155,-0.001322,
1624924367.000000,953381777.000000,-0.000139,0.000022,0.000547,0.001336,0.034175,-0.000049,0.999415,-0.000634,-0.001040,0.010360,-0.000867,0.007446,0.001820,
1624924367.000000,958384991.000000,-0.000204,0.000084,0.000203,0.001336,0.034189,-0.000062,0.999415,-0.001144,-0.000015,0.008188,-0.000653,0.014140,-0.001283,
1624924367.000000,963387966.000000,-0.000224,0.000084,0.000249,0.001329,0.034190,-0.000066,0.999414,-0.003036,-0.000034,0.009147,0.000249,-0.013590,0.002845,
1624924368.000000,13419628.000000,-0.000163,-0.000081,0.000507,0.001258,0.033088,-0.000048,0.999452,0.006906,-0.006449,0.021807,-0.029674,-0.624058,-0.021518,
1624924368.000000,18422842.000000,-0.000113,-0.000120,0.000624,0.001233,0.031286,-0.000216,0.999510,0.010968,-0.008662,0.026467,0.023616,-0.655598,-0.135208,
1624924368.000000,23425817.000000,0.000195,-0.000076,0.000463,0.001315,0.030096,-0.000718,0.999546,0.021583,-0.011633,0.023003,0.049539,-0.346891,-0.234910,
1624924368.000000,28428793.000000,0.000857,-0.000206,0.000520,0.001420,0.029642,-0.001355,0.999559,0.085171,-0.020913,0.023199,0.057733,0.017724,-0.265591,
1624924368.000000,33431768.000000,0.001344,-0.000323,0.000605,0.001533,0.030059,-0.002036,0.999545,0.107970,-0.025248,0.024743,0.033544,0.254201,-0.274071,
1624924368.000000,38434744.000000,0.001944,-0.000463,0.000696,0.001527,0.030677,-0.002744,0.999524,0.130555,-0.029522,0.026811,-0.018890,0.204045,-0.299510,
1624924368.000000,43437719.000000,0.002483,-0.000560,0.000796,0.001488,0.031058,-0.003568,0.999510,0.127865,-0.024399,0.026794,0.035067,0.117524,-0.367664,
1624924368.000000,48440933.000000,0.003161,-0.000689,0.000892,0.001610,0.031306,-0.004561,0.999498,0.140135,-0.024784,0.026974,0.055081,0.082768,-0.409515,
1624924368.000000,53443909.000000,0.003433,-0.000732,0.000595,0.001712,0.032228,-0.005585,0.999464,0.146010,-0.021834,0.023002,0.067079,0.153837,-0.407344,
1624924368.000000,58447838.000000,0.003998,-0.000785,0.000618,0.001865,0.032677,-0.006601,0.999443,0.136071,-0.014604,0.017449,0.048652,0.148727,-0.400937,
1624924368.000000,108479023.000000,0.008598,-0.001561,-0.000798,0.001658,0.033533,-0.017090,0.999290,0.110170,-0.014953,-0.015253,-0.021896,0.097649,-0.452539,
1624924368.000000,113481998.000000,0.009139,-0.001656,-0.000911,0.001536,0.033634,-0.018180,0.999268,0.110008,-0.015447,-0.014932,-0.032894,-0.022339,-0.422649,
1624924368.000000,118484974.000000,0.009678,-0.001755,-0.001023,0.001461,0.033463,-0.019220,0.999254,0.109626,-0.015956,-0.015004,0.006682,-0.103077,-0.417233,
1624924368.000000,123487949.000000,0.011671,-0.002540,-0.000041,0.001665,0.033513,-0.020418,0.999228,0.124726,-0.025914,0.003573,0.061035,-0.019736,-0.427202,
1624924368.000000,128491640.000000,0.012285,-0.002697,-0.000067,0.001876,0.033564,-0.021509,0.999203,0.123732,-0.026424,0.003105,0.140885,0.025764,-0.441008,
1624924368.000000,133494854.000000,0.012893,-0.002857,-0.000108,0.002191,0.033691,-0.022630,0.999174,0.122696,-0.026930,0.002132,0.101020,0.122082,-0.442173,
1624924368.000000,138497829.000000,0.013501,-0.002917,0.000021,0.002285,0.034111,-0.023729,0.999134,0.120961,-0.020103,0.013114,0.010821,0.167830,-0.435686,
1624924368.000000,143500805.000000,0.014100,-0.003045,0.000075,0.002274,0.034394,-0.024808,0.999098,0.119637,-0.019080,0.016528,0.022479,0.043433,-0.426153,
1624924368.000000,148503780.000000,0.014697,-0.003168,0.000133,0.002340,0.034244,-0.025856,0.999076,0.118523,-0.018062,0.019230,0.053741,-0.182088,-0.408026,
1624924368.000000,153506756.000000,0.016671,-0.003725,0.000430,0.002426,0.033973,-0.026947,0.999056,0.124862,-0.029087,0.019323,0.049435,-0.259266,-0.417652,
1624924368.000000,203539133.000000,0.024534,-0.005186,0.000455,0.002363,0.034011,-0.037668,0.998709,0.163332,-0.014342,0.003228,0.009169,0.030045,-0.437133,
1624924368.000000,208541870.000000,0.025355,-0.005316,0.000403,0.002323,0.034029,-0.038767,0.998666,0.166251,-0.012307,0.000976,-0.019647,0.050724,-0.453957,
1624924368.000000,213544846.000000,0.026190,-0.005438,0.000335,0.002224,0.034281,-0.039926,0.998612,0.169191,-0.010236,-0.001530,-0.022074,0.105228,-0.467042,
1624924368.000000,218547821.000000,0.026989,-0.005590,0.000354,0.002177,0.034473,-0.041073,0.998559,0.165149,-0.013900,0.008808,0.009014,0.044286,-0.450934,
1624924368.000000,223551035.000000,0.027004,-0.005412,-0.000220,0.002215,0.034142,-0.042284,0.998520,0.148173,-0.014193,0.019732,0.052607,0.020680,-0.441443,
1624924368.000000,228554010.000000,0.027741,-0.005548,-0.000161,0.002363,0.034217,-0.043404,0.998469,0.147508,-0.014500,0.023969,0.088929,0.035950,-0.453185,
1624924368.000000,233556986.000000,0.028400,-0.005742,0.000048,0.002555,0.034369,-0.044555,0.998412,0.138695,-0.021301,0.041254,0.081539,0.114959,-0.459663,
1624924368.000000,238560677.000000,0.029086,-0.005917,0.000230,0.002708,0.034634,-0.045696,0.998351,0.135422,-0.023612,0.049720,0.067494,0.038841,-0.445813,
1624924368.000000,243492603.000000,0.029757,-0.006105,0.000450,0.002845,0.034574,-0.046792,0.998302,0.132234,-0.025944,0.057764,0.078169,-0.035780,-0.428702,
1624924368.000000,248495579.000000,0.030368,-0.006258,0.000497,0.002964,0.034460,-0.047869,0.998255,0.123743,-0.022362,0.035728,0.033729,-0.080273,-0.433973,
1624924368.000000,293523550.000000,0.036484,-0.008027,0.000128,0.003014,0.033583,-0.057540,0.997774,0.153798,-0.015567,0.012692,-0.002928,0.057988,-0.420508,
1624924368.000000,298526525.000000,0.037249,-0.008189,0.000136,0.003016,0.033762,-0.058598,0.997706,0.156244,-0.013281,0.012265,0.021816,0.103314,-0.429073,
1624924368.000000,303529739.000000,0.038027,-0.008342,0.000148,0.003048,0.034046,-0.059685,0.997632,0.158627,-0.010975,0.012392,0.012287,0.094473,-0.440819,
1624924368.000000,308533669.000000,0.038779,-0.008500,0.000137,0.002993,0.034221,-0.060791,0.997559,0.156236,-0.011075,0.009879,-0.040968,0.055719,-0.444039,
1624924368.000000,313536882.000000,0.039551,-0.008648,0.000128,0.002817,0.034301,-0.061897,0.997489,0.156773,-0.009728,0.009156,-0.057266,-0.023201,-0.448245,
1624924368.000000,318539858.000000,0.039482,-0.008805,-0.000929,0.002685,0.033913,-0.063082,0.997428,0.141548,-0.010782,-0.015565,0.005617,0.095231,-0.461196,
1624924368.000000,323542595.000000,0.040172,-0.008945,-0.001062,0.002763,0.034231,-0.064227,0.997344,0.141972,-0.009459,-0.017557,0.061349,0.074345,-0.445394,
1624924368.000000,328545809.000000,0.040828,-0.009229,-0.000769,0.002907,0.034261,-0.065326,0.997271,0.137721,-0.023382,0.023780,0.080383,0.024425,-0.442961,
1624924368.000000,333548784.000000,0.041498,-0.009444,-0.000676,0.003071,0.034375,-0.066464,0.997192,0.136527,-0.026515,0.033931,0.068739,0.049016,-0.462331,
1624924368.000000,338551760.000000,0.042165,-0.009676,-0.000532,0.003190,0.034501,-0.067635,0.997108,0.135481,-0.029638,0.044103,0.056847,0.080089,-0.471897,
1624924368.000000,433611870.000000,0.055291,-0.013559,-0.000824,0.003546,0.034633,-0.088602,0.995459,0.150359,-0.025009,0.019426,0.087194,0.047258,-0.453141,
1624924368.000000,438614845.000000,0.055939,-0.013831,-0.000615,0.003705,0.034673,-0.089724,0.995356,0.140881,-0.029360,0.041479,0.081351,0.042818,-0.445605,
1624924368.000000,443617582.000000,0.056609,-0.014109,-0.000449,0.003872,0.034799,-0.090837,0.995250,0.137591,-0.032004,0.050422,0.059387,0.034456,-0.443527,
1624924368.000000,448621750.000000,0.057269,-0.014401,-0.000244,0.003961,0.034739,-0.091926,0.995152,0.134695,-0.034664,0.058989,0.066354,-0.079353,-0.421222,
1624924368.000000,453624725.000000,0.057702,-0.014688,-0.000786,0.004102,0.034546,-0.092990,0.995059,0.115557,-0.027549,0.013584,0.038112,-0.181209,-0.412627,
1624924368.000000,458627701.000000,0.058235,-0.014928,-0.000761,0.004069,0.034034,-0.094032,0.994979,0.110175,-0.027079,0.011061,0.017444,-0.220359,-0.422294,
1624924368.000000,463630676.000000,0.058740,-0.015162,-0.000750,0.004059,0.033519,-0.095098,0.994895,0.104813,-0.026631,0.008138,0.046349,-0.173878,-0.428711,
1624924368.000000,468633413.000000,0.059463,-0.015427,-0.000716,0.004107,0.033147,-0.096168,0.994805,0.125337,-0.025091,0.010906,0.034882,-0.138451,-0.425527,
1624924368.000000,473636627.000000,0.060066,-0.015671,-0.000701,0.004112,0.032878,-0.097233,0.994710,0.128105,-0.024274,0.010475,0.030245,-0.049040,-0.431827,
1624924368.000000,478639603.000000,0.060681,-0.015915,-0.000686,0.004142,0.032909,-0.098326,0.994601,0.130790,-0.023439,0.010371,0.005080,0.059601,-0.443630,
1624924368.000000,518664837.000000,0.066334,-0.017530,-0.000992,0.003859,0.034309,-0.107272,0.993630,0.142393,-0.016496,-0.000273,-0.016560,-0.014398,-0.446022,
1624924368.000000,523668766.000000,0.067010,-0.017763,-0.001041,0.003808,0.034249,-0.108369,0.993513,0.141846,-0.016474,-0.000226,0.005032,0.002642,-0.445746,
1624924368.000000,528671503.000000,0.067677,-0.018053,-0.000827,0.003811,0.034353,-0.109494,0.993386,0.139958,-0.022957,0.030325,0.024031,0.057589,-0.453423,
1624924368.000000,533674717.000000,0.068345,-0.018326,-0.000690,0.003933,0.034549,-0.110627,0.993253,0.139057,-0.025092,0.041324,0.099532,0.131099,-0.458623,
1624924368.000000,538677692.000000,0.069013,-0.018612,-0.000485,0.004219,0.034856,-0.111769,0.993114,0.138392,-0.027207,0.053388,0.101214,0.086591,-0.445998,
1624924368.000000,543680668.000000,0.069601,-0.018853,-0.000387,0.004387,0.034933,-0.112861,0.992987,0.126848,-0.023890,0.041805,0.069683,0.018690,-0.434080,
1624924368.000000,548683882.000000,0.070193,-0.019112,-0.000216,0.004500,0.034892,-0.113946,0.992864,0.121569,-0.023889,0.043239,0.045526,-0.072564,-0.433131,
1624924368.000000,553686857.000000,0.070596,-0.019418,-0.000782,0.004636,0.034669,-0.115053,0.992743,0.110394,-0.024818,0.021637,0.032529,-0.232797,-0.417329,
1624924368.000000,558690786.000000,0.071091,-0.019663,-0.000715,0.004603,0.033989,-0.116091,0.992646,0.104284,-0.024924,0.020638,0.030526,-0.267356,-0.424566,
1624924368.000000,563693762.000000,0.071725,-0.019939,-0.000710,0.004586,0.033456,-0.117177,0.992537,0.115801,-0.024620,0.014561,0.040013,-0.147290,-0.440769,
1624924368.000000,608721733.000000,0.078327,-0.022732,-0.000495,0.004623,0.034616,-0.127109,0.991274,0.157693,-0.015635,0.006282,-0.009916,0.064606,-0.459994,
1624924368.000000,613724709.000000,0.079069,-0.023006,-0.000522,0.004565,0.034709,-0.128242,0.991125,0.157078,-0.014971,0.005112,-0.014181,0.003230,-0.452561,
1624924368.000000,618727684.000000,0.079138,-0.023112,-0.001402,0.004454,0.034350,-0.129359,0.990993,0.140976,-0.015547,-0.004976,-0.043889,-0.024365,-0.449361,
1624924368.000000,623730659.000000,0.079794,-0.023432,-0.001270,0.004324,0.034314,-0.130473,0.990848,0.140413,-0.022132,0.017567,0.000402,-0.013664,-0.450477,
1624924368.000000,628734589.000000,0.080447,-0.023727,-0.001222,0.004375,0.034319,-0.131599,0.990699,0.139779,-0.023877,0.023636,0.054241,0.030757,-0.457887,
1624924368.000000,633737803.000000,0.081094,-0.024031,-0.001139,0.004530,0.034507,-0.132757,0.990537,0.139024,-0.025609,0.030072,0.086934,0.150322,-0.473891,
1624924368.000000,638740778.000000,0.081676,-0.024326,-0.001031,0.004783,0.034919,-0.133937,0.990363,0.129606,-0.027087,0.035451,0.089346,0.157529,-0.466541,
1624924368.000000,643743753.000000,0.082266,-0.024634,-0.000884,0.004982,0.035154,-0.135065,0.990201,0.125463,-0.028752,0.041928,0.082656,0.050971,-0.437696,
1624924368.000000,648746729.000000,0.082834,-0.024947,-0.000701,0.005114,0.035081,-0.136126,0.990057,0.121272,-0.030451,0.048640,0.045695,-0.110830,-0.417399,
1624924368.000000,653749704.000000,0.083103,-0.025153,-0.000770,0.005192,0.034781,-0.137203,0.989919,0.107804,-0.025189,0.024090,0.032499,-0.208833,-0.423849,
1624924368.000000,698777676.000000,0.090070,-0.027798,-0.000923,0.005151,0.034147,-0.146984,0.988536,0.166101,-0.008588,0.001771,-0.013145,0.070656,-0.442904,
1624924368.000000,703781605.000000,0.090820,-0.028088,-0.000953,0.005109,0.034390,-0.148110,0.988360,0.163707,-0.009438,0.002684,-0.017344,0.108310,-0.461361,
1624924368.000000,708784580.000000,0.091590,-0.028372,-0.000998,0.005079,0.034661,-0.149252,0.988178,0.164511,-0.008541,0.001867,-0.000389,0.094536,-0.467595,
1624924368.000000,713787556.000000,0.092366,-0.028656,-0.001046,0.005066,0.034805,-0.150407,0.987998,0.165444,-0.007636,0.001244,-0.004413,0.001447,-0.461325,
1624924368.000000,718790770.000000,0.092445,-0.029029,-0.001402,0.004889,0.034288,-0.151528,0.987846,0.161585,-0.011645,-0.001260,-0.046066,-0.024498,-0.454882,
1624924368.000000,723793745.000000,0.093200,-0.029327,-0.001473,0.004725,0.034274,-0.152645,0.987675,0.163402,-0.010746,-0.002387,-0.033601,-0.016559,-0.452769,
1624924368.000000,728796721.000000,0.093966,-0.029624,-0.001543,0.004693,0.034271,-0.153764,0.987502,0.165221,-0.009835,-0.003178,0.045397,0.030684,-0.452765,
1624924368.000000,733799458.000000,0.094548,-0.030158,-0.000820,0.004875,0.034392,-0.154900,0.987319,0.155317,-0.029222,0.052025,0.106307,0.072491,-0.465507,
1624924368.000000,738803625.000000,0.095250,-0.030548,-0.000603,0.005153,0.034680,-0.156075,0.987123,0.154399,-0.032649,0.062376,0.097835,0.237878,-0.476250,
1624924368.000000,743806601.000000,0.095962,-0.030960,-0.000323,0.005415,0.035306,-0.157230,0.986916,0.154219,-0.036071,0.073444,0.066724,0.196478,-0.447572,
1624924368.000000,788834810.000000,0.100710,-0.033574,-0.000813,0.005581,0.033788,-0.166932,0.985374,0.151968,-0.012161,0.015268,0.001997,0.079809,-0.432572,
1624924368.000000,793837786.000000,0.101424,-0.033884,-0.000798,0.005557,0.034001,-0.168005,0.985184,0.157186,-0.010291,0.012936,-0.005840,0.103674,-0.441117,
1624924368.000000,798840761.000000,0.102044,-0.034170,-0.000782,0.005570,0.034269,-0.169097,0.984988,0.150063,-0.010160,0.011293,0.005099,0.081040,-0.443292,
1624924368.000000,803843498.000000,0.102744,-0.034469,-0.000783,0.005561,0.034462,-0.170203,0.984790,0.151976,-0.008782,0.009271,-0.010910,0.103469,-0.462341,
1624924368.000000,808847666.000000,0.103455,-0.034766,-0.000799,0.005536,0.034764,-0.171361,0.984579,0.153999,-0.007376,0.007053,-0.008936,0.097014,-0.472128,
1624924368.000000,813850641.000000,0.104140,-0.035072,-0.000813,0.005507,0.034931,-0.172517,0.984372,0.151669,-0.009290,0.006472,-0.009797,0.043402,-0.469855,
1624924368.000000,818853617.000000,0.104703,-0.035642,-0.001924,0.005390,0.034500,-0.173678,0.984183,0.146906,-0.013978,-0.005826,-0.027917,-0.030356,-0.464642,
1624924368.000000,823856592.000000,0.105364,-0.035958,-0.002007,0.005261,0.034446,-0.174813,0.983985,0.146276,-0.013957,-0.006600,-0.028003,0.005089,-0.460348,
1624924368.000000,828859568.000000,0.105997,-0.036332,-0.001792,0.005237,0.034552,-0.175942,0.983780,0.143068,-0.020770,0.024905,0.041089,0.052501,-0.457176,
1624924368.000000,833862543.000000,0.106635,-0.036685,-0.001698,0.005430,0.034674,-0.177071,0.983572,0.141704,-0.022894,0.033862,0.115987,0.084835,-0.456090,
1624924368.000000,893900871.000000,0.113776,-0.041364,-0.001127,0.006162,0.034137,-0.190201,0.981132,0.156267,-0.014274,0.000530,-0.018342,0.172980,-0.446637,
1624924368.000000,898903847.000000,0.114478,-0.041718,-0.001188,0.006127,0.034533,-0.191284,0.980908,0.158441,-0.011819,-0.002844,-0.036436,0.105478,-0.442275,
1624924368.000000,903906822.000000,0.115196,-0.042068,-0.001254,0.006047,0.034661,-0.192374,0.980691,0.160795,-0.009350,-0.005538,-0.001440,-0.010441,-0.449742,
1624924368.000000,908909798.000000,0.115830,-0.042454,-0.001254,0.006040,0.034650,-0.193508,0.980468,0.154304,-0.015764,0.000423,0.013879,0.047270,-0.478456,
1624924368.000000,913913488.000000,0.116498,-0.042816,-0.001310,0.006030,0.034848,-0.194696,0.980226,0.152927,-0.016248,-0.000053,-0.020392,0.062330,-0.480817,
1624924368.000000,918916464.000000,0.116227,-0.043550,-0.002084,0.005882,0.034525,-0.195825,0.980013,0.140493,-0.027713,0.002910,-0.035447,0.031951,-0.451946,
1624924368.000000,923919678.000000,0.116814,-0.043941,-0.002070,0.005787,0.034592,-0.196908,0.979795,0.138824,-0.027745,0.009142,-0.017237,-0.007839,-0.439065,
1624924368.000000,928922653.000000,0.117402,-0.044339,-0.002062,0.005787,0.034636,-0.197999,0.979573,0.138286,-0.028154,0.012851,0.056080,0.098167,-0.455066,
1624924368.000000,933925629.000000,0.117989,-0.044742,-0.002031,0.006025,0.034924,-0.199129,0.979332,0.137940,-0.028547,0.017052,0.098092,0.096745,-0.455230,
1624924368.000000,938928604.000000,0.118520,-0.045160,-0.001860,0.006268,0.035012,-0.200239,0.979101,0.130097,-0.033731,0.037800,0.118997,0.054895,-0.448674,
1624924369.000000,23982763.000000,0.128818,-0.051814,-0.002263,0.006235,0.034667,-0.218590,0.975181,0.150528,-0.020566,0.006351,-0.010645,0.108481,-0.447676,
1624924369.000000,28985500.000000,0.129456,-0.052231,-0.002285,0.006267,0.034950,-0.219658,0.974931,0.151424,-0.021132,0.006195,0.036861,0.119070,-0.434818,
1624924369.000000,33988476.000000,0.129938,-0.052658,-0.001979,0.006480,0.035209,-0.220722,0.974679,0.135605,-0.029028,0.038559,0.105429,0.119103,-0.433827,
1624924369.000000,38991690.000000,0.130489,-0.053090,-0.001816,0.006775,0.035376,-0.221794,0.974428,0.131734,-0.031780,0.047829,0.117145,0.045193,-0.440183,
1624924369.000000,43994665.000000,0.131022,-0.053530,-0.001596,0.006984,0.035306,-0.222870,0.974184,0.128133,-0.034538,0.057655,0.084081,-0.054737,-0.428595,
1624924369.000000,48997641.000000,0.131529,-0.053907,-0.001525,0.007038,0.035083,-0.223914,0.973952,0.121198,-0.028553,0.039721,0.025452,-0.100327,-0.432620,
1624924369.000000,54001808.000000,0.131598,-0.054366,-0.002430,0.007056,0.034823,-0.224898,0.973734,0.104743,-0.027602,0.016709,0.007124,-0.138172,-0.425431,
1624924369.000000,59004545.000000,0.131998,-0.054713,-0.002391,0.006973,0.034380,-0.225910,0.973516,0.098733,-0.026991,0.013838,0.043433,-0.232387,-0.403978,
1624924369.000000,64007521.000000,0.132514,-0.055112,-0.002378,0.006912,0.033736,-0.226894,0.973310,0.109710,-0.025958,0.010823,0.037356,-0.253067,-0.400767,
1624924369.000000,69010735.000000,0.132951,-0.055470,-0.002365,0.006827,0.033217,-0.227896,0.973095,0.109248,-0.025211,0.008612,0.031624,-0.153278,-0.422054,
1624924369.000000,114038706.000000,0.138707,-0.058907,-0.001948,0.007023,0.034751,-0.237512,0.970737,0.141110,-0.012841,0.007395,-0.029554,-0.062576,-0.442416,
1624924369.000000,119041681.000000,0.139853,-0.059542,-0.003413,0.006724,0.034326,-0.238573,0.970495,0.142654,-0.015206,-0.010364,-0.044168,0.051010,-0.449731,
1624924369.000000,124045849.000000,0.140434,-0.059981,-0.003390,0.006711,0.034647,-0.239678,0.970211,0.142346,-0.020144,0.005042,-0.002089,0.114038,-0.456375,
1624924369.000000,129048824.000000,0.141016,-0.060406,-0.003396,0.006771,0.034809,-0.240773,0.969934,0.141935,-0.021727,0.011108,0.061538,0.061442,-0.446660,
1624924369.000000,134051800.000000,0.141591,-0.060838,-0.003361,0.006953,0.034904,-0.241867,0.969656,0.141265,-0.023309,0.017920,0.069515,0.029392,-0.455139,
1624924369.000000,139054775.000000,0.142162,-0.061278,-0.003295,0.007100,0.034992,-0.242990,0.969371,0.140635,-0.024882,0.024598,0.080594,0.121581,-0.463766,
1624924369.000000,144057512.000000,0.142634,-0.061679,-0.003214,0.007361,0.035260,-0.244094,0.969083,0.127750,-0.026757,0.028446,0.085376,0.054661,-0.432953,
1624924369.000000,149060488.000000,0.142825,-0.062239,-0.002564,0.007701,0.035352,-0.245124,0.968816,0.116131,-0.031624,0.048031,0.061766,-0.069696,-0.408220,
1624924369.000000,154063702.000000,0.143264,-0.062661,-0.002349,0.007710,0.035078,-0.246112,0.968576,0.111475,-0.033419,0.053850,0.025588,-0.144479,-0.400886,
1624924369.000000,159067631.000000,0.143719,-0.063004,-0.002420,0.007624,0.034664,-0.247095,0.968341,0.108558,-0.026046,0.026501,0.033850,-0.177594,-0.413567,
1624924369.000000,204095602.000000,0.148814,-0.066688,-0.002160,0.007586,0.034524,-0.256361,0.965935,0.155606,-0.010761,0.009612,-0.004198,0.091579,-0.438172,
1624924369.000000,209098577.000000,0.149467,-0.067120,-0.002171,0.007568,0.034683,-0.257427,0.965645,0.156459,-0.009363,0.008190,-0.009580,0.044716,-0.454002,
1624924369.000000,214101791.000000,0.150127,-0.067550,-0.002189,0.007520,0.034810,-0.258540,0.965344,0.157447,-0.007945,0.006850,-0.024413,0.047018,-0.460629,
1624924369.000000,219104767.000000,0.150469,-0.067789,-0.003058,0.007410,0.034603,-0.259621,0.965062,0.142822,-0.012049,0.002847,-0.011760,-0.065808,-0.447740,
1624924369.000000,224107742.000000,0.151056,-0.068202,-0.003097,0.007283,0.034433,-0.260707,0.964776,0.142814,-0.012468,0.003177,-0.033782,-0.025938,-0.457245,
1624924369.000000,229110718.000000,0.151642,-0.068618,-0.003148,0.007207,0.034572,-0.261822,0.964470,0.142825,-0.012872,0.002659,0.011339,0.085636,-0.463801,
1624924369.000000,234114647.000000,0.152192,-0.069068,-0.003026,0.007398,0.034835,-0.262935,0.964156,0.139516,-0.019667,0.025887,0.102474,0.177075,-0.457324,
1624924369.000000,239117861.000000,0.152744,-0.069517,-0.002918,0.007742,0.035205,-0.264040,0.963838,0.138072,-0.022631,0.035310,0.098314,0.127265,-0.454129,
1624924369.000000,244120836.000000,0.153285,-0.069978,-0.002766,0.007955,0.035377,-0.265133,0.963530,0.136682,-0.025599,0.044685,0.069197,0.099340,-0.446703,
1624924369.000000,249123812.000000,0.153951,-0.070766,-0.002193,0.008202,0.035639,-0.266174,0.963231,0.132618,-0.033972,0.084807,0.065090,-0.011725,-0.426444,
1624924369.000000,294151545.000000,0.158667,-0.074421,-0.002680,0.007922,0.033481,-0.275264,0.960753,0.155689,-0.011037,0.015183,0.011837,0.106258,-0.430702,
1624924369.000000,299155712.000000,0.159265,-0.074841,-0.002705,0.008002,0.033831,-0.276319,0.960437,0.154599,-0.008118,0.009445,-0.000891,0.200232,-0.446790,
1624924369.000000,304158688.000000,0.159909,-0.075287,-0.002716,0.008096,0.034347,-0.277391,0.960109,0.158071,-0.006118,0.007548,-0.004205,0.170458,-0.446813,
1624924369.000000,309161663.000000,0.160570,-0.075735,-0.002739,0.008123,0.034605,-0.278460,0.959790,0.161522,-0.004105,0.005540,-0.004091,0.044654,-0.448853,
1624924369.000000,314164877.000000,0.161167,-0.076160,-0.002742,0.008072,0.034677,-0.279543,0.959473,0.152858,-0.005452,0.007116,-0.022193,0.024338,-0.452115,
1624924369.000000,319167614.000000,0.161018,-0.076902,-0.003662,0.007987,0.034445,-0.280606,0.959172,0.142894,-0.013271,-0.005703,-0.025495,0.034412,-0.454243,
1624924369.000000,324170589.000000,0.161579,-0.077339,-0.003743,0.007907,0.034497,-0.281689,0.958853,0.141833,-0.012654,-0.006703,-0.017907,-0.015515,-0.446847,
1624924369.000000,329173803.000000,0.162117,-0.077851,-0.003614,0.007819,0.034462,-0.282745,0.958544,0.142118,-0.020930,0.016830,-0.009443,-0.007409,-0.437185,
1624924369.000000,334177732.000000,0.162662,-0.078335,-0.003552,0.007845,0.034521,-0.283812,0.958226,0.141919,-0.023233,0.024835,0.064882,0.062758,-0.458412,
1624924369.000000,339180946.000000,0.163203,-0.078832,-0.003444,0.008102,0.034685,-0.284936,0.957885,0.141915,-0.025505,0.033320,0.104866,0.117947,-0.463986,
1624924369.000000,434239626.000000,0.172705,-0.087404,-0.003836,0.008258,0.034163,-0.304673,0.951808,0.133315,-0.012997,0.008192,0.041644,-0.015943,-0.441536,
1624924369.000000,439242601.000000,0.173213,-0.087904,-0.003681,0.008425,0.034219,-0.305753,0.951458,0.135180,-0.019987,0.032245,0.094091,0.117549,-0.464988,
1624924369.000000,444246769.000000,0.173708,-0.088391,-0.003541,0.008755,0.034556,-0.306875,0.951082,0.134239,-0.023004,0.042572,0.102555,0.195461,-0.464106,
1624924369.000000,449249744.000000,0.174141,-0.089253,-0.003443,0.009134,0.034942,-0.307923,0.950726,0.140213,-0.033130,0.065894,0.075924,0.104360,-0.430988,
1624924369.000000,454252720.000000,0.174516,-0.089591,-0.003501,0.009268,0.034976,-0.308917,0.950401,0.118025,-0.022429,0.034118,0.051290,-0.041185,-0.404269,
1624924369.000000,459255934.000000,0.174925,-0.090023,-0.003384,0.009244,0.034698,-0.309870,0.950101,0.110960,-0.021004,0.030863,0.023732,-0.174575,-0.394709,
1624924369.000000,464258671.000000,0.175304,-0.090425,-0.003288,0.009084,0.034159,-0.310817,0.949812,0.103653,-0.019616,0.027048,0.028812,-0.260559,-0.398962,
1624924369.000000,469261646.000000,0.175752,-0.090904,-0.003181,0.008908,0.033487,-0.311783,0.949521,0.115344,-0.021981,0.028768,0.017485,-0.289052,-0.406476,
1624924369.000000,474265575.000000,0.176157,-0.091340,-0.003088,0.008722,0.032848,-0.312767,0.949222,0.115713,-0.022083,0.028190,0.053140,-0.218337,-0.417076,
1624924369.000000,479268551.000000,0.176564,-0.091778,-0.002994,0.008734,0.032476,-0.313791,0.948896,0.116003,-0.022168,0.028231,0.047531,-0.048681,-0.440511,
1624924369.000000,519293785.000000,0.180709,-0.095767,-0.004697,0.008965,0.033758,-0.322072,0.946070,0.150384,-0.001795,-0.014824,0.014188,0.041072,-0.450192,
1624924369.000000,524296522.000000,0.181301,-0.096228,-0.004822,0.008950,0.033812,-0.323136,0.945706,0.152735,0.000549,-0.016958,-0.022921,-0.029097,-0.451190,
1624924369.000000,529299736.000000,0.181908,-0.096688,-0.004959,0.008780,0.033756,-0.324202,0.945345,0.155074,0.002909,-0.019146,-0.042545,-0.004762,-0.450183,
1624924369.000000,534302711.000000,0.182215,-0.097268,-0.004504,0.008739,0.033878,-0.325260,0.944977,0.142412,-0.015108,0.020192,0.022495,0.066159,-0.448004,
1624924369.000000,539305687.000000,0.182726,-0.097769,-0.004454,0.008879,0.033983,-0.326317,0.944608,0.141454,-0.017075,0.025643,0.075015,0.042657,-0.440602,
1624924369.000000,544309855.000000,0.183223,-0.098274,-0.004355,0.009078,0.034050,-0.327372,0.944238,0.140081,-0.019046,0.032071,0.086591,0.088748,-0.456424,
1624924369.000000,549312830.000000,0.183373,-0.099149,-0.004007,0.009383,0.034286,-0.328454,0.943851,0.126380,-0.027469,0.043062,0.098325,0.141292,-0.462039,
1624924369.000000,554315567.000000,0.183785,-0.099655,-0.003826,0.009641,0.034461,-0.329518,0.943471,0.122816,-0.029079,0.048046,0.069795,0.032336,-0.431082,
1624924369.000000,559318781.000000,0.184179,-0.100159,-0.003617,0.009681,0.034331,-0.330500,0.943132,0.119297,-0.030734,0.052956,0.032224,-0.101772,-0.400093,
1624924369.000000,564321756.000000,0.184554,-0.100558,-0.003620,0.009561,0.033956,-0.331438,0.942817,0.110401,-0.023175,0.030243,0.000433,-0.219013,-0.396858,
1624924369.000000,609349489.000000,0.188931,-0.105104,-0.004421,0.009516,0.033100,-0.340412,0.939645,0.155077,-0.006647,-0.007745,0.001801,-0.003864,-0.442650,
1624924369.000000,614353657.000000,0.189465,-0.105618,-0.004441,0.009435,0.033127,-0.341477,0.939259,0.152825,-0.007221,-0.001330,-0.026380,0.037755,-0.461937,
1624924369.000000,619356632.000000,0.189961,-0.106050,-0.004906,0.009446,0.033248,-0.342548,0.938864,0.150494,-0.007278,-0.004689,-0.026224,0.114527,-0.470434,
1624924369.000000,624359608.000000,0.190517,-0.106563,-0.004985,0.009433,0.033527,-0.343633,0.938458,0.152517,-0.006072,-0.005944,-0.030419,0.059908,-0.451336,
1624924369.000000,629362822.000000,0.190998,-0.107083,-0.004966,0.009346,0.033577,-0.344665,0.938078,0.147269,-0.011079,0.003023,-0.008223,-0.025563,-0.436240,
1624924369.000000,634365797.000000,0.191522,-0.107605,-0.004998,0.009314,0.033515,-0.345700,0.937700,0.147092,-0.011786,0.004613,0.029222,-0.012818,-0.446943,
1624924369.000000,639368534.000000,0.192041,-0.108129,-0.005021,0.009389,0.033526,-0.346771,0.937303,0.146834,-0.012483,0.006398,0.053703,0.046676,-0.464026,
1624924369.000000,644371748.000000,0.192530,-0.108672,-0.004905,0.009545,0.033647,-0.347865,0.936892,0.144216,-0.017468,0.026555,0.056951,0.081779,-0.460907,
1624924369.000000,649375677.000000,0.192518,-0.109630,-0.004819,0.009784,0.033742,-0.348881,0.936508,0.137383,-0.030094,0.044618,0.088673,0.123948,-0.449094,
1624924369.000000,654378653.000000,0.192946,-0.110205,-0.004617,0.010097,0.034000,-0.349931,0.936104,0.136209,-0.032519,0.053616,0.090114,0.149621,-0.443776,
1624924369.000000,699406385.000000,0.196489,-0.114630,-0.004481,0.009986,0.032428,-0.358966,0.932734,0.146404,-0.013971,0.012560,0.041006,0.039303,-0.428989,
1624924369.000000,704409599.000000,0.196982,-0.115134,-0.004509,0.010052,0.032536,-0.359969,0.932343,0.145109,-0.009296,0.006346,-0.003620,0.092885,-0.439385,
1624924369.000000,709412575.000000,0.197498,-0.115657,-0.004535,0.010057,0.032827,-0.361005,0.931932,0.147353,-0.006579,0.003930,-0.033739,0.085445,-0.443918,
1624924369.000000,714416742.000000,0.198028,-0.116177,-0.004572,0.009994,0.032975,-0.362028,0.931530,0.149543,-0.003856,0.001259,-0.022968,0.025312,-0.442645,
1624924369.000000,719419718.000000,0.198767,-0.116838,-0.005432,0.010110,0.033076,-0.363058,0.931125,0.152051,-0.000505,-0.017260,0.005862,-0.003054,-0.461816,
1624924369.000000,724422693.000000,0.199222,-0.117387,-0.005433,0.010118,0.033149,-0.364155,0.930693,0.148245,-0.007621,-0.006805,0.003846,0.094967,-0.476848,
1624924369.000000,729425669.000000,0.199737,-0.117916,-0.005513,0.010175,0.033437,-0.365252,0.930252,0.148473,-0.007746,-0.006158,-0.009104,0.076189,-0.463012,
1624924369.000000,734428644.000000,0.200251,-0.118449,-0.005593,0.010131,0.033528,-0.366299,0.929838,0.148802,-0.007883,-0.005605,-0.020740,0.013441,-0.440551,
1624924369.000000,739431620.000000,0.200728,-0.118985,-0.005557,0.010092,0.033589,-0.367321,0.929433,0.144008,-0.011804,0.010159,0.021594,0.016116,-0.446858,
1624924369.000000,744434595.000000,0.201209,-0.119524,-0.005539,0.010223,0.033639,-0.368385,0.929008,0.142190,-0.013458,0.016431,0.086881,0.086647,-0.461919,
1624924369.000000,789457083.000000,0.204346,-0.124920,-0.004581,0.010362,0.031699,-0.377332,0.925478,0.137306,-0.017643,0.020747,0.034777,0.018813,-0.428669,
1624924369.000000,794460297.000000,0.204794,-0.125477,-0.004524,0.010465,0.031862,-0.378354,0.925053,0.143194,-0.016259,0.020724,0.020805,0.128350,-0.450186,
1624924369.000000,799463034.000000,0.205236,-0.126003,-0.004497,0.010616,0.032225,-0.379390,0.924615,0.142258,-0.013026,0.016133,0.013295,0.176082,-0.442736,
1624924369.000000,804466009.000000,0.205708,-0.126554,-0.004471,0.010755,0.032558,-0.380388,0.924191,0.145368,-0.010889,0.014295,0.019699,0.085253,-0.423490,
1624924369.000000,809468985.000000,0.206198,-0.127109,-0.004456,0.010802,0.032674,-0.381369,0.923782,0.148250,-0.008749,0.012605,-0.000383,0.058813,-0.434028,
1624924369.000000,814472914.000000,0.206643,-0.127635,-0.004427,0.010791,0.032852,-0.382392,0.923353,0.141752,-0.009519,0.013348,-0.026143,0.044971,-0.449126,
1624924369.000000,819476128.000000,0.206948,-0.128341,-0.005139,0.010803,0.032968,-0.383433,0.922917,0.140217,-0.011452,-0.001104,-0.018742,-0.022148,-0.458607,
1624924369.000000,824479103.000000,0.207401,-0.128876,-0.005195,0.010693,0.032927,-0.384492,0.922479,0.139957,-0.010479,-0.002873,-0.029100,-0.022395,-0.457577,
1624924369.000000,829481840.000000,0.207855,-0.129407,-0.005262,0.010573,0.032963,-0.385542,0.922041,0.139684,-0.009507,-0.004724,-0.026252,0.009707,-0.457503,
1624924369.000000,834485054.000000,0.208278,-0.130004,-0.005199,0.010560,0.033076,-0.386590,0.921598,0.141220,-0.015666,0.007364,0.014385,0.088836,-0.448015,
1624924369.000000,929544926.000000,0.216277,-0.141141,-0.005176,0.011242,0.032767,-0.405506,0.913436,0.138087,-0.008131,0.002938,-0.014179,-0.052385,-0.444627,
1624924369.000000,934547901.000000,0.216708,-0.141679,-0.005209,0.011127,0.032764,-0.406533,0.912981,0.136815,-0.007901,0.002945,-0.036702,0.015974,-0.453299,
1624924369.000000,939551115.000000,0.217128,-0.142268,-0.005090,0.011098,0.032898,-0.407568,0.912515,0.139326,-0.013776,0.023278,0.026890,0.072165,-0.455402,
1624924369.000000,944553852.000000,0.217544,-0.142843,-0.005000,0.011286,0.033041,-0.408606,0.912043,0.139468,-0.015973,0.030669,0.073331,0.088125,-0.450098,
1624924369.000000,949556828.000000,0.218052,-0.143697,-0.004796,0.011462,0.032992,-0.409626,0.911585,0.144507,-0.022086,0.052973,0.044327,0.036487,-0.440536,
1624924369.000000,954560995.000000,0.218451,-0.144321,-0.004581,0.011590,0.033054,-0.410641,0.911124,0.144262,-0.024301,0.060759,0.079084,0.095895,-0.455297,
1624924369.000000,959563971.000000,0.218759,-0.144793,-0.004493,0.011882,0.033213,-0.411683,0.910644,0.128147,-0.021949,0.050904,0.088247,0.046652,-0.438587,
1624924369.000000,964567184.000000,0.219102,-0.145352,-0.004273,0.011997,0.033094,-0.412650,0.910209,0.124029,-0.022874,0.054835,0.074973,-0.061726,-0.412684,
1624924369.000000,969570160.000000,0.219429,-0.145901,-0.004030,0.012026,0.032845,-0.413597,0.909788,0.119679,-0.023823,0.058956,0.043380,-0.118308,-0.413858,
1624924369.000000,974572897.000000,0.219769,-0.146414,-0.003883,0.011918,0.032514,-0.414548,0.909368,0.116899,-0.019073,0.046134,0.032293,-0.139888,-0.414951,
1624924370.000000,14598131.000000,0.222430,-0.151580,-0.004892,0.012124,0.032446,-0.422401,0.905747,0.164674,-0.011632,0.001357,-0.005730,0.117986,-0.423571,
1624924370.000000,19602299.000000,0.222821,-0.152145,-0.004927,0.012125,0.032612,-0.423352,0.905297,0.152466,-0.010711,0.000512,-0.022724,0.024235,-0.434975,
1624924370.000000,24605274.000000,0.223266,-0.152757,-0.004979,0.012019,0.032650,-0.424368,0.904821,0.151462,-0.009107,-0.001027,-0.032382,-0.033705,-0.455563,
1624924370.000000,29608011.000000,0.223713,-0.153361,-0.005044,0.011878,0.032598,-0.425406,0.904338,0.150589,-0.007494,-0.002968,-0.015365,-0.026647,-0.467089,
1624924370.000000,34610748.000000,0.224136,-0.154001,-0.005054,0.011765,0.032545,-0.426461,0.903844,0.151717,-0.012732,0.004410,-0.027895,-0.078831,-0.456635,
1624924370.000000,39613962.000000,0.224566,-0.154629,-0.005081,0.011590,0.032430,-0.427482,0.903368,0.152128,-0.013862,0.006873,-0.010227,0.002413,-0.458475,
1624924370.000000,44616938.000000,0.224994,-0.155266,-0.005093,0.011718,0.032621,-0.428533,0.902861,0.152593,-0.014977,0.009064,0.075154,0.155167,-0.465118,
1624924370.000000,49619913.000000,0.225288,-0.156575,-0.005279,0.012026,0.032642,-0.429566,0.902365,0.146011,-0.027283,0.026520,0.073505,0.100296,-0.457550,
1624924370.000000,54624081.000000,0.225639,-0.157234,-0.005156,0.012177,0.032737,-0.430583,0.901875,0.143976,-0.029282,0.034759,0.048357,0.053692,-0.439461,
1624924370.000000,59627056.000000,0.225971,-0.157886,-0.005014,0.012340,0.032822,-0.431574,0.901396,0.141499,-0.031295,0.041786,0.071988,0.053277,-0.445697,
1624924370.000000,104655027.000000,0.229419,-0.163398,-0.004791,0.012149,0.031217,-0.440276,0.897238,0.146247,-0.015793,0.019746,0.030510,0.098504,-0.435130,
1624924370.000000,109658241.000000,0.229814,-0.164032,-0.004730,0.012306,0.031480,-0.441257,0.896744,0.150395,-0.014556,0.019294,0.009356,0.139015,-0.444660,
1624924370.000000,114661217.000000,0.230712,-0.164883,-0.005484,0.012554,0.031987,-0.442273,0.896222,0.161261,-0.006888,-0.001261,-0.009970,0.144140,-0.452188,
1624924370.000000,119664907.000000,0.231179,-0.165543,-0.005553,0.012614,0.032267,-0.443276,0.895715,0.163141,-0.004946,-0.004217,-0.015229,0.057546,-0.443680,
1624924370.000000,124668121.000000,0.231658,-0.166205,-0.005638,0.012552,0.032325,-0.444266,0.895224,0.164991,-0.003001,-0.007256,-0.019486,-0.014032,-0.446756,
1624924370.000000,129671097.000000,0.232066,-0.166827,-0.005657,0.012450,0.032334,-0.445282,0.894720,0.157097,-0.005484,-0.001905,-0.025864,-0.006416,-0.461755,
1624924370.000000,134674072.000000,0.232513,-0.167464,-0.005720,0.012348,0.032369,-0.446310,0.894208,0.155501,-0.004976,-0.002114,-0.024849,-0.009384,-0.452252,
1624924370.000000,139677286.000000,0.232955,-0.168093,-0.005783,0.012236,0.032362,-0.447305,0.893712,0.153890,-0.004487,-0.002325,-0.024778,-0.032804,-0.444625,
1624924370.000000,144680023.000000,0.233383,-0.168782,-0.005670,0.012219,0.032382,-0.448307,0.893209,0.156949,-0.011056,0.021394,0.062154,0.085256,-0.452159,
1624924370.000000,149682760.000000,0.232901,-0.169334,-0.006027,0.012440,0.032231,-0.449324,0.892701,0.154841,-0.023743,0.036884,0.075831,0.140505,-0.469197,
1624924370.000000,194712162.000000,0.235897,-0.174697,-0.006696,0.012360,0.030521,-0.458053,0.888315,0.140217,-0.012457,-0.001055,0.013670,0.015749,-0.442506,
1624924370.000000,199715137.000000,0.236260,-0.175310,-0.006747,0.012380,0.030664,-0.459031,0.887805,0.145625,-0.011017,-0.002831,-0.011190,0.076535,-0.434131,
1624924370.000000,204718113.000000,0.236643,-0.175941,-0.006821,0.012446,0.030840,-0.459983,0.887305,0.150982,-0.009560,-0.005452,0.032476,0.071042,-0.430771,
1624924370.000000,209721088.000000,0.237024,-0.176554,-0.006901,0.012590,0.030935,-0.460951,0.886797,0.150071,-0.007678,-0.007088,0.046718,0.050859,-0.439386,
1624924370.000000,214724064.000000,0.237602,-0.177699,-0.006315,0.012871,0.031348,-0.461958,0.886254,0.161883,-0.007304,0.009954,-0.007697,0.095041,-0.461699,
1624924370.000000,219727039.000000,0.238046,-0.178392,-0.006324,0.012912,0.031660,-0.462986,0.885706,0.165450,-0.005593,0.009984,-0.035630,0.132471,-0.465016,
1624924370.000000,224731207.000000,0.238462,-0.179031,-0.006417,0.012956,0.031996,-0.464000,0.885162,0.161303,-0.003608,0.000490,-0.023790,0.119667,-0.458496,
1624924370.000000,229734182.000000,0.238909,-0.179702,-0.006477,0.012975,0.032205,-0.465002,0.884629,0.162198,-0.001819,-0.002389,-0.009885,0.016104,-0.446858,
1624924370.000000,234737158.000000,0.239361,-0.180370,-0.006552,0.012911,0.032193,-0.465992,0.884109,0.162820,-0.000034,-0.005296,-0.000319,-0.005952,-0.456279,
1624924370.000000,239740133.000000,0.239758,-0.181034,-0.006537,0.012865,0.032207,-0.467016,0.883568,0.157349,-0.005631,0.006361,-0.011945,-0.026152,-0.463951,
1624924370.000000,329797029.000000,0.248411,-0.194515,-0.008912,0.013447,0.031809,-0.484563,0.874074,0.175878,0.009432,-0.003260,-0.017500,0.057948,-0.468184,
1624924370.000000,334800005.000000,0.248879,-0.195214,-0.008991,0.013420,0.031909,-0.485566,0.873514,0.171670,0.007784,-0.004469,-0.013027,-0.000185,-0.453169,
1624924370.000000,339803219.000000,0.249363,-0.195919,-0.009076,0.013312,0.031907,-0.486551,0.872968,0.170835,0.008100,-0.005693,-0.034343,-0.026924,-0.452097,
1624924370.000000,344806194.000000,0.249843,-0.196620,-0.009171,0.013183,0.031905,-0.487534,0.872421,0.170054,0.008414,-0.007382,-0.008004,-0.022489,-0.446850,
1624924370.000000,349809170.000000,0.249840,-0.197147,-0.009426,0.013129,0.031610,-0.488570,0.871853,0.158366,-0.007801,0.038047,0.072001,0.007057,-0.457465,
1624924370.000000,354812145.000000,0.250220,-0.197855,-0.009260,0.013399,0.031663,-0.489596,0.871271,0.157843,-0.010355,0.050318,0.114835,0.174991,-0.477807,
1624924370.000000,359815836.000000,0.250591,-0.198574,-0.009028,0.013885,0.032063,-0.490633,0.870665,0.157353,-0.012889,0.062911,0.090288,0.239851,-0.465118,
1624924370.000000,364818811.000000,0.250940,-0.199106,-0.009055,0.014219,0.032362,-0.491602,0.870102,0.140054,-0.004858,0.038705,0.061312,0.080482,-0.422424,
1624924370.000000,369822025.000000,0.251283,-0.199718,-0.008910,0.014259,0.032231,-0.492496,0.869601,0.134537,-0.004077,0.039110,0.046501,-0.160150,-0.402042,
1624924370.000000,374825001.000000,0.251611,-0.200300,-0.008757,0.014000,0.031673,-0.493397,0.869114,0.128507,-0.003328,0.039544,0.018845,-0.291047,-0.422315,
1624924370.000000,434863091.000000,0.255219,-0.207067,-0.011308,0.013861,0.031728,-0.505105,0.862363,0.152911,0.010027,-0.023101,-0.023873,0.033790,-0.463021,
1624924370.000000,439866304.000000,0.255630,-0.207697,-0.011475,0.013756,0.031747,-0.506082,0.861791,0.151913,0.010872,-0.023453,-0.029088,-0.033669,-0.451157,
1624924370.000000,444869041.000000,0.255994,-0.208328,-0.011518,0.013649,0.031739,-0.507063,0.861216,0.146981,0.005355,-0.006854,0.002620,-0.001669,-0.461875,
1624924370.000000,449872017.000000,0.255929,-0.209296,-0.011848,0.013574,0.031362,-0.508147,0.860592,0.147522,-0.008821,0.004767,0.081524,0.006109,-0.462128,
1624924370.000000,454875231.000000,0.256239,-0.209960,-0.011850,0.013785,0.031261,-0.509153,0.859998,0.145571,-0.010554,0.011241,0.123322,0.029984,-0.470515,
1624924370.000000,459879160.000000,0.256520,-0.210591,-0.011807,0.014102,0.031331,-0.510184,0.859379,0.139564,-0.012216,0.019704,0.086021,0.172920,-0.478107,
1624924370.000000,464882135.000000,0.256796,-0.211233,-0.011739,0.014439,0.031670,-0.511185,0.858766,0.136112,-0.013952,0.027061,0.047388,0.138139,-0.448327,
1624924370.000000,469885111.000000,0.257056,-0.211868,-0.011634,0.014535,0.031681,-0.512093,0.858223,0.132989,-0.015728,0.033865,0.048508,-0.094663,-0.392854,
1624924370.000000,474887848.000000,0.257332,-0.212415,-0.011703,0.014342,0.031210,-0.512930,0.857743,0.123399,-0.007986,0.010543,0.029525,-0.290916,-0.394707,
1624924370.000000,479890823.000000,0.257587,-0.212963,-0.011704,0.013943,0.030504,-0.513826,0.857239,0.117325,-0.006002,0.005683,0.026058,-0.316645,-0.421682,
1624924370.000000,519916058.000000,0.260199,-0.219180,-0.012698,0.014262,0.030903,-0.521521,0.852560,0.162727,0.000373,-0.013294,-0.013344,0.048299,-0.447310,
1624924370.000000,524920225.000000,0.260569,-0.219896,-0.012819,0.014226,0.030966,-0.522489,0.851965,0.162432,0.001543,-0.013121,-0.007912,0.005373,-0.460188,
1624924370.000000,529922962.000000,0.260940,-0.220607,-0.012937,0.014206,0.031059,-0.523487,0.851349,0.161976,0.002723,-0.012757,-0.015352,0.064857,-0.483534,
1624924370.000000,534925938.000000,0.261311,-0.221307,-0.013053,0.014234,0.031276,-0.524515,0.850707,0.161109,0.003905,-0.012367,-0.021810,0.078041,-0.474190,
1624924370.000000,539929152.000000,0.261662,-0.222034,-0.013153,0.014212,0.031422,-0.525488,0.850102,0.161849,0.001213,-0.010253,-0.022841,0.008980,-0.449436,
1624924370.000000,544932127.000000,0.262028,-0.222757,-0.013244,0.014156,0.031450,-0.526442,0.849511,0.162191,0.001092,-0.008618,0.014275,0.016970,-0.452649,
1624924370.000000,549935102.000000,0.261740,-0.222885,-0.013317,0.014073,0.031077,-0.527448,0.848902,0.145812,-0.005226,-0.010244,0.062390,0.038763,-0.457111,
1624924370.000000,554938316.000000,0.261954,-0.223565,-0.013053,0.014293,0.031092,-0.528426,0.848290,0.140099,-0.014186,0.027347,0.114472,0.086992,-0.463384,
1624924370.000000,559942007.000000,0.262193,-0.224229,-0.012936,0.014654,0.031165,-0.529412,0.847666,0.137061,-0.017019,0.038624,0.112644,0.090822,-0.452896,
1624924370.000000,564944983.000000,0.262414,-0.224890,-0.012757,0.014884,0.031222,-0.530353,0.847071,0.134097,-0.019873,0.050631,0.044307,0.058521,-0.435688,
1624924370.000000,609972954.000000,0.264201,-0.230324,-0.013154,0.014078,0.029870,-0.538602,0.841913,0.150452,-0.003181,-0.009048,0.005581,0.124976,-0.441160,
1624924370.000000,614976168.000000,0.264199,-0.231303,-0.012977,0.014438,0.030271,-0.539576,0.841269,0.152773,-0.004881,-0.010238,-0.001490,0.105233,-0.445544,
1624924370.000000,619978905.000000,0.264498,-0.232004,-0.013077,0.014507,0.030496,-0.540512,0.840659,0.153627,-0.002752,-0.012181,-0.010288,0.087035,-0.449754,
1624924370.000000,624983072.000000,0.264807,-0.232705,-0.013193,0.014527,0.030635,-0.541460,0.840042,0.154464,-0.000612,-0.014374,-0.009059,-0.005717,-0.454053,
1624924370.000000,629986048.000000,0.265092,-0.233419,-0.013281,0.014420,0.030602,-0.542430,0.839420,0.154313,-0.003687,-0.010746,-0.018681,-0.012011,-0.474198,
1624924370.000000,634989023.000000,0.265390,-0.234129,-0.013388,0.014380,0.030709,-0.543435,0.838766,0.154474,-0.003616,-0.010633,-0.018739,0.059747,-0.477598,
1624924370.000000,639991999.000000,0.265687,-0.234838,-0.013493,0.014426,0.030931,-0.544419,0.838119,0.154640,-0.003552,-0.010447,-0.017596,0.118824,-0.467841,
1624924370.000000,644995213.000000,0.265938,-0.235527,-0.013432,0.014549,0.031201,-0.545372,0.837487,0.147654,-0.008215,0.013318,0.025854,0.092818,-0.439230,
1624924370.000000,649997950.000000,0.265311,-0.235890,-0.013587,0.014527,0.030868,-0.546292,0.836900,0.145330,-0.013082,-0.010475,0.067616,0.091076,-0.441154,
1624924370.000000,655000925.000000,0.265541,-0.236580,-0.013691,0.014763,0.030946,-0.547235,0.836276,0.145749,-0.013074,-0.010579,0.087694,0.046151,-0.451017,
1624924370.000000,700030088.000000,0.267129,-0.241276,-0.012963,0.013915,0.028724,-0.555326,0.831020,0.126199,-0.006249,0.009138,0.023909,0.048984,-0.432814,
1624924370.000000,705032825.000000,0.267351,-0.241887,-0.012958,0.014067,0.028926,-0.556247,0.830394,0.132114,-0.005181,0.009424,0.017405,0.162171,-0.453194,
1624924370.000000,710035801.000000,0.267585,-0.242481,-0.013014,0.014327,0.029314,-0.557181,0.829750,0.133382,-0.002017,0.000727,0.009996,0.187026,-0.444724,
1624924370.000000,715039015.000000,0.267662,-0.243100,-0.012082,0.014670,0.029852,-0.558120,0.829093,0.138041,-0.001052,0.003683,-0.003870,0.048125,-0.437168,
1624924370.000000,720041990.000000,0.267924,-0.243748,-0.012118,0.014631,0.029916,-0.559041,0.828471,0.141827,0.000901,0.000348,-0.020946,0.043653,-0.455318,
1624924370.000000,725045919.000000,0.268139,-0.244347,-0.012073,0.014639,0.030121,-0.560005,0.827812,0.135673,-0.000986,0.007680,-0.033727,0.062027,-0.478802,
1624924370.000000,730049133.000000,0.268388,-0.244978,-0.012069,0.014612,0.030222,-0.560995,0.827138,0.135791,-0.000278,0.008810,0.021394,0.006261,-0.472517,
1624924370.000000,735051870.000000,0.268639,-0.245609,-0.012043,0.014639,0.030230,-0.561964,0.826479,0.135872,0.000422,0.011135,-0.016099,0.031576,-0.470169,
1624924370.000000,740054846.000000,0.268881,-0.246254,-0.011929,0.014617,0.030473,-0.562943,0.825804,0.136203,-0.001200,0.024670,-0.041657,0.134409,-0.482011,
1624924370.000000,745058060.000000,0.269128,-0.246899,-0.011837,0.014776,0.030834,-0.563921,0.825121,0.136358,-0.001422,0.030176,0.013184,0.147725,-0.463987,
1624924370.000000,795089960.000000,0.269273,-0.253319,-0.012447,0.014320,0.028495,-0.572885,0.819015,0.111295,-0.011594,0.002986,0.022618,-0.028232,-0.408614,
1624924370.000000,800093174.000000,0.269415,-0.253867,-0.012467,0.014314,0.028444,-0.573727,0.818427,0.113531,-0.010393,0.003574,0.016384,0.000041,-0.413929,
1624924370.000000,805095911.000000,0.269587,-0.254470,-0.012524,0.014355,0.028514,-0.574593,0.817816,0.123592,-0.008236,-0.001539,0.008780,0.081466,-0.435233,
1624924370.000000,810098886.000000,0.269764,-0.255073,-0.012576,0.014536,0.028787,-0.575494,0.817170,0.128793,-0.006600,-0.003273,0.012041,0.180212,-0.444929,
1624924370.000000,815102100.000000,0.269039,-0.255566,-0.011222,0.014996,0.029427,-0.576413,0.816491,0.142477,-0.010408,0.002646,-0.018767,0.162471,-0.440587,
1624924370.000000,820105076.000000,0.269188,-0.256145,-0.011189,0.015074,0.029671,-0.577306,0.815849,0.133526,-0.009148,0.006676,0.011617,0.022479,-0.440552,
1624924370.000000,825107813.000000,0.269369,-0.256792,-0.011210,0.015067,0.029655,-0.578226,0.815199,0.134943,-0.007587,0.004698,-0.013099,0.015235,-0.465000,
1624924370.000000,830111980.000000,0.269561,-0.257446,-0.011246,0.015048,0.029834,-0.579186,0.814510,0.136569,-0.005994,0.002495,-0.018299,0.080758,-0.472663,
1624924370.000000,835114956.000000,0.269738,-0.258085,-0.011293,0.015104,0.030007,-0.580125,0.813834,0.134574,-0.006511,0.000364,-0.016470,0.046869,-0.451250,
1624924370.000000,840117931.000000,0.269928,-0.258730,-0.011338,0.015034,0.030114,-0.581022,0.813191,0.134665,-0.005781,-0.000722,-0.039287,0.005187,-0.436277,
1624924370.000000,890150070.000000,0.271137,-0.264976,-0.010380,0.014761,0.028512,-0.589630,0.807035,0.091552,-0.012080,0.026687,0.034234,-0.099356,-0.393648,
1624924370.000000,895153046.000000,0.271224,-0.265435,-0.010281,0.014662,0.028281,-0.590441,0.806452,0.091276,-0.010816,0.024024,0.035287,-0.087886,-0.408553,
1624924370.000000,900156260.000000,0.271356,-0.265972,-0.010168,0.014620,0.028163,-0.591296,0.805830,0.103163,-0.007828,0.026828,0.015102,0.019878,-0.436303,
1624924370.000000,905159235.000000,0.271488,-0.266492,-0.010071,0.014696,0.028284,-0.592176,0.805178,0.107460,-0.005825,0.026654,0.011712,0.063102,-0.428994,
1624924370.000000,910162210.000000,0.271631,-0.267029,-0.009973,0.014778,0.028397,-0.593028,0.804545,0.111622,-0.003821,0.026562,0.007671,0.070806,-0.427651,
1624924370.000000,915165186.000000,0.271085,-0.268816,-0.009867,0.015038,0.028805,-0.593912,0.803873,0.138095,-0.007159,0.018126,0.003129,0.141960,-0.446834,
1624924370.000000,920167923.000000,0.271264,-0.269503,-0.009822,0.015245,0.029133,-0.594818,0.803187,0.143580,-0.005016,0.017548,0.001088,0.151809,-0.458580,
1624924370.000000,925170898.000000,0.271460,-0.270213,-0.009783,0.015396,0.029399,-0.595734,0.802496,0.149009,-0.002843,0.016946,0.002083,0.090179,-0.455393,
1624924370.000000,930175066.000000,0.271495,-0.270613,-0.009762,0.015418,0.029524,-0.596641,0.801817,0.128191,-0.005886,0.013596,-0.029669,0.002237,-0.453189,
1624924370.000000,935178041.000000,0.271654,-0.271238,-0.009714,0.015324,0.029614,-0.597549,0.801139,0.127951,-0.004875,0.013754,-0.024776,0.057708,-0.455363,
1624924371.000000,25234938.000000,0.273809,-0.286269,-0.009910,0.015709,0.029006,-0.612936,0.789444,0.146991,-0.007442,0.010101,-0.009755,0.115613,-0.455138,
1624924371.000000,30237913.000000,0.273959,-0.286996,-0.009909,0.015796,0.029234,-0.613829,0.788740,0.148696,-0.005978,0.008477,-0.004778,0.065890,-0.453022,
1624924371.000000,35240889.000000,0.274117,-0.287728,-0.009914,0.015809,0.029322,-0.614718,0.788044,0.150399,-0.004507,0.006991,-0.014002,0.005318,-0.450855,
1624924371.000000,40243864.000000,0.274253,-0.288428,-0.009875,0.015732,0.029405,-0.615607,0.787347,0.145110,-0.005886,0.012769,-0.040883,0.037882,-0.456175,
1624924371.000000,45247078.000000,0.274816,-0.289759,-0.011314,0.015504,0.029297,-0.616427,0.786715,0.138357,-0.008517,0.000205,-0.012370,0.022748,-0.447672,
1624924371.000000,50250053.000000,0.274940,-0.290437,-0.011358,0.015503,0.029302,-0.617301,0.786028,0.137252,-0.008225,0.000385,0.029507,0.011389,-0.447517,
1624924371.000000,55253029.000000,0.274981,-0.291129,-0.011091,0.015660,0.029366,-0.618197,0.785318,0.133942,-0.017399,0.034133,0.074032,0.130082,-0.462517,
1624924371.000000,60256004.000000,0.275049,-0.291806,-0.010940,0.016071,0.029573,-0.619110,0.784582,0.131962,-0.020119,0.044580,0.103007,0.171114,-0.463634,
1624924371.000000,65259933.000000,0.275103,-0.292488,-0.010732,0.016435,0.029678,-0.619997,0.783871,0.130458,-0.022834,0.055429,0.101835,0.066997,-0.430655,
1624924371.000000,70262909.000000,0.275181,-0.293051,-0.010694,0.016571,0.029560,-0.620819,0.783221,0.116060,-0.016089,0.034627,0.058287,-0.069847,-0.411250,
1624924371.000000,120294094.000000,0.274068,-0.300183,-0.009534,0.015958,0.028367,-0.628987,0.776734,0.137680,-0.013122,0.016968,0.002825,0.090175,-0.433608,
1624924371.000000,125298023.000000,0.274155,-0.300879,-0.009495,0.016026,0.028558,-0.629834,0.776039,0.139945,-0.010812,0.016403,-0.016735,0.077173,-0.445286,
1624924371.000000,130300999.000000,0.274254,-0.301583,-0.009460,0.016103,0.028776,-0.630708,0.775319,0.142182,-0.008484,0.015706,-0.019698,0.106898,-0.459187,
1624924371.000000,135303974.000000,0.274302,-0.302237,-0.009411,0.016171,0.028969,-0.631594,0.774589,0.137058,-0.011273,0.016386,0.004581,0.014303,-0.454967,
1624924371.000000,140306950.000000,0.274388,-0.302925,-0.009386,0.016118,0.028940,-0.632471,0.773875,0.137293,-0.010466,0.014946,-0.013083,-0.003897,-0.452727,
1624924371.000000,145309925.000000,0.274477,-0.303613,-0.009366,0.016057,0.029053,-0.633344,0.773158,0.137512,-0.009664,0.013674,-0.039113,0.023646,-0.450686,
1624924371.000000,150312901.000000,0.274540,-0.304301,-0.009242,0.016041,0.029173,-0.634211,0.772443,0.135876,-0.012874,0.026620,0.007781,0.073772,-0.452732,
1624924371.000000,155315876.000000,0.274818,-0.305235,-0.010379,0.015934,0.028923,-0.635044,0.771770,0.130757,-0.019459,0.031063,0.061252,0.068084,-0.441097,
1624924371.000000,160320044.000000,0.274848,-0.305899,-0.010253,0.016156,0.028951,-0.635898,0.771061,0.129741,-0.020303,0.036255,0.090917,0.092847,-0.451534,
1624924371.000000,165323019.000000,0.274814,-0.306461,-0.010035,0.016473,0.029025,-0.636785,0.770319,0.116348,-0.025349,0.047984,0.087875,0.094610,-0.457125,
1624924371.000000,215353966.000000,0.274707,-0.311423,-0.010367,0.015687,0.027304,-0.645012,0.763523,0.121634,-0.010627,0.003246,0.010735,0.122135,-0.439858,
1624924371.000000,220357180.000000,0.274285,-0.311985,-0.010104,0.016101,0.027831,-0.645886,0.762757,0.124610,-0.012278,0.002963,0.014321,0.158345,-0.436889,
1624924371.000000,225361109.000000,0.274305,-0.312546,-0.010078,0.016277,0.028076,-0.646707,0.762048,0.119137,-0.012036,0.006371,-0.000874,0.093008,-0.436654,
1624924371.000000,230364323.000000,0.274346,-0.313143,-0.010090,0.016327,0.028226,-0.647547,0.761327,0.119596,-0.010422,0.005241,-0.024132,0.024317,-0.445331,
1624924371.000000,235367060.000000,0.274393,-0.313739,-0.010114,0.016258,0.028308,-0.648403,0.760597,0.119975,-0.008803,0.003683,-0.019086,0.015469,-0.460137,
1624924371.000000,240370035.000000,0.274447,-0.314334,-0.010142,0.016263,0.028408,-0.649284,0.759842,0.120205,-0.007175,0.002332,-0.008133,0.049715,-0.461363,
1624924371.000000,245373011.000000,0.274465,-0.314930,-0.010110,0.016259,0.028515,-0.650147,0.759099,0.119170,-0.010625,0.008194,-0.021022,-0.002983,-0.451643,
1624924371.000000,250375986.000000,0.274504,-0.315528,-0.010096,0.016180,0.028551,-0.650996,0.758371,0.119099,-0.010698,0.009961,-0.009421,0.032121,-0.443174,
1624924371.000000,255378962.000000,0.275504,-0.314882,-0.011634,0.015846,0.028301,-0.651857,0.757648,0.103499,-0.007145,0.001896,0.028973,0.061743,-0.453816,
1624924371.000000,260383129.000000,0.275463,-0.315387,-0.011372,0.016019,0.028346,-0.652727,0.756893,0.098785,-0.015963,0.031901,0.086423,0.084311,-0.457163,
1624924371.000000,310414076.000000,0.275516,-0.317986,-0.011278,0.015540,0.026683,-0.660871,0.749864,0.080147,-0.002178,0.006579,0.016106,0.095665,-0.432755,
1624924371.000000,315417051.000000,0.275560,-0.318399,-0.011273,0.015717,0.026869,-0.661674,0.749145,0.085518,-0.000798,0.005165,0.017223,0.128920,-0.431545,
1624924371.000000,320420265.000000,0.274243,-0.317913,-0.010237,0.016038,0.027335,-0.662536,0.748359,0.088124,-0.005556,0.008133,-0.010370,0.122079,-0.431749,
1624924371.000000,325423956.000000,0.274277,-0.318362,-0.010214,0.016165,0.027583,-0.663341,0.747634,0.090194,-0.003207,0.006613,0.001941,0.120324,-0.438034,
1624924371.000000,330427170.000000,0.274323,-0.318820,-0.010201,0.016335,0.027769,-0.664164,0.746893,0.092279,-0.000849,0.005036,0.012052,0.049132,-0.441348,
1624924371.000000,335430145.000000,0.274351,-0.319260,-0.010158,0.016313,0.027828,-0.664995,0.746151,0.089672,-0.002075,0.009770,-0.030740,0.019452,-0.457171,
1624924371.000000,340433121.000000,0.274394,-0.319710,-0.010140,0.016298,0.027970,-0.665859,0.745375,0.089539,-0.001152,0.010810,-0.001285,0.049857,-0.464832,
1624924371.000000,345436335.000000,0.274441,-0.320158,-0.010113,0.016337,0.028047,-0.666718,0.744603,0.089415,-0.000232,0.012412,-0.017567,0.014845,-0.461492,
1624924371.000000,350439310.000000,0.274492,-0.320606,-0.010075,0.016249,0.028145,-0.667572,0.743836,0.089268,0.000685,0.014083,-0.035364,0.020813,-0.456239,
1624924371.000000,355442047.000000,0.273799,-0.320394,-0.011675,0.016037,0.027935,-0.668427,0.743080,0.077430,-0.012755,0.009045,0.025533,0.075215,-0.454102,
1624924371.000000,395467997.000000,0.273612,-0.323308,-0.011621,0.016056,0.026730,-0.674885,0.737264,0.034009,-0.005874,-0.008652,0.037144,-0.155768,-0.430765,
1624924371.000000,400470972.000000,0.273589,-0.323734,-0.011541,0.015907,0.026455,-0.675687,0.736542,0.056726,-0.008122,0.003351,0.037413,-0.099330,-0.423409,
1624924371.000000,405474186.000000,0.273575,-0.324032,-0.011538,0.015808,0.026282,-0.676462,0.735839,0.060231,-0.007557,0.003559,0.030752,-0.037256,-0.418939,
1624924371.000000,410476923.000000,0.273565,-0.324343,-0.011534,0.015858,0.026287,-0.677248,0.735114,0.063446,-0.006980,0.003922,0.012869,0.077259,-0.436065,
1624924371.000000,415479898.000000,0.273590,-0.324677,-0.011571,0.016031,0.026483,-0.678051,0.734363,0.068360,-0.001895,-0.001824,0.023188,0.111594,-0.435099,
1624924371.000000,420483112.000000,0.272203,-0.325881,-0.010232,0.016369,0.026891,-0.678903,0.733553,0.086640,-0.007382,0.007394,0.005489,0.080567,-0.430733,
1624924371.000000,425487041.000000,0.272207,-0.326327,-0.010228,0.016453,0.027068,-0.679698,0.732808,0.090796,-0.004905,0.004533,-0.013046,0.084652,-0.441435,
1624924371.000000,430490255.000000,0.272201,-0.326708,-0.010183,0.016570,0.027266,-0.680514,0.732040,0.084831,-0.004251,0.007616,0.002051,0.094419,-0.454230,
1624924371.000000,435493231.000000,0.272215,-0.327134,-0.010177,0.016687,0.027436,-0.681348,0.731255,0.085504,-0.002369,0.006344,-0.003198,0.070042,-0.457465,
1624924371.000000,440495968.000000,0.272238,-0.327564,-0.010177,0.016710,0.027549,-0.682179,0.730475,0.086258,-0.000484,0.005159,-0.013966,0.007579,-0.455288,
1624924371.000000,530552864.000000,0.270442,-0.338106,-0.010768,0.016924,0.027026,-0.696448,0.716899,0.112637,0.001456,0.002856,-0.003618,0.126980,-0.428573,
1624924371.000000,535556078.000000,0.270470,-0.338678,-0.010796,0.017073,0.027263,-0.697228,0.716128,0.115962,0.003736,-0.000151,-0.018473,0.077829,-0.445753,
1624924371.000000,540559053.000000,0.270479,-0.339169,-0.010764,0.017082,0.027388,-0.698025,0.715346,0.105146,0.001899,0.006495,-0.009054,0.018048,-0.444704,
1624924371.000000,545563221.000000,0.270503,-0.339690,-0.010762,0.017017,0.027393,-0.698816,0.714574,0.102877,0.002514,0.006841,-0.013040,-0.059944,-0.441438,
1624924371.000000,550566196.000000,0.269455,-0.341610,-0.012138,0.016556,0.026985,-0.699546,0.713886,0.100788,-0.004414,-0.001046,-0.028243,-0.008705,-0.454188,
1624924371.000000,555569172.000000,0.269398,-0.342168,-0.012072,0.016572,0.027127,-0.700356,0.713085,0.104090,-0.009421,0.011883,-0.008038,0.093695,-0.453214,
1624924371.000000,560572147.000000,0.269356,-0.342689,-0.012025,0.016712,0.027268,-0.701148,0.712298,0.103425,-0.010695,0.016868,0.039938,0.032586,-0.437171,
1624924371.000000,565575123.000000,0.269308,-0.343201,-0.011952,0.016803,0.027185,-0.701934,0.711525,0.102314,-0.011971,0.021887,0.081573,0.015613,-0.448765,
1624924371.000000,570578098.000000,0.269255,-0.343655,-0.011833,0.017007,0.027141,-0.702754,0.710712,0.093082,-0.012983,0.031020,0.078460,0.069288,-0.462805,
1624924371.000000,575581312.000000,0.269194,-0.344122,-0.011693,0.017253,0.027175,-0.703571,0.709896,0.089008,-0.014169,0.037869,0.079263,0.094565,-0.452120,
1624924371.000000,625612974.000000,0.268945,-0.353087,-0.011397,0.016813,0.026266,-0.711172,0.702326,0.141716,0.004267,0.010527,0.016420,0.185438,-0.443587,
1624924371.000000,630615950.000000,0.268962,-0.353812,-0.011393,0.017108,0.026540,-0.711942,0.701528,0.147089,0.006450,0.008579,0.012278,0.160042,-0.439328,
1624924371.000000,635619164.000000,0.268988,-0.354476,-0.011375,0.017320,0.026802,-0.712707,0.700736,0.139785,0.008344,0.009573,-0.016569,0.088624,-0.442478,
1624924371.000000,640622139.000000,0.269023,-0.355179,-0.011374,0.017354,0.026959,-0.713488,0.699933,0.140084,0.010412,0.008873,-0.016717,0.056046,-0.454231,
1624924371.000000,645624876.000000,0.269066,-0.355883,-0.011376,0.017398,0.027089,-0.714285,0.699114,0.140452,0.012490,0.008168,-0.009064,0.026087,-0.457469,
1624924371.000000,650629044.000000,0.269084,-0.356564,-0.011353,0.017348,0.027142,-0.715079,0.698301,0.136970,0.009591,0.011305,-0.022939,0.001142,-0.452109,
1624924371.000000,655632019.000000,0.268600,-0.358691,-0.012286,0.017204,0.026969,-0.715826,0.697545,0.137151,0.004408,0.001561,-0.026245,-0.012332,-0.447815,
1624924371.000000,660635233.000000,0.268603,-0.359372,-0.012321,0.017187,0.027030,-0.716613,0.696735,0.135606,0.004445,0.001880,0.019504,0.072003,-0.460544,
1624924371.000000,665638208.000000,0.268537,-0.360038,-0.012099,0.017430,0.027138,-0.717424,0.695890,0.131479,-0.003789,0.031139,0.080387,0.098356,-0.467069,
1624924371.000000,670641184.000000,0.268493,-0.360697,-0.011965,0.017684,0.027108,-0.718229,0.695054,0.128949,-0.006469,0.040426,0.096465,0.042668,-0.451056,
1624924371.000000,710665941.000000,0.268498,-0.367068,-0.011473,0.016880,0.025505,-0.724210,0.688901,0.120757,0.010325,0.018162,0.015355,-0.028081,-0.425442,
1624924371.000000,715669870.000000,0.268516,-0.367797,-0.011407,0.016860,0.025480,-0.724948,0.688125,0.134110,0.011710,0.019301,0.021597,0.005705,-0.429722,
1624924371.000000,720673084.000000,0.268436,-0.370119,-0.010993,0.017068,0.025651,-0.725738,0.687281,0.158582,0.012629,0.017816,0.020788,0.030992,-0.439287,
1624924371.000000,725676060.000000,0.268460,-0.370931,-0.010957,0.017157,0.025754,-0.726502,0.686467,0.163455,0.014314,0.016352,-0.006978,0.090243,-0.452111,
1624924371.000000,730679035.000000,0.268492,-0.371723,-0.010943,0.017354,0.026016,-0.727277,0.685632,0.163859,0.016178,0.013098,0.003468,0.177165,-0.455326,
1624924371.000000,735682011.000000,0.268527,-0.372558,-0.010940,0.017665,0.026322,-0.728047,0.684793,0.167347,0.017948,0.010516,0.004876,0.142760,-0.452104,
1624924371.000000,740684986.000000,0.268569,-0.373408,-0.010950,0.017818,0.026529,-0.728816,0.683963,0.170779,0.019731,0.008084,-0.009202,0.087922,-0.453146,
1624924371.000000,745689154.000000,0.268617,-0.374190,-0.010945,0.017898,0.026702,-0.729591,0.683128,0.161728,0.020778,0.008692,-0.022933,0.048152,-0.458484,
1624924371.000000,750692129.000000,0.268804,-0.376245,-0.011917,0.017758,0.026663,-0.730368,0.682302,0.158853,0.021889,0.002400,-0.025102,0.052033,-0.457479,
1624924371.000000,755595207.000000,0.268862,-0.377043,-0.011962,0.017738,0.026766,-0.731134,0.681478,0.157484,0.023340,0.001131,-0.016576,-0.033122,-0.440449,
1624924371.000000,800622940.000000,0.268638,-0.384148,-0.011712,0.017493,0.025303,-0.737871,0.674240,0.119326,0.016239,0.013474,0.020558,-0.152499,-0.439322,
1624924371.000000,805627108.000000,0.268652,-0.384890,-0.011643,0.017306,0.025078,-0.738623,0.673430,0.135414,0.017261,0.018306,0.033613,-0.105196,-0.432070,
1624924371.000000,810630083.000000,0.268677,-0.385586,-0.011597,0.017142,0.024867,-0.739345,0.672649,0.139146,0.018549,0.017382,0.026117,-0.082578,-0.430634,
1624924371.000000,815633059.000000,0.268705,-0.386300,-0.011555,0.017066,0.024777,-0.740089,0.671836,0.142841,0.019870,0.016552,0.011185,-0.000843,-0.445786,
1624924371.000000,820636272.000000,0.268351,-0.386489,-0.011220,0.017243,0.025045,-0.740878,0.670951,0.147613,0.019575,0.029049,0.018615,0.089251,-0.456345,
1624924371.000000,825639248.000000,0.268397,-0.387290,-0.011265,0.017442,0.025216,-0.741635,0.670103,0.155476,0.023528,0.015793,0.003915,0.111672,-0.443682,
1624924371.000000,830641985.000000,0.268438,-0.388093,-0.011241,0.017616,0.025439,-0.742365,0.669281,0.160329,0.025658,0.012760,-0.008057,0.128234,-0.444507,
1624924371.000000,835645199.000000,0.268486,-0.388920,-0.011237,0.017857,0.025716,-0.743113,0.668433,0.165083,0.027823,0.009543,-0.001536,0.168654,-0.453233,
1624924371.000000,840649128.000000,0.268536,-0.389698,-0.011197,0.018114,0.025992,-0.743867,0.667577,0.159176,0.028278,0.013071,0.002712,0.111819,-0.459507,
1624924371.000000,845652342.000000,0.268594,-0.390508,-0.011185,0.018204,0.026129,-0.744633,0.666714,0.159417,0.029763,0.012298,-0.013185,0.036027,-0.457495,
1624924371.000000,905689240.000000,0.266633,-0.398123,-0.011235,0.017498,0.024447,-0.753551,0.656702,0.121864,0.012182,0.035369,0.037015,-0.100145,-0.443547,
1624924371.000000,910693169.000000,0.266612,-0.398749,-0.011099,0.017407,0.024319,-0.754287,0.655863,0.123434,0.013178,0.033976,0.025045,0.003038,-0.440514,
1624924371.000000,915696144.000000,0.266604,-0.399449,-0.010999,0.017495,0.024361,-0.755003,0.655035,0.134230,0.016816,0.029300,0.017723,0.049274,-0.439259,
1624924371.000000,920699120.000000,0.264942,-0.400233,-0.010958,0.017640,0.024502,-0.755747,0.654167,0.151259,0.010836,0.023668,0.005998,0.114105,-0.440399,
1624924371.000000,925702095.000000,0.264891,-0.401009,-0.010894,0.017888,0.024741,-0.756459,0.653329,0.156009,0.012973,0.021705,0.009117,0.137152,-0.436135,
1624924371.000000,930705070.000000,0.264847,-0.401721,-0.010839,0.018073,0.024925,-0.757169,0.652493,0.150749,0.013856,0.019151,-0.006663,0.077394,-0.443523,
1624924371.000000,935709238.000000,0.264808,-0.402485,-0.010789,0.018162,0.025094,-0.757903,0.651632,0.152154,0.015588,0.017434,-0.013315,0.091923,-0.460628,
1624924371.000000,940711260.000000,0.264774,-0.403259,-0.010754,0.018329,0.025305,-0.758656,0.650742,0.153694,0.017338,0.015409,-0.000378,0.111496,-0.468117,
1624924371.000000,945715189.000000,0.264745,-0.404038,-0.010733,0.018465,0.025468,-0.759412,0.649850,0.155074,0.019094,0.013132,-0.003548,0.051083,-0.464901,
1624924371.000000,950718164.000000,0.264197,-0.403793,-0.012020,0.018320,0.025294,-0.760134,0.649015,0.136656,0.013591,0.004650,-0.030097,0.041076,-0.458457,
1624924371.000000,995746374.000000,0.262404,-0.409116,-0.012360,0.018442,0.024627,-0.766606,0.641380,0.098104,0.001609,0.019231,0.039031,-0.291674,-0.431909,
1624924372.000000,750303.000000,0.262332,-0.409595,-0.012310,0.017970,0.024139,-0.767309,0.640571,0.093848,0.003090,0.014438,0.026591,-0.238324,-0.427542,
1624924372.000000,5753517.000000,0.262269,-0.410051,-0.012285,0.017639,0.023822,-0.768006,0.639756,0.089437,0.004548,0.009309,0.045206,-0.100886,-0.432844,
1624924372.000000,10756016.000000,0.262188,-0.410663,-0.012264,0.017606,0.023683,-0.768707,0.638921,0.110467,0.006606,0.009105,0.019310,-0.017519,-0.433995,
1624924372.000000,15758991.000000,0.262121,-0.411229,-0.012257,0.017583,0.023704,-0.769404,0.638080,0.116402,0.008349,0.007449,0.006803,0.035829,-0.445576,
1624924372.000000,20762205.000000,0.260849,-0.412297,-0.011034,0.017853,0.023851,-0.770171,0.637141,0.141984,0.003849,0.029067,0.018051,0.061745,-0.456375,
1624924372.000000,25765181.000000,0.260757,-0.412952,-0.010974,0.018001,0.023983,-0.770895,0.636256,0.140262,0.006697,0.023160,0.005046,0.133019,-0.458411,
1624924372.000000,30768156.000000,0.260661,-0.413660,-0.010906,0.018302,0.024266,-0.771615,0.635364,0.143609,0.008889,0.020893,0.000824,0.169924,-0.452091,
1624924372.000000,35771132.000000,0.260570,-0.414386,-0.010851,0.018533,0.024500,-0.772320,0.634490,0.146962,0.011089,0.018585,-0.001308,0.089087,-0.446673,
1624924372.000000,40775061.000000,0.260479,-0.415070,-0.010782,0.018639,0.024655,-0.773036,0.633609,0.141613,0.010629,0.019942,-0.018276,0.093817,-0.465817,
1624924372.000000,130831003.000000,0.257340,-0.426570,-0.013012,0.018721,0.023715,-0.785614,0.617978,0.145682,0.011247,-0.006153,0.016034,0.086616,-0.449853,
1624924372.000000,135835171.000000,0.257227,-0.427231,-0.013039,0.018933,0.023882,-0.786319,0.617069,0.140336,0.011522,-0.002604,0.011681,0.148038,-0.466918,
1624924372.000000,140838146.000000,0.257119,-0.427927,-0.013096,0.019194,0.024142,-0.787032,0.616140,0.140938,0.013137,-0.003813,-0.029673,0.114828,-0.461676,
1624924372.000000,145841122.000000,0.257017,-0.428626,-0.013162,0.019260,0.024376,-0.787729,0.615238,0.141486,0.014748,-0.005417,-0.040734,0.073708,-0.456196,
1624924372.000000,150844336.000000,0.256753,-0.430590,-0.013844,0.019174,0.024352,-0.788439,0.614331,0.139042,0.013333,-0.003038,-0.022246,0.053070,-0.470076,
1624924372.000000,155847073.000000,0.256650,-0.431262,-0.013924,0.019105,0.024458,-0.789159,0.613404,0.136386,0.013980,-0.004971,-0.062545,-0.050666,-0.463839,
1624924372.000000,160850048.000000,0.256551,-0.431920,-0.014042,0.018825,0.024464,-0.789865,0.612504,0.133704,0.014608,-0.008592,-0.010032,-0.080997,-0.464679,
1624924372.000000,165854216.000000,0.256457,-0.432572,-0.014131,0.018856,0.024335,-0.790593,0.611568,0.131336,0.015245,-0.010063,0.132183,0.070534,-0.477612,
1624924372.000000,170857191.000000,0.256268,-0.433226,-0.013835,0.019319,0.024273,-0.791322,0.610612,0.130010,0.004018,0.029844,0.115722,0.159380,-0.469112,
1624924372.000000,175860167.000000,0.256115,-0.433866,-0.013666,0.019737,0.024402,-0.792021,0.609687,0.128085,0.000700,0.043359,0.054112,0.186205,-0.452000,
1624924372.000000,225891352.000000,0.252902,-0.440507,-0.013063,0.018934,0.022993,-0.798587,0.601142,0.145586,0.010279,0.014363,0.000623,0.102778,-0.428496,
1624924372.000000,230895042.000000,0.252761,-0.441159,-0.012990,0.019117,0.023231,-0.799234,0.600266,0.141982,0.011232,0.017011,-0.011896,0.159492,-0.449696,
1624924372.000000,235898256.000000,0.252620,-0.441864,-0.012959,0.019445,0.023531,-0.799919,0.599331,0.144290,0.013130,0.015344,-0.012346,0.168761,-0.468017,
1624924372.000000,240900993.000000,0.252481,-0.442586,-0.012939,0.019641,0.023766,-0.800611,0.598391,0.146914,0.015047,0.013517,-0.000035,0.069902,-0.463675,
1624924372.000000,245903969.000000,0.252345,-0.443258,-0.012925,0.019660,0.023816,-0.801304,0.597460,0.140840,0.014115,0.011940,-0.015489,-0.019274,-0.467867,
1624924372.000000,250907183.000000,0.251479,-0.444568,-0.015250,0.019293,0.023667,-0.802000,0.596544,0.140438,0.009378,-0.007976,-0.028600,0.012334,-0.482821,
1624924372.000000,255910158.000000,0.251322,-0.445247,-0.015337,0.019281,0.023798,-0.802707,0.595586,0.139025,0.010119,-0.008765,-0.038000,0.034053,-0.462697,
1624924372.000000,260914087.000000,0.251108,-0.445935,-0.015215,0.019292,0.023967,-0.803370,0.594684,0.140009,0.004085,0.015104,-0.029673,0.084330,-0.441169,
1624924372.000000,265917301.000000,0.250920,-0.446615,-0.015153,0.019528,0.024167,-0.804018,0.593792,0.139560,0.002577,0.023524,0.054370,0.161025,-0.439124,
1624924372.000000,270920038.000000,0.250723,-0.447288,-0.015047,0.019996,0.024242,-0.804676,0.592882,0.138822,0.001075,0.031998,0.132517,0.169551,-0.455044,
1624924372.000000,310945272.000000,0.248707,-0.451591,-0.015414,0.018578,0.021936,-0.809769,0.586044,0.105718,0.004138,0.004527,0.016628,-0.056193,-0.408253,
1624924372.000000,315948248.000000,0.248560,-0.452118,-0.015423,0.018552,0.021941,-0.810378,0.585202,0.112299,0.005099,0.005486,0.022205,0.045457,-0.427384,
1624924372.000000,320951462.000000,0.249523,-0.454326,-0.014944,0.018896,0.022278,-0.811066,0.584225,0.142789,0.015758,0.020084,0.006042,0.176558,-0.437144,
1624924372.000000,325954437.000000,0.249398,-0.455042,-0.014962,0.019315,0.022630,-0.811693,0.583326,0.147365,0.019758,0.012455,0.012732,0.234422,-0.439147,
1624924372.000000,330958128.000000,0.249257,-0.455786,-0.014956,0.019749,0.022903,-0.812321,0.582426,0.152595,0.021775,0.009983,0.016607,0.170566,-0.428610,
1624924372.000000,335961103.000000,0.249117,-0.456555,-0.014960,0.019997,0.023130,-0.812941,0.581543,0.157492,0.023801,0.007945,-0.017844,0.112031,-0.444345,
1624924372.000000,340964079.000000,0.249011,-0.457230,-0.014949,0.020130,0.023321,-0.813598,0.580611,0.144600,0.025044,0.008249,-0.009371,0.066668,-0.458482,
1624924372.000000,345967054.000000,0.248899,-0.457952,-0.014956,0.020177,0.023418,-0.814260,0.579677,0.142807,0.026755,0.006831,-0.014432,0.016822,-0.459383,
1624924372.000000,350970268.000000,0.248796,-0.458670,-0.014970,0.020117,0.023524,-0.814921,0.578745,0.141100,0.028459,0.005648,-0.058196,0.012433,-0.452031,
1624924372.000000,355974197.000000,0.248673,-0.461858,-0.017137,0.019875,0.023484,-0.815559,0.577856,0.152037,0.029065,-0.008241,-0.069984,0.028557,-0.441300,
1624924372.000000,406005144.000000,0.246972,-0.470428,-0.016744,0.019509,0.022041,-0.821776,0.569049,0.123069,0.029999,0.010014,-0.011388,-0.123812,-0.398706,
1624924372.000000,411008358.000000,0.246896,-0.471065,-0.016722,0.019292,0.021872,-0.822351,0.568232,0.124903,0.032001,0.007126,0.056790,-0.112044,-0.402967,
1624924372.000000,416011333.000000,0.246825,-0.471708,-0.016678,0.019201,0.021659,-0.822940,0.567390,0.126499,0.034001,0.005848,0.031859,0.006673,-0.417880,
1624924372.000000,421015263.000000,0.245231,-0.469960,-0.015949,0.019396,0.021786,-0.823564,0.566473,0.150631,0.018852,0.008254,0.035331,0.046121,-0.424349,
1624924372.000000,426018238.000000,0.245044,-0.470712,-0.015962,0.019560,0.021847,-0.824168,0.565585,0.157211,0.020022,0.004862,-0.008616,0.150609,-0.435952,
1624924372.000000,431021214.000000,0.244850,-0.471498,-0.015997,0.019917,0.022218,-0.824777,0.564670,0.163865,0.021231,0.001430,-0.016968,0.205060,-0.435040,
1624924372.000000,436024427.000000,0.244707,-0.472224,-0.016066,0.020261,0.022475,-0.825382,0.563763,0.159354,0.024763,-0.003832,0.014566,0.154390,-0.442298,
1624924372.000000,441027403.000000,0.244535,-0.473015,-0.016144,0.020496,0.022651,-0.826008,0.562831,0.162158,0.026710,-0.007581,-0.001545,0.070040,-0.446754,
1624924372.000000,446030140.000000,0.244366,-0.473818,-0.016241,0.020528,0.022761,-0.826640,0.561896,0.164782,0.028672,-0.011228,-0.030339,0.033410,-0.464649,
1624924372.000000,451034069.000000,0.244217,-0.474562,-0.016317,0.020524,0.022919,-0.827293,0.560927,0.156775,0.028945,-0.009981,-0.043203,0.031811,-0.458567,
1624924372.000000,496062279.000000,0.239725,-0.480938,-0.016661,0.021076,0.021969,-0.832828,0.552694,0.106168,0.005327,0.028303,0.043196,-0.282364,-0.415792,
1624924372.000000,501065254.000000,0.239552,-0.481433,-0.016559,0.020575,0.021574,-0.833415,0.551844,0.101118,0.007066,0.024019,0.019905,-0.242320,-0.409424,
1624924372.000000,506067991.000000,0.239394,-0.481907,-0.016479,0.020087,0.021260,-0.833981,0.551017,0.096191,0.008773,0.019704,0.000636,-0.200470,-0.393424,
1624924372.000000,511071205.000000,0.239170,-0.482530,-0.016364,0.019724,0.021067,-0.834530,0.550207,0.116992,0.009134,0.024653,-0.009954,-0.127115,-0.398652,
1624924372.000000,516075134.000000,0.238978,-0.483106,-0.016279,0.019499,0.020907,-0.835093,0.549365,0.122120,0.010353,0.024761,0.065298,-0.098416,-0.408370,
1624924372.000000,521078348.000000,0.238527,-0.484356,-0.015786,0.019672,0.020936,-0.835711,0.548417,0.142339,0.010313,0.018803,0.028046,0.035466,-0.427472,
1624924372.000000,526081324.000000,0.238287,-0.485053,-0.015756,0.019865,0.021090,-0.836297,0.547511,0.148183,0.011656,0.016630,0.018283,0.132819,-0.424474,
1624924372.000000,531084299.000000,0.238050,-0.485811,-0.015854,0.020188,0.021269,-0.836865,0.546623,0.157445,0.015461,0.002848,-0.011479,0.180864,-0.424227,
1624924372.000000,536087275.000000,0.237802,-0.486580,-0.015884,0.020540,0.021630,-0.837444,0.545708,0.164003,0.017569,-0.000085,-0.016766,0.202466,-0.439275,
1624924372.000000,541090250.000000,0.237550,-0.487381,-0.015936,0.020892,0.021876,-0.838044,0.544763,0.170558,0.019714,-0.003523,0.015908,0.133563,-0.454148,
1624924372.000000,631147146.000000,0.229961,-0.498860,-0.016354,0.020478,0.020626,-0.848559,0.528302,0.153706,0.001028,0.011654,0.009174,0.189966,-0.430776,
1624924372.000000,636150360.000000,0.229620,-0.499569,-0.016355,0.020879,0.020865,-0.849124,0.527369,0.160594,0.002167,0.009984,0.011773,0.181328,-0.437188,
1624924372.000000,641153336.000000,0.229348,-0.500207,-0.016361,0.021191,0.021105,-0.849697,0.526422,0.152650,0.006334,0.007218,-0.018198,0.132578,-0.447805,
1624924372.000000,646157265.000000,0.229039,-0.500909,-0.016362,0.021362,0.021311,-0.850285,0.525458,0.154400,0.008501,0.006182,-0.013033,0.079497,-0.452137,
1624924372.000000,651160479.000000,0.228734,-0.501625,-0.016366,0.021430,0.021430,-0.850874,0.524495,0.156253,0.010677,0.005322,-0.026538,0.018175,-0.452075,
1624924372.000000,656163216.000000,0.228410,-0.501716,-0.016197,0.021497,0.021450,-0.851482,0.523503,0.137189,0.005016,0.003265,-0.056506,0.050616,-0.449996,
1624924372.000000,661166191.000000,0.228126,-0.502337,-0.016221,0.021536,0.021665,-0.852063,0.522547,0.136024,0.006163,0.001829,-0.034251,0.038704,-0.446792,
1624924372.000000,666169405.000000,0.227848,-0.502954,-0.016255,0.021523,0.021733,-0.852643,0.521598,0.134859,0.007305,0.000184,0.005369,0.003091,-0.443598,
1624924372.000000,671172142.000000,0.227468,-0.503547,-0.015933,0.021608,0.021749,-0.853229,0.520635,0.134514,-0.003464,0.037066,0.048936,0.093015,-0.462682,
1624924372.000000,676176071.000000,0.227138,-0.504142,-0.015764,0.021997,0.021820,-0.853841,0.519611,0.133319,-0.005962,0.047120,0.089500,0.195227,-0.479890,
1624924372.000000,721204281.000000,0.223854,-0.508627,-0.015879,0.020240,0.019705,-0.858827,0.511486,0.126621,-0.003893,0.016157,0.044419,-0.032323,-0.421381,
1624924372.000000,726207256.000000,0.223527,-0.509191,-0.015841,0.020320,0.019622,-0.859367,0.510578,0.133047,-0.002659,0.013980,0.026305,0.079366,-0.423388,
1624924372.000000,731210232.000000,0.223214,-0.509785,-0.015785,0.020631,0.019841,-0.859907,0.509648,0.137735,0.001043,0.015725,0.007122,0.221709,-0.435150,
1624924372.000000,736214399.000000,0.222885,-0.510408,-0.015761,0.021130,0.020120,-0.860452,0.508696,0.143320,0.003153,0.014429,0.009980,0.200996,-0.434143,
1624924372.000000,741217375.000000,0.222551,-0.511057,-0.015737,0.021429,0.020348,-0.860998,0.507749,0.148749,0.005284,0.013583,-0.013807,0.116560,-0.444652,
1624924372.000000,746220112.000000,0.222252,-0.511634,-0.015713,0.021617,0.020534,-0.861572,0.506759,0.138725,0.005451,0.012015,-0.008437,0.105990,-0.469243,
1624924372.000000,751223326.000000,0.221941,-0.512257,-0.015696,0.021802,0.020695,-0.862166,0.505733,0.138027,0.006813,0.010932,-0.001967,0.079858,-0.472521,
1624924372.000000,756226301.000000,0.221151,-0.513675,-0.016071,0.022087,0.020801,-0.862764,0.504696,0.141570,0.005329,0.004064,-0.030649,0.072117,-0.452274,
1624924372.000000,761234760.000000,0.220831,-0.514302,-0.016093,0.022137,0.021005,-0.863319,0.503735,0.141434,0.006657,0.003266,-0.062654,0.028136,-0.442580,
1624924372.000000,766237974.000000,0.220503,-0.514852,-0.016019,0.022068,0.021159,-0.863872,0.502783,0.134230,0.002605,0.011610,-0.027747,0.015837,-0.439479,
1624924372.000000,811266899.000000,0.217635,-0.519094,-0.015097,0.021094,0.019436,-0.868792,0.494346,0.095582,-0.003024,0.032948,-0.015887,-0.172248,-0.414999,
1624924372.000000,816269875.000000,0.217374,-0.519513,-0.014963,0.020800,0.019269,-0.869311,0.493452,0.098238,-0.001896,0.032033,0.060595,-0.117885,-0.411810,
1624924372.000000,821272850.000000,0.216204,-0.520156,-0.016408,0.020711,0.019098,-0.869849,0.492513,0.118272,-0.002197,0.005880,0.030785,0.021066,-0.427653,
1624924372.000000,826275826.000000,0.215855,-0.520742,-0.016330,0.020880,0.019212,-0.870379,0.491564,0.129950,0.000117,0.014049,0.022057,0.098614,-0.433180,
1624924372.000000,831278801.000000,0.215514,-0.521317,-0.016310,0.021123,0.019275,-0.870902,0.490625,0.135813,0.001725,0.013712,0.024126,0.123026,-0.424520,
1624924372.000000,836282969.000000,0.215164,-0.521918,-0.016282,0.021399,0.019483,-0.871416,0.489691,0.141485,0.003350,0.014284,-0.031738,0.136330,-0.428776,
1624924372.000000,841285944.000000,0.214848,-0.522482,-0.016268,0.021673,0.019748,-0.871938,0.488738,0.136231,0.005395,0.010815,-0.000013,0.190743,-0.440514,
1624924372.000000,846288919.000000,0.214516,-0.523085,-0.016255,0.022057,0.019948,-0.872473,0.487756,0.137549,0.007207,0.009174,0.015492,0.099857,-0.449069,
1624924372.000000,851291895.000000,0.214351,-0.523790,-0.015961,0.022342,0.020103,-0.873035,0.486731,0.138216,0.010382,0.009722,0.002284,0.091868,-0.455455,
1624924372.000000,856294870.000000,0.214070,-0.524317,-0.015976,0.022518,0.020248,-0.873586,0.485727,0.127946,0.010202,0.006198,-0.018667,0.045807,-0.459705,
1624924372.000000,901323795.000000,0.209857,-0.529170,-0.014619,0.022896,0.019689,-0.878433,0.476910,0.102289,-0.010798,0.065462,0.007785,-0.310121,-0.404238,
1624924372.000000,906326771.000000,0.209558,-0.529607,-0.014462,0.022247,0.019402,-0.878938,0.476021,0.100088,-0.005365,0.046263,-0.027401,-0.213870,-0.423390,
1624924372.000000,911329746.000000,0.209270,-0.530009,-0.014256,0.021816,0.019194,-0.879452,0.475099,0.095197,-0.003412,0.041289,0.071169,-0.224104,-0.408754,
1624924372.000000,916332722.000000,0.209003,-0.530393,-0.014059,0.021408,0.018772,-0.879946,0.474220,0.090065,-0.001487,0.037866,0.026859,-0.149697,-0.410470,
1624924372.000000,921335697.000000,0.207606,-0.530458,-0.015613,0.021227,0.018761,-0.880442,0.473307,0.117098,-0.004929,0.023185,0.045182,-0.044300,-0.429933,
1624924372.000000,926339865.000000,0.207253,-0.530946,-0.015537,0.021271,0.018632,-0.880960,0.472346,0.121789,-0.004424,0.025055,0.026751,0.058598,-0.442592,
1624924372.000000,931342840.000000,0.206887,-0.531458,-0.015452,0.021424,0.018781,-0.881477,0.471367,0.126729,-0.003888,0.027177,-0.006651,0.061790,-0.434221,
1624924372.000000,936345816.000000,0.206536,-0.532001,-0.015501,0.021550,0.018853,-0.881981,0.470414,0.131738,0.000700,0.008695,0.010152,0.111225,-0.436111,
1624924372.000000,941348791.000000,0.206169,-0.532563,-0.015506,0.021882,0.019051,-0.882493,0.469430,0.136303,0.002895,0.003847,0.006624,0.166473,-0.442708,
1624924372.000000,946351767.000000,0.205798,-0.533148,-0.015539,0.022232,0.019235,-0.883004,0.468443,0.140850,0.005111,-0.001086,0.019508,0.167898,-0.446841,
1624924372.000000,991380692.000000,0.201969,-0.539117,-0.015707,0.023537,0.019463,-0.887648,0.459509,0.113814,-0.013203,0.061989,0.115326,-0.009092,-0.450959,
1624924372.000000,996383667.000000,0.201568,-0.539551,-0.015406,0.023547,0.019225,-0.888168,0.458513,0.110719,-0.016975,0.073303,0.071862,-0.091970,-0.432019,
1624924373.000000,1386642.000000,0.201391,-0.540014,-0.015620,0.023251,0.019048,-0.888656,0.457587,0.101585,0.001478,0.026534,-0.040012,-0.148898,-0.414696,
1624924373.000000,6389618.000000,0.201115,-0.540434,-0.015508,0.022777,0.018948,-0.889131,0.456693,0.096077,0.004217,0.023194,0.013407,-0.253917,-0.391504,
1624924373.000000,11392832.000000,0.200867,-0.540832,-0.015412,0.022234,0.018550,-0.889594,0.455833,0.090049,0.006914,0.019986,0.045725,-0.198246,-0.408178,
1624924373.000000,16396761.000000,0.200545,-0.541281,-0.015215,0.021990,0.018356,-0.890083,0.454897,0.099565,0.003477,0.033947,0.056363,-0.079128,-0.421423,
1624924373.000000,21399975.000000,0.198964,-0.542146,-0.014658,0.022000,0.018358,-0.890554,0.453975,0.122099,-0.001330,0.022880,0.024048,-0.043410,-0.420088,
1624924373.000000,26402712.000000,0.198594,-0.542647,-0.014583,0.021909,0.018345,-0.891030,0.453044,0.124777,-0.000983,0.022133,-0.010518,-0.012984,-0.412716,
1624924373.000000,31405687.000000,0.198205,-0.543238,-0.014568,0.021909,0.018378,-0.891502,0.452113,0.135168,0.003562,0.015667,0.017275,0.028473,-0.432760,
1624924373.000000,36408901.000000,0.197817,-0.543805,-0.014537,0.022038,0.018395,-0.892001,0.451120,0.139672,0.005275,0.012918,0.033471,0.080262,-0.443704,
1624924373.000000,86440802.000000,0.192215,-0.547362,-0.014467,0.023576,0.019002,-0.896985,0.441022,0.120878,-0.018035,0.049985,0.119695,0.075532,-0.457465,
1624924373.000000,91443777.000000,0.191875,-0.547748,-0.014389,0.023759,0.018783,-0.897483,0.440008,0.108293,-0.013803,0.039106,0.115514,-0.024243,-0.440292,
1624924373.000000,96446991.000000,0.191492,-0.548127,-0.014215,0.023698,0.018530,-0.897967,0.439034,0.102616,-0.014274,0.040854,0.067463,-0.089176,-0.424347,
1624924373.000000,101449728.000000,0.191123,-0.548486,-0.014033,0.023511,0.018381,-0.898435,0.438092,0.096805,-0.014779,0.042950,-0.007063,-0.082723,-0.420019,
1624924373.000000,106452703.000000,0.190772,-0.548823,-0.013826,0.023221,0.018308,-0.898892,0.437172,0.090788,-0.015307,0.046193,0.010542,-0.181641,-0.395699,
1624924373.000000,111456871.000000,0.190426,-0.549224,-0.013817,0.022725,0.017984,-0.899329,0.436311,0.095310,-0.009491,0.025461,0.055911,-0.245192,-0.389020,
1624924373.000000,116459608.000000,0.190098,-0.549571,-0.013730,0.022306,0.017657,-0.899780,0.435415,0.093063,-0.007921,0.019689,0.053604,-0.148509,-0.412620,
1624924373.000000,121462822.000000,0.187957,-0.550135,-0.013093,0.022355,0.017745,-0.900196,0.434549,0.094837,-0.008681,0.025983,0.021668,-0.071610,-0.426438,
1624924373.000000,126465797.000000,0.187470,-0.550684,-0.012956,0.022218,0.017675,-0.900664,0.433587,0.118230,-0.007306,0.029341,0.012998,-0.043365,-0.429575,
1624924373.000000,131468773.000000,0.187064,-0.551143,-0.012845,0.022188,0.017655,-0.901133,0.432615,0.123129,-0.005748,0.028964,0.009986,0.030662,-0.432765,
1624924373.000000,231531620.000000,0.174860,-0.559651,-0.013400,0.022619,0.017128,-0.910303,0.412970,0.123987,-0.010861,0.012310,0.002383,-0.000469,-0.426262,
1624924373.000000,236534595.000000,0.174359,-0.560174,-0.013418,0.022608,0.017146,-0.910743,0.411998,0.135804,-0.007967,0.007623,0.018183,0.021217,-0.434586,
1624924373.000000,241537809.000000,0.173877,-0.560668,-0.013432,0.022754,0.017175,-0.911198,0.410981,0.140263,-0.006363,0.004984,0.018571,0.105077,-0.450722,
1624924373.000000,246541739.000000,0.173383,-0.561184,-0.013459,0.023066,0.017321,-0.911656,0.409941,0.144900,-0.004735,0.002531,0.011853,0.166709,-0.453882,
1624924373.000000,251544952.000000,0.172940,-0.560573,-0.013262,0.023686,0.017560,-0.912104,0.408897,0.133256,-0.005122,-0.002314,-0.005032,0.118221,-0.448501,
1624924373.000000,256547928.000000,0.172479,-0.561058,-0.013316,0.023837,0.017704,-0.912556,0.407872,0.134822,-0.003346,-0.004497,-0.020080,0.058372,-0.450589,
1624924373.000000,261550665.000000,0.172018,-0.561552,-0.013385,0.023945,0.017836,-0.913016,0.406830,0.136338,-0.001559,-0.006832,-0.011545,0.083803,-0.461267,
1624924373.000000,266553879.000000,0.171592,-0.561952,-0.013390,0.024092,0.017953,-0.913479,0.405776,0.126538,-0.004623,-0.001655,-0.000819,0.036761,-0.452834,
1624924373.000000,271557808.000000,0.171154,-0.562401,-0.013439,0.024034,0.017984,-0.913928,0.404766,0.124567,-0.004390,-0.002029,-0.023102,-0.051740,-0.432502,
1624924373.000000,276560783.000000,0.170728,-0.562838,-0.013493,0.023911,0.018035,-0.914368,0.403774,0.122139,-0.004174,-0.002845,-0.012779,0.022025,-0.446234,
1624924373.000000,321588516.000000,0.165717,-0.566194,-0.013371,0.023059,0.016830,-0.918311,0.394830,0.110818,-0.008506,0.012829,0.040692,-0.105602,-0.423966,
1624924373.000000,326591730.000000,0.165220,-0.566662,-0.013294,0.022891,0.016690,-0.918735,0.393857,0.124520,-0.007166,0.016455,0.031093,-0.065039,-0.428143,
1624924373.000000,331594706.000000,0.164756,-0.567102,-0.013247,0.022836,0.016622,-0.919166,0.392856,0.128663,-0.005784,0.015818,0.029933,0.030910,-0.442051,
1624924373.000000,336598873.000000,0.164279,-0.567564,-0.013199,0.022978,0.016656,-0.919596,0.391838,0.133141,-0.004381,0.015601,0.003517,0.051893,-0.433613,
1624924373.000000,341601849.000000,0.163790,-0.568045,-0.013147,0.023035,0.016716,-0.920014,0.390850,0.137622,-0.002970,0.015745,0.011636,0.032037,-0.430243,
1624924373.000000,346604824.000000,0.163325,-0.568519,-0.013170,0.023162,0.016770,-0.920440,0.389837,0.137865,-0.000791,0.006659,-0.008043,0.094629,-0.448417,
1624924373.000000,351607800.000000,0.161808,-0.568947,-0.012962,0.023739,0.016992,-0.920858,0.388804,0.142261,-0.003138,0.003222,0.000967,0.157432,-0.459066,
1624924373.000000,356610775.000000,0.161295,-0.569455,-0.012988,0.024050,0.017126,-0.921295,0.387743,0.145533,-0.001420,0.001772,0.007879,0.093059,-0.454775,
1624924373.000000,361613750.000000,0.160822,-0.569890,-0.012971,0.024182,0.017224,-0.921729,0.386696,0.138679,-0.002917,0.005149,-0.007339,0.077354,-0.453658,
1624924373.000000,366617918.000000,0.160325,-0.570376,-0.012992,0.024358,0.017386,-0.922164,0.385640,0.138872,-0.002169,0.004417,-0.040142,0.091856,-0.459012,
1624924373.000000,421651840.000000,0.153359,-0.573740,-0.011875,0.023321,0.016359,-0.926723,0.374664,0.112026,-0.009276,0.021252,0.028946,-0.065726,-0.432143,
1624924373.000000,426655769.000000,0.152918,-0.574105,-0.011802,0.023215,0.016278,-0.927134,0.373656,0.115113,-0.008218,0.020408,0.028822,-0.050822,-0.429113,
1624924373.000000,431658745.000000,0.152471,-0.574481,-0.011733,0.023132,0.016194,-0.927538,0.372661,0.118035,-0.007153,0.019556,0.027889,-0.005885,-0.439500,
1624924373.000000,436661959.000000,0.152026,-0.574889,-0.011692,0.023203,0.016193,-0.927954,0.371618,0.122052,-0.003244,0.015645,0.019295,0.049731,-0.448285,
1624924373.000000,441664696.000000,0.151568,-0.575311,-0.011654,0.023374,0.016251,-0.928363,0.370584,0.125773,-0.001004,0.013527,0.012922,0.113938,-0.440688,
1624924373.000000,446667671.000000,0.151103,-0.575754,-0.011629,0.023651,0.016385,-0.928763,0.369555,0.129427,0.001250,0.011574,-0.010443,0.107153,-0.442819,
1624924373.000000,451670885.000000,0.148953,-0.577185,-0.010915,0.024196,0.016598,-0.929142,0.368557,0.156956,0.002224,0.013122,0.003109,0.124280,-0.453369,
1624924373.000000,456674814.000000,0.148439,-0.577627,-0.010893,0.024486,0.016730,-0.929558,0.367482,0.149200,0.000090,0.011631,-0.004959,0.105115,-0.467219,
1624924373.000000,461677790.000000,0.147892,-0.578141,-0.010879,0.024609,0.016850,-0.929985,0.366385,0.150058,0.001157,0.010148,-0.004359,0.042986,-0.470471,
1624924373.000000,466681004.000000,0.147345,-0.578660,-0.010867,0.024664,0.016930,-0.930412,0.365293,0.150970,0.002223,0.008977,-0.029427,0.030431,-0.468277,
1624924373.000000,506705761.000000,0.141855,-0.579795,-0.010025,0.025146,0.016575,-0.933636,0.356956,0.104916,-0.019820,0.052480,0.023468,-0.168486,-0.425623,
1624924373.000000,511708975.000000,0.141401,-0.580073,-0.009799,0.024659,0.016368,-0.934025,0.355979,0.098504,-0.019571,0.051317,0.028644,-0.245920,-0.414980,
1624924373.000000,516711950.000000,0.140894,-0.580406,-0.009632,0.024078,0.016088,-0.934411,0.355018,0.107817,-0.018297,0.043243,0.028950,-0.244042,-0.420207,
1624924373.000000,521716118.000000,0.140008,-0.579494,-0.010321,0.023638,0.015967,-0.934784,0.354071,0.108602,-0.020766,0.027014,0.038200,-0.126363,-0.433049,
1624924373.000000,526719093.000000,0.139529,-0.579781,-0.010221,0.023492,0.015832,-0.935174,0.353055,0.108266,-0.020101,0.024966,0.032168,-0.037865,-0.434107,
1624924373.000000,531721592.000000,0.138954,-0.580188,-0.010105,0.023447,0.015789,-0.935557,0.352042,0.125248,-0.016771,0.026851,0.019084,0.000962,-0.431950,
1624924373.000000,536724806.000000,0.138414,-0.580556,-0.010008,0.023503,0.015784,-0.935940,0.351019,0.130771,-0.015179,0.026134,0.023474,0.043387,-0.443615,
1624924373.000000,541727781.000000,0.137859,-0.580947,-0.009914,0.023687,0.015831,-0.936333,0.349955,0.136207,-0.013554,0.025634,0.014978,0.126865,-0.459672,
1624924373.000000,546730757.000000,0.137336,-0.581327,-0.009858,0.024037,0.015965,-0.936722,0.348882,0.134292,-0.010807,0.019807,0.011689,0.152834,-0.442717,
1624924373.000000,551733732.000000,0.136012,-0.580509,-0.008823,0.024723,0.016266,-0.937066,0.347896,0.134290,-0.011091,0.015373,-0.014818,0.119648,-0.446559,
1624924373.000000,601765871.000000,0.130107,-0.582940,-0.008446,0.025993,0.016463,-0.940967,0.337098,0.106405,-0.027707,0.069697,0.068142,-0.026985,-0.417994,
1624924373.000000,606768847.000000,0.129605,-0.583175,-0.008108,0.025731,0.016267,-0.941317,0.336147,0.101502,-0.029038,0.076520,0.032886,-0.197199,-0.401790,
1624924373.000000,611773014.000000,0.129168,-0.583409,-0.007938,0.025161,0.016053,-0.941679,0.335187,0.093894,-0.023251,0.054474,0.000906,-0.274374,-0.423214,
1624924373.000000,616775751.000000,0.127423,-0.584563,-0.008990,0.024628,0.016058,-0.942016,0.334279,0.099471,-0.014995,0.013417,0.033719,-0.265747,-0.433905,
1624924373.000000,621778965.000000,0.126999,-0.584816,-0.008960,0.024126,0.015782,-0.942394,0.333261,0.094827,-0.013482,0.008467,0.049056,-0.158961,-0.438030,
1624924373.000000,626781940.000000,0.126372,-0.585219,-0.008827,0.023914,0.015656,-0.942766,0.332229,0.119830,-0.013947,0.019261,0.010546,-0.043016,-0.433883,
1624924373.000000,631784916.000000,0.125849,-0.585554,-0.008755,0.023895,0.015658,-0.943123,0.331215,0.124828,-0.013024,0.020174,0.025150,0.034123,-0.429497,
1624924373.000000,636788130.000000,0.125309,-0.585906,-0.008679,0.024013,0.015638,-0.943480,0.330188,0.129635,-0.012076,0.021247,0.028836,0.034413,-0.439121,
1624924373.000000,641791105.000000,0.124779,-0.586282,-0.008661,0.024106,0.015670,-0.943846,0.329134,0.132492,-0.008066,0.014077,-0.000207,0.080300,-0.451919,
1624924373.000000,646794558.000000,0.124228,-0.586674,-0.008634,0.024393,0.015815,-0.944210,0.328058,0.136420,-0.005857,0.011646,-0.004478,0.171931,-0.450912,
1624924373.000000,691822767.000000,0.118029,-0.589065,-0.008829,0.025730,0.016266,-0.947480,0.318364,0.119312,-0.018718,0.052450,0.112534,0.076056,-0.458083,
1624924373.000000,696825981.000000,0.117482,-0.589352,-0.008566,0.026007,0.016101,-0.947843,0.317266,0.115938,-0.021393,0.062900,0.083274,0.077923,-0.456045,
1624924373.000000,701828957.000000,0.116945,-0.589617,-0.008251,0.026079,0.016023,-0.948198,0.316201,0.112717,-0.024079,0.073357,0.037903,-0.061857,-0.435797,
1624924373.000000,706832886.000000,0.116502,-0.589875,-0.008158,0.025753,0.015847,-0.948542,0.315206,0.101952,-0.017058,0.044685,0.040243,-0.209645,-0.404878,
1624924373.000000,711835861.000000,0.116043,-0.590117,-0.007980,0.025200,0.015598,-0.948878,0.314249,0.096200,-0.015919,0.039455,0.027577,-0.246768,-0.421709,
1624924373.000000,716838837.000000,0.114497,-0.589351,-0.008433,0.024889,0.015576,-0.949211,0.313268,0.084706,-0.017136,0.007703,0.017772,-0.189478,-0.429512,
1624924373.000000,721842051.000000,0.113877,-0.589693,-0.008327,0.024463,0.015407,-0.949555,0.312264,0.108132,-0.017101,0.014846,0.027498,-0.206803,-0.427134,
1624924373.000000,726845026.000000,0.113388,-0.589950,-0.008279,0.024064,0.015221,-0.949905,0.311239,0.110580,-0.016291,0.013782,0.040236,-0.070539,-0.439994,
1624924373.000000,731848001.000000,0.112890,-0.590218,-0.008236,0.024119,0.015170,-0.950252,0.310177,0.113063,-0.015460,0.013101,0.027602,0.048793,-0.449597,
1624924373.000000,736851931.000000,0.112356,-0.590539,-0.008232,0.024285,0.015219,-0.950594,0.309112,0.122545,-0.011786,0.008292,0.005061,0.125936,-0.437944,
1624924373.000000,826907873.000000,0.099179,-0.596317,-0.007232,0.024463,0.014914,-0.956511,0.290287,0.112302,-0.012039,0.008443,0.027486,-0.085188,-0.425874,
1624924373.000000,831911802.000000,0.098517,-0.596713,-0.007141,0.024351,0.014860,-0.956828,0.289250,0.132370,-0.009075,0.015298,0.012509,0.018148,-0.439816,
1624924373.000000,836915016.000000,0.097930,-0.597055,-0.007101,0.024526,0.014910,-0.957143,0.288189,0.137541,-0.007416,0.015136,0.019892,0.113069,-0.440906,
1624924373.000000,841917992.000000,0.097324,-0.597417,-0.007061,0.024837,0.014978,-0.957451,0.287136,0.142809,-0.005736,0.015161,0.016884,0.145626,-0.433414,
1624924373.000000,846920967.000000,0.096735,-0.597780,-0.007068,0.025181,0.015100,-0.957752,0.286093,0.142768,-0.003392,0.008795,-0.007711,0.144660,-0.435495,
1624924373.000000,851923943.000000,0.095867,-0.598102,-0.006057,0.025881,0.015334,-0.958059,0.284988,0.147058,-0.001146,0.009228,-0.008969,0.145540,-0.454672,
1624924373.000000,856926680.000000,0.095242,-0.598508,-0.006062,0.026178,0.015477,-0.958378,0.283879,0.150138,0.000857,0.005946,-0.013012,0.107663,-0.461184,
1624924373.000000,861930609.000000,0.094681,-0.598842,-0.005973,0.026291,0.015584,-0.958699,0.282776,0.140621,-0.001069,0.014113,-0.008956,0.001676,-0.460006,
1624924373.000000,866933823.000000,0.094089,-0.599220,-0.005948,0.026221,0.015630,-0.959025,0.281671,0.139591,-0.000338,0.013761,-0.026788,-0.003189,-0.461119,
1624924373.000000,871936798.000000,0.093502,-0.599597,-0.005928,0.026224,0.015758,-0.959347,0.280566,0.138558,0.000389,0.013259,-0.030336,0.022990,-0.462158,
1624924373.000000,921968937.000000,0.087540,-0.605201,-0.006150,0.025097,0.014720,-0.962404,0.270061,0.095734,0.007737,0.004839,0.027527,-0.123492,-0.423013,
1624924373.000000,926971912.000000,0.086861,-0.605639,-0.005920,0.024900,0.014654,-0.962696,0.269039,0.122551,0.006698,0.024938,0.017580,-0.056418,-0.428223,
1624924373.000000,931974888.000000,0.086345,-0.605997,-0.005829,0.024775,0.014588,-0.962985,0.268016,0.126270,0.007682,0.025881,0.025291,-0.050305,-0.415533,
1624924373.000000,936978102.000000,0.085819,-0.606364,-0.005730,0.024741,0.014550,-0.963267,0.267009,0.129606,0.008673,0.027013,0.019896,0.049871,-0.432315,
1624924373.000000,941980839.000000,0.085276,-0.606762,-0.005703,0.025038,0.014627,-0.963556,0.265929,0.135273,0.011791,0.017982,0.007141,0.194455,-0.449675,
1624924373.000000,946983814.000000,0.084714,-0.607173,-0.005662,0.025526,0.014775,-0.963838,0.264853,0.139811,0.013672,0.015366,0.013410,0.182153,-0.434654,
1624924373.000000,951987982.000000,0.083404,-0.608956,-0.004511,0.026229,0.014969,-0.964122,0.263736,0.166910,0.019626,0.018497,-0.010843,0.130428,-0.427123,
1624924373.000000,956990957.000000,0.082887,-0.609375,-0.004376,0.026485,0.015120,-0.964399,0.262686,0.151538,0.020793,0.024623,-0.011228,0.096941,-0.443153,
1624924373.000000,961993694.000000,0.082286,-0.609856,-0.004304,0.026649,0.015212,-0.964690,0.261596,0.150757,0.022518,0.023778,-0.009787,0.062818,-0.454948,
1624924373.000000,966996908.000000,0.081690,-0.610342,-0.004238,0.026701,0.015295,-0.964982,0.260506,0.150251,0.024239,0.022907,-0.008996,-0.016266,-0.444311,
1624924374.000000,7022858.000000,0.076882,-0.612779,-0.004052,0.026860,0.014692,-0.967271,0.251894,0.113731,0.008028,0.044835,0.026074,-0.161759,-0.404987,
1624924374.000000,12024879.000000,0.076410,-0.613094,-0.003869,0.026414,0.014538,-0.967539,0.250918,0.107125,0.009231,0.041908,0.023099,-0.197777,-0.415432,
1624924374.000000,17028809.000000,0.075098,-0.611881,-0.005484,0.025940,0.014435,-0.967812,0.249919,0.112933,0.002383,0.020688,0.030441,-0.185045,-0.405172,
1624924374.000000,22032022.000000,0.074591,-0.612176,-0.005428,0.025524,0.014275,-0.968073,0.248956,0.112965,0.003307,0.018283,0.026321,-0.166888,-0.408007,
1624924374.000000,27034998.000000,0.074096,-0.612470,-0.005382,0.025185,0.014154,-0.968342,0.247948,0.112626,0.004245,0.015833,0.030395,-0.097285,-0.420014,
1624924374.000000,32037735.000000,0.073520,-0.612820,-0.005345,0.025040,0.014061,-0.968608,0.246928,0.126660,0.006186,0.014504,0.029525,-0.045933,-0.426253,
1624924374.000000,37040949.000000,0.072965,-0.613161,-0.005312,0.024985,0.014019,-0.968874,0.245891,0.131627,0.007562,0.012922,0.017685,0.019216,-0.424242,
1624924374.000000,42043924.000000,0.072391,-0.613519,-0.005290,0.025136,0.014060,-0.969131,0.244858,0.136462,0.008956,0.011448,0.000716,0.103263,-0.432597,
1624924374.000000,47047853.000000,0.071800,-0.613893,-0.005278,0.025460,0.014174,-0.969390,0.243791,0.141228,0.010381,0.010200,0.007998,0.181458,-0.437043,
1624924374.000000,52051067.000000,0.072006,-0.614870,-0.005617,0.026253,0.014277,-0.969661,0.242619,0.139957,0.017354,0.010391,0.016739,0.173288,-0.431679,
1624924374.000000,102081776.000000,0.065514,-0.619608,-0.006167,0.027258,0.014285,-0.972304,0.231687,0.118356,0.010914,0.053621,0.058053,-0.004623,-0.427474,
1624924374.000000,107085943.000000,0.065007,-0.619925,-0.005917,0.027075,0.014121,-0.972553,0.230671,0.112945,0.009591,0.059937,0.056154,-0.159677,-0.406164,
1624924374.000000,112088919.000000,0.064538,-0.620266,-0.005845,0.026578,0.013944,-0.972799,0.229698,0.109324,0.015172,0.037088,0.001942,-0.233040,-0.402874,
1624924374.000000,117091894.000000,0.064731,-0.619107,-0.006781,0.026073,0.013887,-0.973050,0.228696,0.094500,0.012998,0.005082,0.039600,-0.211677,-0.408397,
1624924374.000000,122094631.000000,0.064351,-0.619376,-0.006805,0.025621,0.013663,-0.973297,0.227707,0.089713,0.014375,-0.001547,0.034309,-0.175567,-0.405188,
1624924374.000000,127097845.000000,0.063783,-0.619751,-0.006662,0.025259,0.013563,-0.973538,0.226719,0.111378,0.016430,0.015983,0.031165,-0.112143,-0.413642,
1624924374.000000,132101774.000000,0.063312,-0.620081,-0.006629,0.025086,0.013463,-0.973781,0.225698,0.115166,0.018066,0.016164,0.009650,-0.036784,-0.421197,
1624924374.000000,137104988.000000,0.062828,-0.620425,-0.006598,0.025066,0.013502,-0.974020,0.224664,0.118925,0.019716,0.016238,0.006723,0.035180,-0.430698,
1624924374.000000,142107964.000000,0.062325,-0.620784,-0.006642,0.025185,0.013489,-0.974260,0.223608,0.124060,0.021335,0.004933,0.037085,0.043941,-0.427627,
1624924374.000000,147110939.000000,0.061806,-0.621158,-0.006660,0.025334,0.013491,-0.974496,0.222562,0.128671,0.022999,0.001048,0.000874,0.108906,-0.434894,
1624924374.000000,192138672.000000,0.055133,-0.622984,-0.006226,0.026788,0.013824,-0.976662,0.212654,0.116070,0.004749,0.041133,0.087047,0.139081,-0.462840,
