1624841023.125382,0.000000,0.567329,-0.495494,0.196299,
1624841023.129556,0.000000,0.567329,-0.495485,0.196289,
1624841023.133723,0.000000,0.567324,-0.495493,0.196301,
1624841023.137885,0.000000,0.567309,-0.495490,0.196287,
1624841023.142057,0.000000,0.567312,-0.495479,0.196286,
1624841023.146218,0.000000,0.567307,-0.495482,0.196284,
1624841023.150385,0.000000,0.567324,-0.495487,0.196291,
1624841023.154552,0.000000,0.567314,-0.495486,0.196292,
1624841023.158725,0.000000,0.567321,-0.495481,0.196293,
1624841023.162886,0.000000,0.567309,-0.495482,0.196282,
1624841023.167059,0.000000,0.567311,-0.495487,0.196299,
1624841023.171220,0.000000,0.567323,-0.495477,0.196291,
1624841023.175391,0.000000,0.567323,-0.495482,0.196290,
1624841023.179552,0.000000,0.567316,-0.495488,0.196300,
1624841023.183725,0.000000,0.567318,-0.495488,0.196296,
1624841023.187882,0.000000,0.567318,-0.495491,0.196291,
1624841023.192059,0.000000,0.567321,-0.495490,0.196294,
1624841023.196219,0.000000,0.567313,-0.495485,0.196285,
1624841023.200390,0.000000,0.567314,-0.495492,0.196296,
1624841023.204556,0.000000,0.567325,-0.495492,0.196300,
1624841023.208722,0.000000,0.567317,-0.495491,0.196296,
1624841033.842062,0.000000,0.567327,-0.495494,0.196295,
1624841033.846232,0.000000,0.567319,-0.495496,0.196291,
1624841033.850415,0.000000,0.567316,-0.495488,0.196277,
1624841033.854581,0.000000,0.567322,-0.495485,0.196280,
1624841033.858726,0.000000,0.567309,-0.495488,0.196298,
1624841033.862905,0.000000,0.567318,-0.495488,0.196301,
1624841033.867065,0.000000,0.567310,-0.495487,0.196287,
1624841033.871235,0.000000,0.567317,-0.495482,0.196278,
1624841033.875401,0.000000,0.567313,-0.495492,0.196294,
1624841033.879575,0.000000,0.567327,-0.495492,0.196291,
1624841033.883718,0.000000,0.567325,-0.495486,0.196298,
1624841033.946232,0.000000,0.568492,-0.495840,0.196451,
1624841033.950404,0.000000,0.568871,-0.495940,0.196484,
1624841033.954579,0.000000,0.569306,-0.496035,0.196514,
1624841033.958746,0.000000,0.569781,-0.496082,0.196528,
1624841033.962916,0.000000,0.570234,-0.496155,0.196536,
1624841033.967065,0.000000,0.570688,-0.496224,0.196538,
1624841033.971258,0.000000,0.571190,-0.496301,0.196548,
1624841033.975413,0.000000,0.571718,-0.496400,0.196584,
1624841033.979560,0.000000,0.572197,-0.496523,0.196593,
1624841033.983745,0.000000,0.572731,-0.496639,0.196648,
1624841034.046242,0.000000,0.581364,-0.497849,0.196185,
1624841034.050401,0.000000,0.581930,-0.497936,0.196238,
1624841034.054564,0.000000,0.582510,-0.498042,0.196264,
1624841034.058736,0.000000,0.583081,-0.498143,0.196261,
1624841034.062898,0.000000,0.583622,-0.498289,0.196270,
1624841034.067059,0.000000,0.584149,-0.498438,0.196370,
1624841034.071240,0.000000,0.584658,-0.498583,0.196426,
1624841034.075408,0.000000,0.585088,-0.498709,0.196397,
1624841034.079568,0.000000,0.585574,-0.498804,0.196401,
1624841034.083743,0.000000,0.586129,-0.498929,0.196409,
1624841034.146238,0.000000,0.594992,-0.500813,0.196104,
1624841034.150500,0.000000,0.595564,-0.500911,0.196136,
1624841034.154565,0.000000,0.596172,-0.501095,0.196191,
1624841034.158734,0.000000,0.596680,-0.501197,0.196224,
1624841034.162907,0.000000,0.597216,-0.501354,0.196276,
1624841034.167066,0.000000,0.597701,-0.501516,0.196269,
1624841034.171234,0.000000,0.598223,-0.501637,0.196288,
1624841034.175405,0.000000,0.598722,-0.501799,0.196360,
1624841034.179568,0.000000,0.599211,-0.501939,0.196354,
1624841034.183740,0.000000,0.599699,-0.502034,0.196277,
1624841034.246175,0.000000,0.608264,-0.504148,0.195818,
1624841034.250352,0.000000,0.608849,-0.504321,0.195829,
1624841034.254539,0.000000,0.609415,-0.504462,0.195936,
1624841034.258682,0.000000,0.609934,-0.504624,0.195978,
1624841034.262848,0.000000,0.610443,-0.504778,0.196025,
1624841034.267018,0.000000,0.610922,-0.504970,0.195964,
1624841034.271194,0.000000,0.611414,-0.505142,0.196009,
1624841034.275358,0.000000,0.611902,-0.505313,0.196039,
1624841034.279588,0.000000,0.612399,-0.505489,0.196187,
1624841034.283682,0.000000,0.612901,-0.505674,0.196150,
1624841034.346233,0.000000,0.621188,-0.508038,0.195663,
1624841034.350399,0.000000,0.621803,-0.508257,0.195645,
1624841034.354570,0.000000,0.622312,-0.508465,0.195700,
1624841034.358732,0.000000,0.622835,-0.508654,0.195731,
1624841034.362897,0.000000,0.623357,-0.508836,0.195785,
1624841034.367069,0.000000,0.623865,-0.509053,0.195829,
1624841034.371236,0.000000,0.624377,-0.509197,0.195928,
1624841034.375418,0.000000,0.624915,-0.509326,0.195926,
1624841034.379563,0.000000,0.625417,-0.509574,0.196000,
1624841034.383744,0.000000,0.625902,-0.509850,0.196088,
1624841034.446283,0.000000,0.634112,-0.512531,0.195520,
1624841034.450457,0.000000,0.634731,-0.512871,0.195483,
1624841034.454621,0.000000,0.635192,-0.513142,0.195526,
1624841034.458791,0.000000,0.635909,-0.513301,0.195566,
1624841034.462962,0.000000,0.636239,-0.513597,0.195707,
1624841034.467121,0.000000,0.636682,-0.513771,0.195701,
1624841034.471292,0.000000,0.637171,-0.513970,0.195724,
1624841034.475457,0.000000,0.637629,-0.514175,0.195809,
1624841034.479625,0.000000,0.638062,-0.514380,0.195851,
1624841034.483791,0.000000,0.638545,-0.514592,0.195884,
1624841034.546367,0.000000,0.646648,-0.517717,0.195509,
1624841034.550454,0.000000,0.647223,-0.517922,0.195419,
1624841034.554632,0.000000,0.647777,-0.518142,0.195389,
1624841034.558779,0.000000,0.648319,-0.518373,0.195383,
1624841034.562949,0.000000,0.648806,-0.518619,0.195347,
1624841034.567139,0.000000,0.649293,-0.518884,0.195401,
1624841034.571307,0.000000,0.649737,-0.519144,0.195560,
1624841034.575466,0.000000,0.650164,-0.519448,0.195643,
1624841034.579632,0.000000,0.650598,-0.519697,0.195738,
1624841034.583783,0.000000,0.651049,-0.519809,0.195707,
1624841034.646262,0.000000,0.658888,-0.523328,0.195423,
1624841034.650434,0.000000,0.659472,-0.523535,0.195310,
1624841034.654590,0.000000,0.659993,-0.523875,0.195372,
1624841034.658762,0.000000,0.660516,-0.524164,0.195409,
1624841034.662930,0.000000,0.661021,-0.524437,0.195439,
1624841034.667182,0.000000,0.661454,-0.524681,0.195505,
1624841034.671247,0.000000,0.661906,-0.524984,0.195573,
1624841034.675428,0.000000,0.662360,-0.525242,0.195630,
1624841034.679599,0.000000,0.662827,-0.525512,0.195603,
1624841034.683769,0.000000,0.663251,-0.525733,0.195670,
1624841034.746284,0.000000,0.670946,-0.529604,0.195420,
1624841034.750484,0.000000,0.671550,-0.529874,0.195346,
1624841034.754621,0.000000,0.672105,-0.530159,0.195284,
1624841034.758796,0.000000,0.672614,-0.530413,0.195270,
1624841034.762967,0.000000,0.673119,-0.530676,0.195281,
1624841034.767126,0.000000,0.673571,-0.530973,0.195309,
1624841034.771288,0.000000,0.674052,-0.531271,0.195356,
1624841034.775454,0.000000,0.674531,-0.531557,0.195410,
1624841034.779617,0.000000,0.674980,-0.531840,0.195459,
1624841034.783786,0.000000,0.675414,-0.532160,0.195521,
1624841034.846287,0.000000,0.682838,-0.536358,0.195297,
1624841034.850453,0.000000,0.683379,-0.536649,0.195244,
1624841034.854620,0.000000,0.683934,-0.536933,0.195196,
1624841034.858788,0.000000,0.684475,-0.537219,0.195171,
1624841034.862955,0.000000,0.684946,-0.537531,0.195188,
1624841034.867138,0.000000,0.685440,-0.537868,0.195254,
1624841034.871286,0.000000,0.685857,-0.538199,0.195331,
1624841034.875453,0.000000,0.686287,-0.538467,0.195338,
1624841034.879626,0.000000,0.686689,-0.538791,0.195417,
1624841034.883792,0.000000,0.687127,-0.539075,0.195418,
1624841034.946289,0.000000,0.694184,-0.543573,0.195234,
1624841034.950456,0.000000,0.694773,-0.543844,0.195178,
1624841034.954622,0.000000,0.695171,-0.544161,0.195142,
1624841034.958787,0.000000,0.695820,-0.544450,0.195036,
1624841034.963008,0.000000,0.696319,-0.544748,0.195013,
1624841034.967141,0.000000,0.696829,-0.545105,0.195057,
1624841034.971296,0.000000,0.697259,-0.545441,0.195120,
1624841034.975464,0.000000,0.697688,-0.545765,0.195179,
1624841034.979621,0.000000,0.698101,-0.546151,0.195303,
1624841034.983783,0.000000,0.698532,-0.546439,0.195391,
1624841035.046310,0.000000,0.705300,-0.551123,0.195132,
1624841035.050547,0.000000,0.705772,-0.551443,0.195079,
1624841035.054624,0.000000,0.706271,-0.551792,0.195027,
1624841035.058798,0.000000,0.706775,-0.552146,0.195003,
1624841035.062962,0.000000,0.707236,-0.552522,0.195015,
1624841035.067138,0.000000,0.707749,-0.552835,0.194978,
1624841035.071289,0.000000,0.708181,-0.553164,0.195027,
1624841035.075458,0.000000,0.708610,-0.553492,0.195119,
1624841035.079623,0.000000,0.708987,-0.553837,0.195180,
1624841035.083777,0.000000,0.709450,-0.554181,0.195203,
1624841035.146238,0.000000,0.716024,-0.559295,0.195224,
1624841035.150415,0.000000,0.716470,-0.559640,0.195181,
1624841035.154544,0.000000,0.716923,-0.559981,0.195139,
1624841035.158722,0.000000,0.717433,-0.560388,0.195106,
1624841035.162882,0.000000,0.717989,-0.560818,0.195075,
1624841035.167049,0.000000,0.718450,-0.561196,0.195090,
1624841035.171221,0.000000,0.718836,-0.561552,0.195125,
1624841035.175389,0.000000,0.719298,-0.561901,0.195168,
1624841035.179628,0.000000,0.719694,-0.562268,0.195249,
1624841035.183717,0.000000,0.720041,-0.562606,0.195307,
1624841035.246265,0.000000,0.726482,-0.567907,0.195067,
1624841035.250414,0.000000,0.727019,-0.568305,0.195012,
1624841035.254586,0.000000,0.727464,-0.568718,0.194975,
1624841035.258761,0.000000,0.727879,-0.569113,0.194929,
1624841035.262955,0.000000,0.728338,-0.569512,0.194930,
1624841035.267095,0.000000,0.728780,-0.569911,0.194950,
1624841035.271275,0.000000,0.729215,-0.570306,0.195004,
1624841035.275410,0.000000,0.729627,-0.570687,0.195044,
1624841035.279595,0.000000,0.730087,-0.571078,0.195066,
1624841035.283759,0.000000,0.730439,-0.571471,0.195222,
1624841035.346289,0.000000,0.736548,-0.577061,0.195116,
1624841035.350419,0.000000,0.737114,-0.577417,0.194991,
1624841035.354596,0.000000,0.737564,-0.577810,0.194927,
1624841035.358764,0.000000,0.738069,-0.578189,0.194865,
1624841035.362925,0.000000,0.738514,-0.578612,0.194810,
1624841035.367094,0.000000,0.738883,-0.579024,0.194859,
1624841035.371262,0.000000,0.739273,-0.579435,0.194912,
1624841035.375425,0.000000,0.739664,-0.579859,0.194956,
1624841035.379597,0.000000,0.739994,-0.580245,0.195015,
1624841035.383763,0.000000,0.740404,-0.580677,0.195087,
1624841035.446242,0.000000,0.746365,-0.586800,0.194968,
1624841035.450411,0.000000,0.746810,-0.587209,0.194940,
1624841035.454575,0.000000,0.747262,-0.587643,0.194892,
1624841035.458764,0.000000,0.747654,-0.588025,0.194864,
1624841035.462914,0.000000,0.748113,-0.588463,0.194831,
1624841035.467080,0.000000,0.748597,-0.588913,0.194823,
1624841035.471264,0.000000,0.749008,-0.589359,0.194853,
1624841035.475426,0.000000,0.749419,-0.589795,0.194879,
1624841035.479583,0.000000,0.749792,-0.590240,0.194934,
1624841035.483750,0.000000,0.750100,-0.590586,0.195017,
1624841035.546240,0.000000,0.755815,-0.597002,0.194947,
1624841035.550420,0.000000,0.756224,-0.597428,0.194921,
1624841035.554588,0.000000,0.756632,-0.597862,0.194914,
1624841035.558757,0.000000,0.757107,-0.598318,0.194838,
1624841035.563001,0.000000,0.757552,-0.598840,0.194794,
1624841035.567112,0.000000,0.757942,-0.599332,0.194844,
1624841035.571259,0.000000,0.758324,-0.599845,0.194885,
1624841035.575423,0.000000,0.758680,-0.600257,0.194931,
1624841035.579597,0.000000,0.759039,-0.600698,0.194982,
1624841035.583757,0.000000,0.759376,-0.601150,0.195028,
1624841035.646242,0.000000,0.764948,-0.607703,0.194817,
1624841035.650421,0.000000,0.765363,-0.608157,0.194743,
1624841035.654571,0.000000,0.765802,-0.608604,0.194679,
1624841035.658748,0.000000,0.766140,-0.609016,0.194650,
1624841035.662907,0.000000,0.766533,-0.609487,0.194621,
1624841035.667086,0.000000,0.766963,-0.609966,0.194556,
1624841035.671243,0.000000,0.767349,-0.610433,0.194576,
1624841035.675507,0.000000,0.767632,-0.610883,0.194654,
1624841035.679584,0.000000,0.767948,-0.611331,0.194725,
1624841035.683776,0.000000,0.768285,-0.611809,0.194754,
1624841035.746251,0.000000,0.773437,-0.618667,0.194875,
1624841035.750413,0.000000,0.773816,-0.619052,0.194812,
1624841035.754584,0.000000,0.774268,-0.619542,0.194683,
1624841035.758745,0.000000,0.774619,-0.620027,0.194565,
1624841035.762910,0.000000,0.775052,-0.620606,0.194526,
1624841035.767077,0.000000,0.775424,-0.621072,0.194582,
1624841035.771244,0.000000,0.775706,-0.621545,0.194575,
1624841035.775422,0.000000,0.776057,-0.621986,0.194600,
1624841035.779594,0.000000,0.776418,-0.622414,0.194603,
1624841035.783758,0.000000,0.776647,-0.622849,0.194656,
1624841035.846255,0.000000,0.781401,-0.629737,0.194675,
1624841035.850425,0.000000,0.781736,-0.630228,0.194598,
1624841035.854592,0.000000,0.782093,-0.630711,0.194571,
1624841035.858755,0.000000,0.782490,-0.631180,0.194521,
1624841035.862923,0.000000,0.782786,-0.631657,0.194512,
1624841035.867091,0.000000,0.783108,-0.632136,0.194465,
1624841035.871256,0.000000,0.783461,-0.632641,0.194461,
1624841035.875421,0.000000,0.783771,-0.633141,0.194460,
1624841035.879583,0.000000,0.784037,-0.633630,0.194547,
1624841035.883754,0.000000,0.784267,-0.634088,0.194731,
1624841035.946258,0.000000,0.788789,-0.641522,0.195093,
1624841035.950498,0.000000,0.789157,-0.642005,0.194883,
1624841035.954587,0.000000,0.789569,-0.642451,0.194773,
1624841035.958757,0.000000,0.789849,-0.642986,0.194774,
1624841035.962910,0.000000,0.790235,-0.643488,0.194708,
1624841035.967085,0.000000,0.790569,-0.643999,0.194662,
1624841035.971251,0.000000,0.790953,-0.644611,0.194563,
1624841035.975415,0.000000,0.791265,-0.645153,0.194586,
1624841035.979593,0.000000,0.791540,-0.645631,0.194629,
1624841035.983754,0.000000,0.791804,-0.646070,0.194706,
1624841036.046244,0.000000,0.795835,-0.653169,0.194031,
1624841036.050404,0.000000,0.796165,-0.653668,0.194004,
1624841036.054586,0.000000,0.796449,-0.654151,0.193951,
1624841036.058734,0.000000,0.796741,-0.654674,0.193983,
1624841036.062901,0.000000,0.797049,-0.655231,0.193939,
1624841036.067079,0.000000,0.797395,-0.655726,0.193894,
1624841036.071256,0.000000,0.797649,-0.656248,0.193917,
1624841036.075492,0.000000,0.797856,-0.656749,0.194129,
1624841036.079588,0.000000,0.798055,-0.657267,0.194178,
1624841036.083756,0.000000,0.798291,-0.657804,0.194150,
1624841036.146249,0.000000,0.801994,-0.664981,0.194465,
1624841036.150412,0.000000,0.802345,-0.665556,0.194361,
1624841036.154576,0.000000,0.802621,-0.666180,0.194271,
1624841036.158738,0.000000,0.802859,-0.666599,0.194161,
1624841036.162905,0.000000,0.803267,-0.667139,0.194074,
1624841036.167074,0.000000,0.803519,-0.667800,0.194015,
1624841036.171246,0.000000,0.803779,-0.668389,0.194033,
1624841036.175417,0.000000,0.804021,-0.668933,0.194044,
1624841036.179578,0.000000,0.804252,-0.669469,0.194084,
1624841036.183749,0.000000,0.804453,-0.669956,0.194141,
1624841036.246252,0.000000,0.807766,-0.677300,0.194136,
1624841036.250409,0.000000,0.808040,-0.677853,0.194125,
1624841036.254573,0.000000,0.808286,-0.678436,0.194113,
1624841036.258735,0.000000,0.808564,-0.678966,0.194040,
1624841036.262905,0.000000,0.808861,-0.679476,0.193966,
1624841036.267074,0.000000,0.809104,-0.680000,0.193913,
1624841036.271245,0.000000,0.809378,-0.680535,0.193825,
1624841036.275420,0.000000,0.809625,-0.681109,0.193806,
1624841036.279588,0.000000,0.809829,-0.681708,0.193847,
1624841036.283746,0.000000,0.810059,-0.682191,0.193866,
1624841036.346245,0.000000,0.812988,-0.689770,0.194029,
1624841036.350426,0.000000,0.813228,-0.690309,0.193961,
1624841036.354571,0.000000,0.813572,-0.690721,0.193891,
1624841036.358735,0.000000,0.813831,-0.691403,0.193868,
1624841036.362904,0.000000,0.814099,-0.691883,0.193787,
1624841036.367076,0.000000,0.814361,-0.692442,0.193662,
1624841036.371246,0.000000,0.814547,-0.693113,0.193615,
1624841036.375419,0.000000,0.814801,-0.693642,0.193586,
1624841036.379580,0.000000,0.814999,-0.694223,0.193613,
1624841036.383739,0.000000,0.815257,-0.694708,0.193565,
1624841036.446234,0.000000,0.817739,-0.702502,0.193842,
1624841036.450409,0.000000,0.817951,-0.703070,0.193802,
1624841036.454574,0.000000,0.818145,-0.703656,0.193786,
1624841036.458742,0.000000,0.818365,-0.704217,0.193877,
1624841036.462995,0.000000,0.818591,-0.704776,0.193839,
1624841036.467079,0.000000,0.818843,-0.705322,0.193735,
1624841036.471235,0.000000,0.819062,-0.705883,0.193651,
1624841036.475390,0.000000,0.819278,-0.706479,0.193684,
1624841036.479564,0.000000,0.819482,-0.707081,0.193677,
1624841036.483735,0.000000,0.819638,-0.707657,0.193728,
1624841036.546234,0.000000,0.821810,-0.715486,0.193919,
1624841036.550398,0.000000,0.822072,-0.715982,0.193805,
1624841036.554562,0.000000,0.822161,-0.716720,0.193870,
1624841036.558733,0.000000,0.822560,-0.717090,0.193553,
1624841036.562902,0.000000,0.822771,-0.717690,0.193455,
1624841036.567073,0.000000,0.822975,-0.718282,0.193385,
1624841036.571231,0.000000,0.823162,-0.718862,0.193333,
1624841036.575400,0.000000,0.823299,-0.719540,0.193342,
1624841036.579577,0.000000,0.823482,-0.720064,0.193381,
1624841036.583741,0.000000,0.823628,-0.720606,0.193433,
1624841036.646236,0.000000,0.825417,-0.728453,0.193530,
1624841036.650404,0.000000,0.825578,-0.728993,0.193466,
1624841036.654565,0.000000,0.825749,-0.729591,0.193446,
1624841036.658736,0.000000,0.825946,-0.730142,0.193367,
1624841036.662906,0.000000,0.826205,-0.730480,0.193545,
1624841036.667075,0.000000,0.826300,-0.731322,0.193277,
1624841036.671250,0.000000,0.826460,-0.731890,0.193283,
1624841036.675402,0.000000,0.826635,-0.732465,0.193332,
1624841036.679577,0.000000,0.826759,-0.733080,0.193285,
1624841036.683730,0.000000,0.826836,-0.733661,0.193358,
1624841036.746252,0.000000,0.828351,-0.741327,0.193833,
1624841036.750413,0.000000,0.828427,-0.741886,0.193580,
1624841036.754566,0.000000,0.828611,-0.742706,0.193346,
1624841036.758735,0.000000,0.828752,-0.743334,0.193263,
1624841036.762915,0.000000,0.828918,-0.743862,0.193200,
1624841036.767090,0.000000,0.829101,-0.744451,0.193147,
1624841036.771253,0.000000,0.829266,-0.745056,0.193072,
1624841036.775410,0.000000,0.829427,-0.745701,0.192971,
1624841036.779584,0.000000,0.829570,-0.746311,0.192909,
1624841036.783735,0.000000,0.829690,-0.746885,0.192882,
1624841036.861123,0.000000,0.830797,-0.754914,0.193375,
1624841036.850354,0.000000,0.830961,-0.755501,0.193333,
1624841036.854524,0.000000,0.831120,-0.756038,0.193235,
1624841036.858686,0.000000,0.831216,-0.756657,0.193175,
1624841036.862894,0.000000,0.831322,-0.757304,0.193088,
1624841036.867056,0.000000,0.831460,-0.757914,0.193004,
1624841036.871224,0.000000,0.831594,-0.758536,0.192995,
1624841036.875396,0.000000,0.831710,-0.759126,0.192963,
1624841036.879556,0.000000,0.831710,-0.759514,0.193209,
1624841036.883721,0.000000,0.831848,-0.760101,0.193142,
1624841036.946230,0.000000,0.832707,-0.768270,0.193476,
1624841036.950398,0.000000,0.832827,-0.768815,0.193453,
1624841036.954563,0.000000,0.832864,-0.769514,0.193424,
1624841036.958727,0.000000,0.832778,-0.770154,0.193368,
1624841036.962898,0.000000,0.833064,-0.770578,0.193216,
1624841036.967069,0.000000,0.833149,-0.771241,0.193166,
1624841036.971237,0.000000,0.833356,-0.771903,0.192922,
1624841036.975472,0.000000,0.833414,-0.772345,0.193011,
1624841036.979552,0.000000,0.833402,-0.773033,0.193007,
1624841036.983720,0.000000,0.833555,-0.773592,0.193090,
1624841037.046231,0.000000,0.834015,-0.781888,0.193246,
1624841037.050397,0.000000,0.834191,-0.782652,0.193093,
1624841037.054563,0.000000,0.834158,-0.783156,0.193155,
1624841037.058726,0.000000,0.834246,-0.783782,0.193125,
1624841037.062899,0.000000,0.834288,-0.784362,0.193090,
1624841037.067074,0.000000,0.834319,-0.784986,0.193051,
1624841037.071229,0.000000,0.834294,-0.785707,0.193023,
1624841037.075395,0.000000,0.834432,-0.786241,0.192909,
1624841037.079561,0.000000,0.834501,-0.786852,0.192841,
1624841037.083728,0.000000,0.834551,-0.787445,0.192846,
1624841037.146224,0.000000,0.834777,-0.796055,0.192951,
1624841037.150397,0.000000,0.834799,-0.796716,0.192886,
1624841037.154556,0.000000,0.834853,-0.797322,0.192868,
1624841037.158720,0.000000,0.834857,-0.797938,0.192890,
1624841037.162894,0.000000,0.834915,-0.798547,0.192843,
1624841037.167051,0.000000,0.834993,-0.799193,0.192776,
1624841037.171218,0.000000,0.834984,-0.799604,0.192831,
1624841037.175386,0.000000,0.835026,-0.800242,0.192768,
1624841037.179559,0.000000,0.835254,-0.800792,0.192754,
1624841037.183727,0.000000,0.835064,-0.801452,0.192696,
1624841037.246231,0.000000,0.834937,-0.810001,0.192830,
1624841037.250397,0.000000,0.834928,-0.810657,0.192762,
1624841037.254563,0.000000,0.834894,-0.811279,0.192781,
1624841037.258742,0.000000,0.834962,-0.811883,0.192686,
1624841037.262893,0.000000,0.834958,-0.812583,0.192526,
1624841037.267058,0.000000,0.835029,-0.812941,0.192635,
1624841037.271232,0.000000,0.835056,-0.813581,0.192588,
1624841037.275397,0.000000,0.834996,-0.814360,0.192451,
1624841037.279567,0.000000,0.834957,-0.815060,0.192335,
1624841037.283726,0.000000,0.834926,-0.815663,0.192335,
1624841037.346232,0.000000,0.834324,-0.823978,0.192521,
1624841037.350394,0.000000,0.834300,-0.824599,0.192499,
1624841037.354558,0.000000,0.834273,-0.825215,0.192557,
1624841037.358806,0.000000,0.834221,-0.825832,0.192511,
1624841037.362899,0.000000,0.834225,-0.826466,0.192417,
1624841037.367080,0.000000,0.834235,-0.827118,0.192397,
1624841037.371231,0.000000,0.834259,-0.827751,0.192263,
1624841037.375412,0.000000,0.834253,-0.828390,0.192188,
1624841037.379565,0.000000,0.834228,-0.828972,0.192149,
1624841037.383733,0.000000,0.834173,-0.829567,0.192171,
1624841037.446274,0.000000,0.833183,-0.837709,0.192507,
1624841037.450428,0.000000,0.833149,-0.838297,0.192451,
1624841037.454600,0.000000,0.833111,-0.838913,0.192381,
1624841037.458772,0.000000,0.833014,-0.839602,0.192321,
1624841037.462931,0.000000,0.832994,-0.840258,0.192228,
1624841037.467101,0.000000,0.832978,-0.840846,0.192155,
1624841037.471276,0.000000,0.832949,-0.841367,0.192006,
1624841037.475436,0.000000,0.832905,-0.842009,0.192052,
1624841037.479611,0.000000,0.832880,-0.842585,0.191900,
1624841037.483779,0.000000,0.832821,-0.843147,0.191858,
1624841037.546252,0.000000,0.831324,-0.851191,0.192323,
1624841037.550412,0.000000,0.831282,-0.851761,0.192253,
1624841037.554580,0.000000,0.831254,-0.852354,0.192222,
1624841037.558749,0.000000,0.831225,-0.852963,0.192148,
1624841037.562920,0.000000,0.831207,-0.853611,0.192103,
1624841037.567081,0.000000,0.831151,-0.854237,0.192049,
1624841037.571249,0.000000,0.831080,-0.854864,0.191981,
1624841037.575432,0.000000,0.831030,-0.855474,0.191816,
1624841037.579577,0.000000,0.830933,-0.856140,0.191827,
1624841037.583765,0.000000,0.830834,-0.856743,0.191820,
1624841037.646264,0.000000,0.829220,-0.864735,0.192372,
1624841037.650427,0.000000,0.829096,-0.865356,0.192342,
1624841037.654633,0.000000,0.828977,-0.865959,0.192316,
1624841037.658772,0.000000,0.828892,-0.866558,0.192258,
1624841037.662931,0.000000,0.828825,-0.867165,0.192167,
1624841037.667105,0.000000,0.828746,-0.867764,0.192102,
1624841037.671268,0.000000,0.828627,-0.868376,0.192077,
1624841037.675439,0.000000,0.828543,-0.868992,0.192021,
1624841037.679596,0.000000,0.828399,-0.869607,0.191964,
1624841037.683776,0.000000,0.828277,-0.870228,0.191950,
1624841037.746344,0.000000,0.826297,-0.877937,0.191882,
1624841037.750436,0.000000,0.826130,-0.878511,0.191902,
1624841037.754600,0.000000,0.826010,-0.879086,0.191847,
1624841037.758768,0.000000,0.825856,-0.879734,0.191800,
1624841037.762939,0.000000,0.825755,-0.880359,0.191754,
1624841037.767108,0.000000,0.825613,-0.880935,0.191708,
1624841037.771275,0.000000,0.825323,-0.881651,0.191709,
1624841037.775440,0.000000,0.825392,-0.882132,0.191650,
1624841037.779600,0.000000,0.825293,-0.882745,0.191577,
1624841037.783771,0.000000,0.825221,-0.883346,0.191453,
1624841037.846259,0.000000,0.822823,-0.891014,0.191765,
1624841037.850448,0.000000,0.822674,-0.891582,0.191742,
1624841037.854601,0.000000,0.822457,-0.892153,0.191821,
1624841037.858762,0.000000,0.822327,-0.892718,0.191764,
1624841037.862932,0.000000,0.822192,-0.893337,0.191669,
1624841037.867103,0.000000,0.822032,-0.893964,0.191631,
1624841037.871339,0.000000,0.821873,-0.894582,0.191586,
1624841037.875423,0.000000,0.821756,-0.895202,0.191489,
1624841037.879584,0.000000,0.821480,-0.895789,0.191806,
1624841037.883775,0.000000,0.821433,-0.896407,0.191397,
1624841037.946207,0.000000,0.818751,-0.903961,0.191874,
1624841037.950370,0.000000,0.818616,-0.904515,0.191563,
1624841037.954555,0.000000,0.818501,-0.905069,0.191476,
1624841037.958714,0.000000,0.818278,-0.905661,0.191456,
1624841037.962905,0.000000,0.818115,-0.906232,0.191411,
1624841037.967057,0.000000,0.817948,-0.906865,0.191313,
1624841037.971219,0.000000,0.817491,-0.907528,0.191616,
1624841037.975396,0.000000,0.817294,-0.908180,0.191579,
1624841037.979541,0.000000,0.817210,-0.908837,0.191204,
1624841037.983716,0.000000,0.817256,-0.909288,0.191109,
1624841038.046255,0.000000,0.814232,-0.916787,0.191433,
1624841038.050420,0.000000,0.814035,-0.917323,0.191460,
1624841038.054590,0.000000,0.813819,-0.917892,0.191389,
1624841038.058750,0.000000,0.813604,-0.918475,0.191375,
1624841038.062929,0.000000,0.813445,-0.919057,0.191291,
1624841038.067094,0.000000,0.813225,-0.919650,0.191254,
1624841038.071262,0.000000,0.813016,-0.920246,0.191243,
1624841038.075421,0.000000,0.812773,-0.920857,0.191399,
1624841038.079598,0.000000,0.812660,-0.921461,0.191065,
1624841038.083760,0.000000,0.812494,-0.922077,0.190984,
1624841038.146252,0.000000,0.809175,-0.929355,0.191266,
1624841038.150419,0.000000,0.808882,-0.929823,0.191510,
1624841038.154585,0.000000,0.808693,-0.930347,0.191300,
1624841038.158745,0.000000,0.808402,-0.930905,0.191452,
1624841038.162927,0.000000,0.808255,-0.931454,0.191225,
1624841038.167086,0.000000,0.808032,-0.932045,0.191153,
1624841038.171270,0.000000,0.807718,-0.932685,0.191315,
1624841038.175425,0.000000,0.807408,-0.933303,0.191289,
1624841038.179596,0.000000,0.807178,-0.933958,0.191227,
1624841038.183764,0.000000,0.806881,-0.934563,0.191211,
1624841038.246272,0.000000,0.803252,-0.941880,0.191408,
1624841038.250421,0.000000,0.802999,-0.942390,0.191409,
1624841038.254582,0.000000,0.802758,-0.942855,0.191367,
1624841038.258831,0.000000,0.802599,-0.943384,0.191239,
1624841038.262925,0.000000,0.802373,-0.943909,0.191183,
1624841038.267080,0.000000,0.802128,-0.944500,0.191126,
1624841038.271261,0.000000,0.801841,-0.945021,0.191154,
1624841038.275431,0.000000,0.801605,-0.945631,0.191068,
1624841038.279586,0.000000,0.801348,-0.946174,0.191055,
1624841038.283805,0.000000,0.801102,-0.946752,0.190967,
1624841038.346273,0.000000,0.797083,-0.953836,0.191331,
1624841038.350425,0.000000,0.796824,-0.954321,0.191236,
1624841038.354595,0.000000,0.796550,-0.954805,0.191221,
1624841038.358767,0.000000,0.796256,-0.955287,0.191210,
1624841038.362931,0.000000,0.796011,-0.955843,0.191192,
1624841038.367090,0.000000,0.795775,-0.956396,0.191135,
1624841038.371257,0.000000,0.795552,-0.956817,0.191184,
1624841038.375427,0.000000,0.795266,-0.957425,0.191110,
1624841038.379597,0.000000,0.794751,-0.958107,0.191129,
1624841038.383763,0.000000,0.794426,-0.958708,0.191019,
1624841038.446214,0.000000,0.790308,-0.965582,0.191256,
1624841038.450378,0.000000,0.789987,-0.966061,0.191265,
1624841038.454552,0.000000,0.789708,-0.966458,0.191362,
1624841038.458724,0.000000,0.789398,-0.967000,0.191309,
1624841038.462888,0.000000,0.789113,-0.967619,0.191220,
1624841038.467045,0.000000,0.788744,-0.968192,0.191187,
1624841038.471213,0.000000,0.788475,-0.968739,0.191086,
1624841038.475387,0.000000,0.788189,-0.969280,0.191037,
1624841038.479560,0.000000,0.787930,-0.969822,0.190925,
1624841038.483716,0.000000,0.787639,-0.970347,0.190855,
1624841038.546257,0.000000,0.783026,-0.977250,0.190931,
1624841038.550422,0.000000,0.782736,-0.977674,0.190936,
1624841038.554587,0.000000,0.782459,-0.978187,0.190877,
1624841038.558774,0.000000,0.782056,-0.978627,0.190992,
1624841038.562934,0.000000,0.781620,-0.979177,0.191019,
1624841038.567096,0.000000,0.781383,-0.979603,0.190991,
1624841038.571267,0.000000,0.781139,-0.980102,0.190903,
1624841038.575427,0.000000,0.780805,-0.980642,0.190851,
1624841038.579604,0.000000,0.780465,-0.981229,0.190775,
1624841038.583746,0.000000,0.779821,-0.981928,0.190764,
1624841038.646254,0.000000,0.775363,-0.988412,0.190748,
1624841038.650423,0.000000,0.775016,-0.988862,0.190734,
1624841038.654589,0.000000,0.774691,-0.989311,0.190728,
1624841038.658760,0.000000,0.774384,-0.989794,0.190665,
1624841038.662918,0.000000,0.774041,-0.990309,0.190602,
1624841038.667096,0.000000,0.773674,-0.990792,0.190644,
1624841038.671258,0.000000,0.773341,-0.991314,0.190599,
1624841038.675421,0.000000,0.772969,-0.991810,0.190588,
1624841038.679604,0.000000,0.772626,-0.992347,0.190532,
1624841038.683759,0.000000,0.772199,-0.992975,0.190361,
1624841038.746240,0.000000,0.767002,-0.999560,0.190392,
1624841038.750413,0.000000,0.766491,-1.000000,0.190441,
1624841038.754573,0.000000,0.766132,-1.000416,0.190446,
1624841038.758749,0.000000,0.765679,-1.000915,0.190431,
1624841038.762906,0.000000,0.765334,-1.001382,0.190402,
1624841038.767243,0.000000,0.764846,-1.001900,0.190407,
1624841038.771322,0.000000,0.764472,-1.002386,0.190399,
1624841038.775411,0.000000,0.764094,-1.002915,0.190346,
1624841038.779572,0.000000,0.763738,-1.003449,0.190310,
1624841038.783745,0.000000,0.763380,-1.003960,0.190244,
1624841038.846256,0.000000,0.757781,-1.010203,0.190451,
1624841038.850418,0.000000,0.757372,-1.010652,0.190461,
1624841038.854577,0.000000,0.757065,-1.011036,0.190489,
1624841038.858745,0.000000,0.756770,-1.011449,0.190443,
1624841038.863190,0.000000,0.756411,-1.011908,0.190395,
1624841038.867084,0.000000,0.756195,-1.012382,0.190326,
1624841038.871251,0.000000,0.755536,-1.012952,0.190368,
1624841038.875415,0.000000,0.755121,-1.013456,0.190275,
1624841038.879579,0.000000,0.754688,-1.014001,0.190117,
1624841038.883746,0.000000,0.754231,-1.014540,0.190064,
1624841038.946216,0.000000,0.748270,-1.020460,0.190686,
1624841038.950373,0.000000,0.747950,-1.020882,0.190595,
1624841038.954551,0.000000,0.747537,-1.021327,0.190612,
1624841038.958714,0.000000,0.747077,-1.021725,0.190637,
1624841038.962880,0.000000,0.746690,-1.022182,0.190574,
1624841038.967044,0.000000,0.746263,-1.022627,0.190581,
1624841038.971210,0.000000,0.745848,-1.023107,0.190532,
1624841038.975379,0.000000,0.745341,-1.023612,0.190535,
1624841038.979543,0.000000,0.744965,-1.024081,0.190464,
1624841038.983712,0.000000,0.744625,-1.024499,0.190405,
1624841039.046253,0.000000,0.738255,-1.030202,0.190656,
1624841039.050418,0.000000,0.737899,-1.030647,0.190529,
1624841039.054585,0.000000,0.737417,-1.031031,0.190602,
1624841039.058746,0.000000,0.737076,-1.031443,0.190547,
1624841039.062917,0.000000,0.736787,-1.031848,0.190426,
1624841039.067083,0.000000,0.736332,-1.032352,0.190300,
1624841039.071243,0.000000,0.735679,-1.032792,0.190456,
1624841039.075408,0.000000,0.735242,-1.033231,0.190428,
1624841039.079581,0.000000,0.734832,-1.033708,0.190358,
1624841039.083751,0.000000,0.734754,-1.034163,0.190063,
1624841039.146238,0.000000,0.728299,-1.039415,0.190569,
1624841039.150406,0.000000,0.727883,-1.039761,0.190514,
1624841039.154658,0.000000,0.727557,-1.040088,0.190589,
1624841039.158735,0.000000,0.727113,-1.040459,0.190586,
1624841039.162935,0.000000,0.726689,-1.040848,0.190544,
1624841039.167073,0.000000,0.726175,-1.041323,0.190405,
1624841039.171234,0.000000,0.725776,-1.041749,0.190292,
1624841039.175410,0.000000,0.725356,-1.042151,0.190244,
1624841039.179582,0.000000,0.724936,-1.042579,0.190171,
1624841039.183738,0.000000,0.724478,-1.043015,0.190111,
1624841039.246249,0.000000,0.717979,-1.048381,0.189938,
1624841039.250406,0.000000,0.717552,-1.048677,0.189979,
1624841039.254585,0.000000,0.717411,-1.049104,0.189755,
1624841039.258742,0.000000,0.717094,-1.049370,0.189856,
1624841039.262912,0.000000,0.716183,-1.049694,0.190064,
1624841039.267079,0.000000,0.715852,-1.049955,0.190184,
1624841039.271247,0.000000,0.715308,-1.050475,0.189976,
1624841039.275406,0.000000,0.714835,-1.050956,0.189802,
1624841039.279579,0.000000,0.714359,-1.051376,0.189702,
1624841039.283816,0.000000,0.713852,-1.051774,0.189685,
1624841039.346239,0.000000,0.707052,-1.056684,0.189979,
1624841039.350417,0.000000,0.706665,-1.056964,0.189976,
1624841039.354568,0.000000,0.706186,-1.057283,0.189988,
1624841039.358758,0.000000,0.705789,-1.057595,0.190004,
1624841039.362909,0.000000,0.705316,-1.057902,0.190054,
1624841039.367079,0.000000,0.704702,-1.058216,0.190215,
1624841039.371242,0.000000,0.704232,-1.058590,0.190160,
1624841039.375406,0.000000,0.703722,-1.058973,0.190060,
1624841039.379578,0.000000,0.703164,-1.059392,0.189949,
1624841039.383742,0.000000,0.702674,-1.059801,0.189892,
1624841039.446246,0.000000,0.695783,-1.064539,0.189884,
1624841039.450400,0.000000,0.695259,-1.064799,0.189935,
1624841039.454558,0.000000,0.694758,-1.065128,0.189903,
1624841039.458731,0.000000,0.694420,-1.065355,0.189890,
1624841039.462906,0.000000,0.693949,-1.065659,0.189932,
1624841039.467076,0.000000,0.693427,-1.065978,0.189914,
1624841039.471239,0.000000,0.692875,-1.066386,0.189843,
1624841039.475406,0.000000,0.692407,-1.066673,0.189846,
1624841039.479559,0.000000,0.691901,-1.067014,0.189867,
1624841039.483734,0.000000,0.691426,-1.067359,0.189807,
1624841039.546226,0.000000,0.684460,-1.071734,0.189847,
1624841039.550396,0.000000,0.683958,-1.071995,0.189885,
1624841039.554560,0.000000,0.683410,-1.072213,0.189957,
1624841039.558734,0.000000,0.682981,-1.072503,0.189928,
1624841039.562901,0.000000,0.682517,-1.072803,0.189900,
1624841039.567077,0.000000,0.682040,-1.073117,0.189821,
1624841039.571244,0.000000,0.681727,-1.073325,0.189876,
1624841039.575402,0.000000,0.681315,-1.073629,0.189842,
1624841039.579616,0.000000,0.680783,-1.073965,0.189805,
1624841039.583734,0.000000,0.680257,-1.074359,0.189670,
1624841039.646237,0.000000,0.672799,-1.078715,0.189532,
1624841039.650401,0.000000,0.672361,-1.078865,0.189605,
1624841039.654569,0.000000,0.671820,-1.079099,0.189715,
1624841039.658734,0.000000,0.671355,-1.079298,0.189748,
1624841039.662910,0.000000,0.670949,-1.079507,0.189760,
1624841039.667073,0.000000,0.670434,-1.079758,0.189790,
1624841039.671313,0.000000,0.669958,-1.080058,0.189721,
1624841039.675400,0.000000,0.669411,-1.080353,0.189704,
1624841039.679573,0.000000,0.668812,-1.080631,0.189706,
1624841039.683738,0.000000,0.668270,-1.080988,0.189627,
1624841039.746234,0.000000,0.660665,-1.084651,0.190084,
1624841039.750409,0.000000,0.660212,-1.084837,0.190094,
1624841039.754566,0.000000,0.659753,-1.085053,0.190113,
1624841039.758733,0.000000,0.659258,-1.085289,0.190071,
1624841039.762895,0.000000,0.658756,-1.085516,0.190067,
1624841039.767066,0.000000,0.658346,-1.085774,0.190084,
1624841039.771235,0.000000,0.658031,-1.086023,0.189858,
1624841039.775409,0.000000,0.657251,-1.086249,0.190037,
1624841039.779564,0.000000,0.656914,-1.086619,0.189707,
1624841039.783730,0.000000,0.656117,-1.086880,0.189883,
1624841039.846238,0.000000,0.648624,-1.090482,0.189685,
1624841039.850397,0.000000,0.648110,-1.090639,0.189740,
1624841039.854572,0.000000,0.647634,-1.090788,0.189786,
1624841039.858751,0.000000,0.647198,-1.090978,0.189769,
1624841039.862901,0.000000,0.646720,-1.091145,0.189810,
1624841039.867064,0.000000,0.646288,-1.091323,0.189832,
1624841039.871232,0.000000,0.645667,-1.091554,0.189863,
1624841039.875397,0.000000,0.645145,-1.091800,0.189864,
1624841039.879571,0.000000,0.644582,-1.092065,0.189815,
1624841039.883743,0.000000,0.644057,-1.092330,0.189752,
1624841039.946265,0.000000,0.636272,-1.095645,0.189641,
1624841039.950405,0.000000,0.635781,-1.095821,0.189663,
1624841039.954571,0.000000,0.635441,-1.095989,0.189644,
1624841039.958729,0.000000,0.634840,-1.096148,0.189699,
1624841039.962897,0.000000,0.634358,-1.096324,0.189723,
1624841039.967060,0.000000,0.633837,-1.096476,0.189768,
1624841039.971231,0.000000,0.633319,-1.096655,0.189789,
1624841039.975395,0.000000,0.632865,-1.096813,0.189805,
1624841039.979551,0.000000,0.632227,-1.097000,0.189853,
1624841039.983736,0.000000,0.631671,-1.097231,0.189828,
1624841040.046237,0.000000,0.623560,-1.100198,0.189715,
1624841040.050388,0.000000,0.623154,-1.100323,0.189775,
1624841040.054655,0.000000,0.622550,-1.100480,0.189813,
1624841040.058726,0.000000,0.622056,-1.100598,0.189861,
1624841040.062902,0.000000,0.621496,-1.100780,0.189857,
1624841040.067056,0.000000,0.620983,-1.100937,0.189853,
1624841040.071213,0.000000,0.620487,-1.101170,0.189787,
1624841040.075390,0.000000,0.620005,-1.101331,0.189785,
1624841040.079553,0.000000,0.619455,-1.101528,0.189739,
1624841040.083725,0.000000,0.618944,-1.101739,0.189667,
1624841040.146225,0.000000,0.610647,-1.104354,0.189538,
1624841040.150414,0.000000,0.610113,-1.104430,0.189615,
1624841040.154706,0.000000,0.609615,-1.104593,0.189614,
1624841040.158789,0.000000,0.609136,-1.104726,0.189601,
1624841040.162963,0.000000,0.608609,-1.104847,0.189623,
1624841040.167127,0.000000,0.608033,-1.104972,0.189647,
1624841040.171290,0.000000,0.607488,-1.105198,0.189565,
1624841040.175616,0.000000,0.606967,-1.105297,0.189653,
1624841040.179618,0.000000,0.606405,-1.105476,0.189638,
1624841040.184083,0.000000,0.605844,-1.105665,0.189623,
1624841040.246290,0.000000,0.597423,-1.107846,0.189715,
1624841040.250460,0.000000,0.596872,-1.107923,0.189765,
1624841040.254621,0.000000,0.596406,-1.108049,0.189778,
1624841040.258792,0.000000,0.595812,-1.108142,0.189783,
1624841040.262960,0.000000,0.595305,-1.108261,0.189812,
1624841040.267119,0.000000,0.594823,-1.108476,0.189681,
1624841040.271284,0.000000,0.594272,-1.108635,0.189634,
1624841040.275448,0.000000,0.593642,-1.108750,0.189637,
1624841040.279622,0.000000,0.593101,-1.108989,0.189447,
1624841040.283772,0.000000,0.592518,-1.109065,0.189533,
1624841040.346288,0.000000,0.584051,-1.110860,0.189641,
1624841040.350445,0.000000,0.583600,-1.110994,0.189561,
1624841040.354612,0.000000,0.583048,-1.111132,0.189512,
1624841040.358778,0.000000,0.582550,-1.111302,0.189482,
1624841040.362940,0.000000,0.582025,-1.111364,0.189481,
1624841040.367119,0.000000,0.581481,-1.111400,0.189537,
1624841040.371291,0.000000,0.580907,-1.111488,0.189543,
1624841040.375461,0.000000,0.580344,-1.111604,0.189513,
1624841040.379651,0.000000,0.579809,-1.111710,0.189496,
1624841040.383795,0.000000,0.579269,-1.111783,0.189569,
1624841040.446287,0.000000,0.570627,-1.113432,0.189290,
1624841040.450461,0.000000,0.570065,-1.113506,0.189297,
1624841040.454629,0.000000,0.569546,-1.113566,0.189316,
1624841040.458792,0.000000,0.569092,-1.113654,0.189282,
1624841040.462983,0.000000,0.568569,-1.113731,0.189265,
1624841040.467123,0.000000,0.567868,-1.113759,0.189386,
1624841040.471278,0.000000,0.567279,-1.113848,0.189381,
1624841040.475450,0.000000,0.566705,-1.113960,0.189343,
1624841040.479621,0.000000,0.566054,-1.114081,0.189374,
1624841040.483791,0.000000,0.565391,-1.114161,0.189389,
1624841040.546269,0.000000,0.556745,-1.115072,0.189612,
1624841040.550445,0.000000,0.556196,-1.115090,0.189643,
1624841040.554616,0.000000,0.555611,-1.115190,0.189581,
1624841040.558788,0.000000,0.554970,-1.115097,0.189795,
1624841040.562939,0.000000,0.554424,-1.115132,0.189820,
1624841040.567211,0.000000,0.553873,-1.115183,0.189789,
1624841040.571270,0.000000,0.553316,-1.115301,0.189686,
1624841040.575464,0.000000,0.552698,-1.115330,0.189737,
1624841040.579615,0.000000,0.552193,-1.115441,0.189678,
1624841040.583779,0.000000,0.551537,-1.115535,0.189599,
1624841040.646277,0.000000,0.542986,-1.116399,0.189380,
1624841040.650443,0.000000,0.542497,-1.116387,0.189423,
1624841040.654620,0.000000,0.542005,-1.116331,0.189519,
1624841040.658772,0.000000,0.541607,-1.116342,0.189514,
1624841040.662963,0.000000,0.540952,-1.116382,0.189511,
1624841040.667124,0.000000,0.540419,-1.116393,0.189536,
1624841040.671241,0.000000,0.539903,-1.116364,0.189695,
1624841040.675408,0.000000,0.539052,-1.116415,0.189723,
1624841040.679577,0.000000,0.538391,-1.116494,0.189559,
1624841040.683748,0.000000,0.537870,-1.116475,0.189589,
1624841040.746233,0.000000,0.529282,-1.116822,0.189448,
1624841040.750396,0.000000,0.528863,-1.116832,0.189411,
1624841040.754578,0.000000,0.528328,-1.116829,0.189447,
1624841040.758753,0.000000,0.527686,-1.116871,0.189420,
1624841040.762907,0.000000,0.527217,-1.116795,0.189615,
1624841040.767081,0.000000,0.526686,-1.116920,0.189484,
1624841040.771234,0.000000,0.526091,-1.116934,0.189398,
1624841040.775440,0.000000,0.525487,-1.116886,0.189488,
1624841040.779619,0.000000,0.524859,-1.116920,0.189420,
1624841040.783781,0.000000,0.524370,-1.116816,0.189556,
1624841040.846276,0.000000,0.515650,-1.116951,0.189562,
1624841040.850440,0.000000,0.515115,-1.116951,0.189534,
1624841040.854613,0.000000,0.514587,-1.116897,0.189546,
1624841040.858787,0.000000,0.514088,-1.116853,0.189584,
1624841040.862945,0.000000,0.513569,-1.116817,0.189598,
1624841040.867117,0.000000,0.512886,-1.116731,0.189716,
1624841040.871277,0.000000,0.512351,-1.116699,0.189723,
1624841040.875445,0.000000,0.511877,-1.116653,0.189752,
1624841040.879615,0.000000,0.511355,-1.116621,0.189727,
1624841040.883775,0.000000,0.510842,-1.116598,0.189729,
1624841040.946269,0.000000,0.501957,-1.116338,0.189533,
1624841040.950438,0.000000,0.501457,-1.116299,0.189554,
1624841040.954691,0.000000,0.500954,-1.116253,0.189575,
1624841040.958776,0.000000,0.500465,-1.116157,0.189624,
1624841040.962940,0.000000,0.499917,-1.116112,0.189628,
1624841040.967122,0.000000,0.499418,-1.116040,0.189658,
1624841040.971271,0.000000,0.498924,-1.115984,0.189697,
1624841040.975439,0.000000,0.498410,-1.115922,0.189699,
1624841040.979613,0.000000,0.497903,-1.115952,0.189614,
1624841040.983776,0.000000,0.497307,-1.115891,0.189622,
1624841041.046268,0.000000,0.488427,-1.115129,0.189610,
1624841041.050466,0.000000,0.487931,-1.115049,0.189653,
1624841041.054599,0.000000,0.487410,-1.114961,0.189689,
1624841041.058780,0.000000,0.486907,-1.114847,0.189746,
1624841041.062942,0.000000,0.486431,-1.114778,0.189754,
1624841041.067104,0.000000,0.485912,-1.114703,0.189754,
1624841041.071258,0.000000,0.485411,-1.114625,0.189783,
1624841041.075440,0.000000,0.484906,-1.114547,0.189791,
1624841041.079685,0.000000,0.484318,-1.114508,0.189779,
1624841041.083775,0.000000,0.483806,-1.114470,0.189637,
1624841041.146276,0.000000,0.474889,-1.113604,0.189327,
1624841041.150455,0.000000,0.474376,-1.113471,0.189398,
1624841041.154613,0.000000,0.473883,-1.113348,0.189464,
1624841041.158774,0.000000,0.473380,-1.113222,0.189462,
1624841041.162944,0.000000,0.472913,-1.113091,0.189517,
1624841041.167134,0.000000,0.472591,-1.112963,0.189588,
1624841041.171276,0.000000,0.472001,-1.112857,0.189651,
1624841041.175437,0.000000,0.471357,-1.112781,0.189599,
1624841041.179605,0.000000,0.470856,-1.112698,0.189617,
1624841041.183787,0.000000,0.470422,-1.112584,0.189663,
1624841041.246270,0.000000,0.461621,-1.111104,0.189358,
1624841041.250439,0.000000,0.461131,-1.110976,0.189424,
1624841041.254607,0.000000,0.460539,-1.110891,0.189382,
1624841041.258775,0.000000,0.460085,-1.110726,0.189457,
1624841041.262940,0.000000,0.459639,-1.110538,0.189584,
1624841041.267109,0.000000,0.459176,-1.110382,0.189599,
1624841041.271265,0.000000,0.458690,-1.110323,0.189598,
1624841041.275436,0.000000,0.458111,-1.110183,0.189615,
1624841041.279603,0.000000,0.457608,-1.110067,0.189638,
1624841041.283772,0.000000,0.457069,-1.109974,0.189602,
1624841041.346463,0.000000,0.448436,-1.108230,0.189298,
1624841041.350437,0.000000,0.447952,-1.108088,0.189409,
1624841041.354599,0.000000,0.447444,-1.107948,0.189440,
1624841041.358759,0.000000,0.447051,-1.107737,0.189557,
1624841041.362935,0.000000,0.446512,-1.107549,0.189641,
1624841041.367109,0.000000,0.446029,-1.107410,0.189631,
1624841041.371270,0.000000,0.445554,-1.107260,0.189643,
1624841041.375435,0.000000,0.445051,-1.107097,0.189695,
1624841041.379623,0.000000,0.444447,-1.107017,0.189638,
1624841041.383776,0.000000,0.444108,-1.106753,0.189842,
