1624841033.000000,841045141.000000,0.000027,-0.000024,0.000090,0.000905,0.027154,-0.000048,0.999631,-0.003382,0.000755,0.004555,-0.000560,-0.009999,-0.002635,
1624841033.000000,846048355.000000,0.000014,-0.000020,0.000112,0.000900,0.027123,-0.000062,0.999632,-0.003349,0.000793,0.004522,0.001456,0.008491,-0.002810,
1624841033.000000,851051092.000000,0.000006,-0.000017,0.000136,0.000906,0.027167,-0.000059,0.999631,-0.002527,0.000595,0.005046,-0.001607,0.002812,0.002633,
1624841033.000000,856054068.000000,0.000163,-0.000185,-0.000003,0.000919,0.027166,-0.000035,0.999631,-0.000752,-0.001735,0.006208,-0.000653,-0.009332,0.001565,
1624841033.000000,861056805.000000,0.000161,-0.000194,0.000031,0.000923,0.027165,-0.000033,0.999631,-0.000899,-0.001798,0.006980,0.001563,0.008810,0.002576,
1624841033.000000,866060019.000000,0.000164,-0.000203,0.000059,0.000925,0.027181,-0.000022,0.999630,-0.000381,-0.001855,0.006757,0.000451,-0.004813,0.004750,
1624841033.000000,871062994.000000,0.000165,-0.000213,0.000094,0.000926,0.027163,-0.000021,0.999631,-0.000174,-0.001915,0.007181,0.000468,0.004389,-0.006940,
1624841033.000000,876065731.000000,0.000170,-0.000222,0.000131,0.000923,0.027181,-0.000045,0.999630,0.000194,-0.001973,0.007665,-0.003783,-0.005782,-0.006002,
1624841033.000000,881068945.000000,0.000179,-0.000231,0.000175,0.000913,0.027151,-0.000047,0.999631,0.000906,-0.001791,0.008736,-0.001702,-0.003054,0.000514,
1624841033.000000,886071920.000000,0.000186,-0.000240,0.000220,0.000912,0.027172,-0.000042,0.999630,0.001203,-0.001755,0.009337,-0.001631,0.012118,0.005773,
1624841033.000000,926094770.000000,0.000007,0.000139,0.000031,0.000868,0.027169,-0.000035,0.999631,-0.003816,0.003192,0.005560,-0.000610,-0.002598,-0.000484,
1624841033.000000,931097984.000000,-0.000007,0.000155,0.000056,0.000871,0.027145,-0.000050,0.999631,-0.003642,0.003133,0.005618,0.004699,0.001159,-0.008092,
1624841033.000000,936100960.000000,-0.000026,0.000171,0.000084,0.000880,0.027154,-0.000057,0.999631,-0.004038,0.003073,0.005832,-0.001615,-0.011050,0.005757,
1624841033.000000,941103935.000000,-0.000049,0.000186,0.000119,0.000843,0.026645,-0.000044,0.999645,-0.004730,0.003010,0.006422,-0.031445,-0.528439,-0.005772,
1624841033.000000,946107149.000000,0.000056,0.000154,0.000206,0.000763,0.024744,-0.000151,0.999694,0.011991,-0.003770,0.014415,-0.014678,-0.835475,-0.094127,
1624841033.000000,951110125.000000,0.000135,0.000128,0.000283,0.000740,0.022995,-0.000545,0.999735,0.018353,-0.006504,0.017190,-0.012097,-0.500463,-0.220019,
1624841033.000000,956112862.000000,0.000877,-0.000354,0.000194,0.000776,0.022426,-0.001186,0.999748,0.048125,-0.018083,0.017112,0.050121,0.039566,-0.294780,
1624841033.000000,961116076.000000,0.001649,-0.000482,0.000142,0.000962,0.023098,-0.001932,0.999731,0.111233,-0.023719,0.008702,0.080739,0.466818,-0.283071,
1624841033.000000,966119051.000000,0.002272,-0.000612,0.000149,0.001049,0.024304,-0.002616,0.999701,0.136773,-0.027174,0.007426,-0.013204,0.378105,-0.275234,
1624841033.000000,971121073.000000,0.003021,-0.000761,0.000125,0.001003,0.024935,-0.003310,0.999683,0.162286,-0.030552,0.004238,0.043364,0.194299,-0.273383,
1624841034.000000,21151066.000000,0.008008,-0.002065,-0.000140,0.001519,0.025841,-0.013399,0.999575,0.131162,-0.025880,-0.002959,0.011057,-0.033484,-0.451771,
1624841034.000000,26154280.000000,0.008662,-0.002210,-0.000203,0.001528,0.025763,-0.014501,0.999562,0.131859,-0.025074,-0.006204,0.010222,-0.002369,-0.430409,
1624841034.000000,31157017.000000,0.009317,-0.002353,-0.000278,0.001501,0.025872,-0.015553,0.999543,0.132514,-0.024281,-0.009041,-0.009124,0.081813,-0.410209,
1624841034.000000,36159992.000000,0.009977,-0.002493,-0.000367,0.001433,0.026116,-0.016561,0.999521,0.133317,-0.023493,-0.011847,-0.029297,0.097806,-0.401615,
1624841034.000000,41162014.000000,0.010632,-0.002616,-0.000461,0.001310,0.026277,-0.017579,0.999499,0.133573,-0.020957,-0.013676,-0.047461,0.008905,-0.419718,
1624841034.000000,46165943.000000,0.011292,-0.002742,-0.000559,0.001175,0.026233,-0.018658,0.999481,0.133981,-0.019567,-0.015496,-0.028389,-0.014083,-0.443243,
1624841034.000000,51168203.000000,0.011954,-0.002862,-0.000668,0.001105,0.026234,-0.019789,0.999459,0.134480,-0.018163,-0.017374,-0.011115,-0.001741,-0.462388,
1624841034.000000,56170940.000000,0.012804,-0.002881,0.000260,0.001091,0.026314,-0.021049,0.999432,0.138204,-0.025288,0.017188,0.016384,0.034980,-0.449957,
1624841034.000000,61174154.000000,0.013500,-0.003042,0.000312,0.001089,0.026461,-0.022165,0.999403,0.140016,-0.026632,0.020181,-0.020503,0.075438,-0.453952,
1624841034.000000,66176891.000000,0.014204,-0.003211,0.000371,0.001035,0.026690,-0.023310,0.999371,0.141818,-0.027962,0.022591,0.039287,0.108163,-0.454225,
1624841034.000000,151226997.000000,0.027774,-0.005732,0.000432,0.001270,0.027044,-0.042293,0.998738,0.162304,-0.015990,0.012356,-0.017713,-0.018332,-0.467278,
1624841034.000000,156230211.000000,0.027969,-0.005704,-0.000813,0.001251,0.026889,-0.043520,0.998690,0.147278,-0.016491,-0.013066,-0.021575,0.063881,-0.468593,
1624841034.000000,161232948.000000,0.028690,-0.005851,-0.000933,0.001187,0.027097,-0.044671,0.998634,0.146389,-0.016829,-0.014742,0.014056,0.080028,-0.450485,
1624841034.000000,166235924.000000,0.029418,-0.006058,-0.000794,0.001261,0.027253,-0.045786,0.998579,0.145753,-0.022792,0.010522,0.044493,0.049045,-0.446092,
1624841034.000000,171239138.000000,0.030133,-0.006244,-0.000761,0.001350,0.027359,-0.046911,0.998523,0.144733,-0.024806,0.017818,0.057916,0.046822,-0.449412,
1624841034.000000,176242113.000000,0.030844,-0.006442,-0.000690,0.001496,0.027491,-0.048037,0.998466,0.143745,-0.026819,0.025149,0.069888,0.062831,-0.450423,
1624841034.000000,181245089.000000,0.031488,-0.006635,-0.000636,0.001642,0.027553,-0.049170,0.998409,0.134161,-0.027467,0.024556,0.073975,-0.043666,-0.451516,
1624841034.000000,186248302.000000,0.031823,-0.006932,-0.000102,0.001801,0.027586,-0.050371,0.998348,0.120952,-0.031204,0.036618,0.057084,-0.060672,-0.438936,
1624841034.000000,191251040.000000,0.032408,-0.007153,0.000061,0.001852,0.027420,-0.051442,0.998298,0.116601,-0.032759,0.040239,0.009165,-0.116558,-0.416516,
1624841034.000000,196254015.000000,0.033027,-0.007307,0.000057,0.001822,0.027032,-0.052467,0.998255,0.118416,-0.025755,0.023760,0.027936,-0.157993,-0.406879,
1624841034.000000,241280079.000000,0.040020,-0.008700,-0.000282,0.001728,0.027376,-0.062328,0.997679,0.154918,-0.011113,0.000139,-0.035825,0.063556,-0.448735,
1624841034.000000,246283054.000000,0.040777,-0.008849,-0.000325,0.001630,0.027525,-0.063437,0.997605,0.153321,-0.009978,-0.001018,-0.035440,0.030281,-0.444348,
1624841034.000000,251285791.000000,0.041526,-0.008993,-0.000376,0.001518,0.027516,-0.064541,0.997535,0.151739,-0.008850,-0.002469,-0.015544,-0.037872,-0.440146,
1624841034.000000,256289005.000000,0.041878,-0.009454,-0.001009,0.001473,0.027313,-0.065677,0.997466,0.146721,-0.019378,0.001264,-0.019407,-0.014790,-0.449742,
1624841034.000000,261291981.000000,0.042584,-0.009650,-0.001013,0.001402,0.027372,-0.066805,0.997389,0.146225,-0.020705,0.005610,0.003593,0.049253,-0.448835,
1624841034.000000,266294003.000000,0.043294,-0.009854,-0.001002,0.001439,0.027514,-0.067910,0.997311,0.146017,-0.022037,0.009675,0.031697,0.057744,-0.437000,
1624841034.000000,271296978.000000,0.044011,-0.010067,-0.000982,0.001503,0.027645,-0.069013,0.997232,0.146280,-0.023363,0.013268,0.040004,0.055432,-0.452911,
1624841034.000000,276299953.000000,0.044678,-0.010304,-0.000821,0.001621,0.027830,-0.070159,0.997146,0.139893,-0.027233,0.031423,0.073003,0.111434,-0.454198,
1624841034.000000,281302929.000000,0.045359,-0.010544,-0.000695,0.001817,0.028093,-0.071281,0.997059,0.137935,-0.029412,0.039117,0.083854,0.069801,-0.445490,
1624841034.000000,286305904.000000,0.045670,-0.010882,-0.000338,0.002051,0.028107,-0.072438,0.996975,0.135125,-0.034782,0.052505,0.061345,-0.074704,-0.415958,
1624841034.000000,331332922.000000,0.051829,-0.012601,-0.000775,0.002050,0.026859,-0.082013,0.996267,0.159389,-0.014609,-0.005269,-0.006608,0.106248,-0.457587,
1624841034.000000,336336136.000000,0.052569,-0.012799,-0.000815,0.002000,0.027128,-0.083145,0.996166,0.157765,-0.013630,-0.003574,-0.017566,0.078125,-0.454255,
1624841034.000000,341339111.000000,0.053340,-0.012995,-0.000880,0.001945,0.027289,-0.084276,0.996067,0.160209,-0.012328,-0.004849,-0.014209,0.074165,-0.453239,
1624841034.000000,346341848.000000,0.054123,-0.013189,-0.000951,0.001879,0.027498,-0.085401,0.995965,0.162642,-0.011017,-0.005942,-0.032292,0.066400,-0.452146,
1624841034.000000,351343870.000000,0.054869,-0.013392,-0.001009,0.001793,0.027665,-0.086521,0.995864,0.158279,-0.012558,-0.004708,-0.007011,0.085859,-0.446854,
1624841034.000000,356347084.000000,0.055078,-0.013628,-0.001213,0.001779,0.027649,-0.087670,0.995764,0.146371,-0.015354,-0.006900,-0.031952,0.037010,-0.450032,
1624841034.000000,361350060.000000,0.055782,-0.013831,-0.001289,0.001623,0.027697,-0.088796,0.995663,0.145959,-0.015230,-0.006811,-0.042312,0.033848,-0.455417,
1624841034.000000,366353035.000000,0.056468,-0.014097,-0.001148,0.001560,0.027824,-0.089937,0.995558,0.143763,-0.022443,0.017978,0.004968,0.037978,-0.462829,
1624841034.000000,371356010.000000,0.057155,-0.014342,-0.001072,0.001625,0.027914,-0.091091,0.995450,0.142527,-0.024764,0.026585,0.076137,0.070003,-0.457597,
1624841034.000000,376358986.000000,0.057837,-0.014601,-0.000941,0.001836,0.028094,-0.092220,0.995341,0.141403,-0.027084,0.036170,0.078784,0.055035,-0.445783,
1624841034.000000,421386242.000000,0.063771,-0.016498,-0.001282,0.002179,0.026670,-0.101793,0.994446,0.150114,-0.013211,0.001757,0.022177,0.077316,-0.423645,
1624841034.000000,426388025.000000,0.064505,-0.016715,-0.001319,0.002202,0.026878,-0.102858,0.994330,0.155123,-0.012068,0.000532,0.009111,0.104162,-0.433223,
1624841034.000000,431391001.000000,0.065231,-0.016914,-0.001418,0.002194,0.027108,-0.103947,0.994211,0.156544,-0.009533,-0.006790,-0.020472,0.043405,-0.441763,
1624841034.000000,436394215.000000,0.065996,-0.017122,-0.001493,0.002110,0.027206,-0.105066,0.994091,0.160646,-0.007907,-0.008966,-0.012347,0.082392,-0.464060,
1624841034.000000,441397190.000000,0.066788,-0.017328,-0.001583,0.002114,0.027507,-0.106219,0.993960,0.165209,-0.006245,-0.011197,0.004046,0.113437,-0.450467,
1624841034.000000,446399927.000000,0.067539,-0.017538,-0.001647,0.002108,0.027744,-0.107310,0.993836,0.160834,-0.007230,-0.008058,-0.002532,0.094548,-0.438401,
1624841034.000000,451403141.000000,0.067477,-0.017973,-0.001481,0.002127,0.027881,-0.108454,0.993708,0.141480,-0.013383,-0.007571,-0.037596,0.106371,-0.436559,
1624841034.000000,456405878.000000,0.068148,-0.018189,-0.001561,0.002012,0.028128,-0.109530,0.993583,0.140722,-0.012876,-0.008596,-0.038905,0.058138,-0.435403,
1624841034.000000,461408854.000000,0.068787,-0.018430,-0.001562,0.001916,0.028217,-0.110615,0.993461,0.136862,-0.016026,-0.000317,-0.027982,0.032020,-0.438652,
1624841034.000000,466412067.000000,0.069432,-0.018661,-0.001590,0.001847,0.028237,-0.111708,0.993338,0.135112,-0.016733,0.002235,0.007967,-0.056080,-0.441826,
1624841034.000000,511437893.000000,0.075188,-0.021498,-0.001248,0.002392,0.026611,-0.121311,0.992255,0.122974,-0.024400,0.018130,0.027056,-0.108615,-0.427147,
1624841034.000000,516441107.000000,0.075768,-0.021766,-0.001216,0.002449,0.026457,-0.122346,0.992132,0.125501,-0.023805,0.016024,0.037181,-0.024462,-0.407796,
1624841034.000000,521444082.000000,0.076493,-0.021787,-0.001596,0.002380,0.026631,-0.123431,0.991993,0.138513,-0.018743,0.002526,0.025179,0.046276,-0.420621,
1624841034.000000,526446819.000000,0.077230,-0.022041,-0.001669,0.002423,0.026881,-0.124494,0.991853,0.149810,-0.015317,-0.002893,0.000813,0.174171,-0.428282,
1624841034.000000,531450033.000000,0.077950,-0.022301,-0.001726,0.002438,0.027311,-0.125551,0.991708,0.155405,-0.013783,-0.004736,0.003752,0.099154,-0.428138,
1624841034.000000,536453009.000000,0.078697,-0.022561,-0.001794,0.002439,0.027408,-0.126631,0.991568,0.160781,-0.012221,-0.006592,-0.000176,0.034862,-0.445189,
1624841034.000000,541455984.000000,0.079396,-0.022810,-0.001852,0.002386,0.027525,-0.127755,0.991421,0.155511,-0.011652,-0.005962,-0.026986,0.026512,-0.459108,
1624841034.000000,546459198.000000,0.080134,-0.023062,-0.001927,0.002312,0.027624,-0.128894,0.991271,0.156661,-0.010469,-0.006684,-0.002652,0.084883,-0.459103,
1624841034.000000,551462173.000000,0.080356,-0.023213,-0.001789,0.002354,0.027952,-0.130027,0.991114,0.151475,-0.010047,-0.009795,-0.002222,0.047905,-0.435761,
1624841034.000000,556464911.000000,0.081041,-0.023467,-0.001836,0.002284,0.028063,-0.131098,0.990969,0.149383,-0.011226,-0.006493,-0.036624,0.085770,-0.442948,
1624841034.000000,646518230.000000,0.092077,-0.028537,-0.002171,0.002629,0.027910,-0.150490,0.988214,0.139246,-0.005970,-0.018512,-0.025721,0.029968,-0.451850,
1624841034.000000,651520252.000000,0.092675,-0.028775,-0.002228,0.002545,0.028047,-0.151602,0.988040,0.133598,-0.007274,-0.012592,-0.020660,0.047746,-0.454887,
1624841034.000000,656522989.000000,0.094119,-0.029571,-0.002177,0.002604,0.028308,-0.152731,0.987859,0.148069,-0.012167,-0.004085,-0.002348,0.071715,-0.444425,
1624841034.000000,661525726.000000,0.094803,-0.029851,-0.002238,0.002574,0.028490,-0.153812,0.987686,0.147362,-0.011476,-0.004263,-0.032014,0.048857,-0.436805,
1624841034.000000,666528940.000000,0.095488,-0.030159,-0.002223,0.002453,0.028651,-0.154901,0.987511,0.147648,-0.013951,0.004007,-0.043043,0.102052,-0.449639,
1624841034.000000,671531916.000000,0.096165,-0.030452,-0.002236,0.002402,0.028912,-0.156007,0.987330,0.146913,-0.014263,0.006606,0.000759,0.037781,-0.440185,
1624841034.000000,676534891.000000,0.096837,-0.030746,-0.002240,0.002437,0.028836,-0.157088,0.987161,0.146043,-0.014587,0.008871,0.062575,-0.052614,-0.442079,
1624841034.000000,681537867.000000,0.097454,-0.031075,-0.002103,0.002590,0.028747,-0.158204,0.986984,0.138674,-0.021543,0.029625,0.081964,0.019726,-0.452917,
1624841034.000000,686540842.000000,0.098370,-0.031500,-0.001976,0.002860,0.028900,-0.159307,0.986802,0.142327,-0.027557,0.046799,0.078524,0.132487,-0.447631,
1624841034.000000,691543818.000000,0.099009,-0.031865,-0.001757,0.003070,0.029179,-0.160391,0.986617,0.140035,-0.030533,0.056709,0.074353,0.076677,-0.423150,
1624841034.000000,736569881.000000,0.104262,-0.034234,-0.002064,0.002898,0.027531,-0.169695,0.985108,0.158360,-0.008680,0.001088,-0.002413,0.109237,-0.446476,
1624841034.000000,741572857.000000,0.105003,-0.034539,-0.002109,0.002912,0.027812,-0.170822,0.984905,0.164262,-0.006898,-0.001186,-0.000189,0.127945,-0.460532,
1624841034.000000,746576071.000000,0.105673,-0.034819,-0.002142,0.002917,0.028074,-0.171939,0.984703,0.157487,-0.005798,-0.001345,-0.009749,0.041835,-0.444478,
1624841034.000000,751579046.000000,0.106940,-0.035645,-0.002224,0.002982,0.028335,-0.173044,0.984502,0.161109,-0.008402,0.000883,-0.021542,0.025817,-0.452821,
1624841034.000000,756582022.000000,0.107690,-0.035958,-0.002270,0.002922,0.028474,-0.174166,0.984300,0.162686,-0.006848,-0.000501,-0.016230,0.060577,-0.449928,
1624841034.000000,761584997.000000,0.108412,-0.036299,-0.002308,0.002873,0.028639,-0.175262,0.984101,0.161737,-0.009596,-0.000359,-0.026739,0.070823,-0.451769,
1624841034.000000,766587973.000000,0.109152,-0.036623,-0.002355,0.002795,0.028829,-0.176380,0.983896,0.161967,-0.009356,-0.000825,-0.028011,0.059421,-0.450952,
1624841034.000000,771590948.000000,0.109891,-0.036947,-0.002406,0.002729,0.028960,-0.177485,0.983694,0.162113,-0.009120,-0.001442,-0.019337,0.043277,-0.457117,
1624841034.000000,776594162.000000,0.110588,-0.037304,-0.002285,0.002721,0.029079,-0.178617,0.983485,0.156905,-0.015295,0.021846,0.037911,0.053936,-0.455217,
1624841034.000000,781597137.000000,0.110268,-0.038043,-0.002070,0.002970,0.029031,-0.179732,0.983283,0.144427,-0.030962,0.042341,0.087287,-0.000715,-0.447712,
1624841034.000000,826623201.000000,0.114532,-0.041100,-0.001765,0.003118,0.027039,-0.189218,0.981558,0.137239,-0.022675,0.010586,0.022084,0.071002,-0.428754,
1624841034.000000,831626177.000000,0.115138,-0.041463,-0.001744,0.003199,0.027323,-0.190252,0.981350,0.143035,-0.021822,0.010617,0.013757,0.142298,-0.421043,
1624841034.000000,836629152.000000,0.115744,-0.041799,-0.001769,0.003249,0.027644,-0.191297,0.981138,0.143215,-0.017682,0.004327,0.005047,0.107190,-0.429674,
1624841034.000000,841632128.000000,0.116385,-0.042149,-0.001794,0.003270,0.027888,-0.192371,0.980920,0.147058,-0.015475,0.001441,-0.006511,0.109901,-0.450914,
1624841034.000000,846635103.000000,0.117046,-0.042498,-0.001835,0.003259,0.028176,-0.193496,0.980691,0.151022,-0.013234,-0.001494,-0.016235,0.096705,-0.460648,
1624841034.000000,851638079.000000,0.117975,-0.043026,-0.001768,0.003354,0.028652,-0.194669,0.980445,0.162397,-0.011411,-0.004273,-0.028938,0.060279,-0.445770,
1624841034.000000,856641054.000000,0.118559,-0.043395,-0.001728,0.003275,0.028759,-0.195754,0.980226,0.151981,-0.015775,0.003154,-0.016317,0.003332,-0.447743,
1624841034.000000,861644030.000000,0.119230,-0.043760,-0.001760,0.003234,0.028803,-0.196873,0.980001,0.151858,-0.015441,0.002681,-0.003318,0.074568,-0.463854,
1624841034.000000,866646767.000000,0.119904,-0.044126,-0.001791,0.003224,0.029064,-0.197995,0.979767,0.152167,-0.015104,0.002691,-0.023583,0.081241,-0.444780,
1624841034.000000,871649981.000000,0.120580,-0.044511,-0.001779,0.003126,0.029186,-0.199070,0.979546,0.153112,-0.017101,0.008550,-0.042866,0.023003,-0.448729,
1624841034.000000,916675806.000000,0.124282,-0.048251,-0.002109,0.003464,0.027673,-0.208551,0.977614,0.118561,-0.030923,0.010276,0.037197,-0.154820,-0.421239,
1624841034.000000,921679020.000000,0.124768,-0.048638,-0.002090,0.003442,0.027364,-0.209574,0.977404,0.120822,-0.030573,0.009998,0.022113,-0.111921,-0.404310,
1624841034.000000,926681995.000000,0.125266,-0.049028,-0.002073,0.003413,0.027186,-0.210567,0.977195,0.123203,-0.030219,0.009746,0.005129,0.008986,-0.423135,
1624841034.000000,931684971.000000,0.125850,-0.049433,-0.002106,0.003438,0.027398,-0.211633,0.976959,0.134321,-0.027273,0.004473,0.010313,0.133891,-0.434230,
1624841034.000000,936687946.000000,0.126422,-0.049841,-0.002126,0.003540,0.027725,-0.212680,0.976722,0.139800,-0.026015,0.002706,0.038110,0.125228,-0.429663,
1624841034.000000,941691160.000000,0.127019,-0.050254,-0.002140,0.003636,0.028040,-0.213735,0.976482,0.145179,-0.024736,0.002122,-0.016924,0.165937,-0.429814,
1624841034.000000,946693897.000000,0.127578,-0.050632,-0.002116,0.003585,0.028401,-0.214785,0.976242,0.139233,-0.021828,0.006534,-0.030470,0.043334,-0.438201,
1624841034.000000,951696873.000000,0.128169,-0.051021,-0.002121,0.003533,0.028333,-0.215868,0.976005,0.139832,-0.019887,0.006847,0.023256,-0.041102,-0.443680,
1624841034.000000,956700087.000000,0.129554,-0.051381,-0.002529,0.003637,0.028526,-0.216970,0.975755,0.146764,-0.012431,-0.007517,-0.030695,0.039145,-0.456284,
1624841034.000000,961703062.000000,0.130193,-0.051744,-0.002612,0.003510,0.028691,-0.218084,0.975502,0.147507,-0.010441,-0.009847,-0.032651,0.054129,-0.450087,
1624841035.000000,16735077.000000,0.138247,-0.056444,-0.003072,0.003748,0.027958,-0.229633,0.972868,0.123159,-0.017243,-0.005140,0.037119,-0.274859,-0.407095,
1624841035.000000,21738291.000000,0.138752,-0.056790,-0.003142,0.003693,0.027385,-0.230662,0.972641,0.119791,-0.016021,-0.009873,0.037317,-0.157207,-0.418206,
1624841035.000000,26741028.000000,0.139511,-0.057251,-0.003113,0.003672,0.027154,-0.231670,0.972408,0.148781,-0.014058,0.000885,0.013697,-0.043337,-0.416801,
1624841035.000000,31744003.000000,0.140158,-0.057653,-0.003146,0.003670,0.027137,-0.232696,0.972164,0.155536,-0.012536,0.001534,0.017889,0.034763,-0.421237,
1624841035.000000,36747217.000000,0.140837,-0.058065,-0.003174,0.003736,0.027365,-0.233729,0.971910,0.162181,-0.010983,0.002487,0.004280,0.172279,-0.433878,
1624841035.000000,41749239.000000,0.141504,-0.058450,-0.003259,0.003822,0.027878,-0.234792,0.971638,0.161429,-0.007599,-0.005361,0.000789,0.204853,-0.435127,
1624841035.000000,46752214.000000,0.142213,-0.058851,-0.003338,0.003893,0.028267,-0.235840,0.971373,0.165442,-0.005284,-0.008424,-0.002138,0.107962,-0.432828,
1624841035.000000,51754951.000000,0.142705,-0.059432,-0.003073,0.004033,0.028733,-0.236947,0.971089,0.168194,-0.004840,-0.015439,-0.011906,0.019731,-0.438180,
1624841035.000000,56758165.000000,0.143327,-0.059819,-0.003090,0.003974,0.028783,-0.238025,0.970824,0.158213,-0.006880,-0.006571,-0.021340,0.035329,-0.452029,
1624841035.000000,61760902.000000,0.144007,-0.060211,-0.003163,0.003922,0.028933,-0.239125,0.970550,0.157257,-0.006001,-0.005882,-0.013008,0.055019,-0.449999,
1624841035.000000,106787920.000000,0.149087,-0.064550,-0.003151,0.004507,0.028928,-0.248712,0.968135,0.130596,-0.024439,0.025186,0.015890,-0.182434,-0.401857,
1624841035.000000,111790895.000000,0.149593,-0.064963,-0.003071,0.004376,0.028433,-0.249710,0.967893,0.124366,-0.022811,0.020740,0.015725,-0.191469,-0.413797,
1624841035.000000,116794109.000000,0.149268,-0.065039,-0.003876,0.004180,0.027868,-0.250635,0.967671,0.104509,-0.017276,-0.021418,0.022312,-0.196251,-0.394543,
1624841035.000000,121797085.000000,0.149888,-0.065512,-0.003864,0.004093,0.027354,-0.251598,0.967436,0.126023,-0.018924,-0.008452,0.038249,-0.222747,-0.409283,
1624841035.000000,126800060.000000,0.150393,-0.065903,-0.003941,0.004047,0.026928,-0.252621,0.967182,0.127990,-0.018324,-0.008810,0.025646,-0.058359,-0.425516,
1624841035.000000,131801844.000000,0.150908,-0.066296,-0.004020,0.004071,0.026981,-0.253647,0.966912,0.130192,-0.017707,-0.009053,0.012619,0.044971,-0.422213,
1624841035.000000,136805058.000000,0.151507,-0.066716,-0.004155,0.004109,0.027069,-0.254673,0.966640,0.143392,-0.014698,-0.016275,0.023355,0.053390,-0.427512,
1624841035.000000,141808033.000000,0.152106,-0.067137,-0.004284,0.004176,0.027268,-0.255725,0.966356,0.150006,-0.013068,-0.019441,0.001158,0.119285,-0.444558,
1624841035.000000,146811008.000000,0.152736,-0.067568,-0.004432,0.004211,0.027648,-0.256810,0.966057,0.156730,-0.011394,-0.022641,-0.019346,0.181850,-0.451038,
1624841035.000000,151814222.000000,0.153428,-0.068159,-0.002796,0.004456,0.028357,-0.257938,0.965735,0.156809,-0.010850,0.004822,0.004211,0.081560,-0.435061,
1624841035.000000,241867065.000000,0.162181,-0.076058,-0.002792,0.004555,0.027096,-0.276869,0.960515,0.148122,-0.015793,0.014003,0.006372,0.070593,-0.438145,
1624841035.000000,246869802.000000,0.162760,-0.076501,-0.002822,0.004585,0.027295,-0.277934,0.960201,0.149486,-0.013039,0.005510,-0.008429,0.115704,-0.449903,
1624841035.000000,251873016.000000,0.163481,-0.077243,-0.002920,0.004814,0.027909,-0.279064,0.959855,0.159420,-0.012592,-0.003129,-0.018069,0.116362,-0.458453,
1624841035.000000,256875992.000000,0.164129,-0.077724,-0.002989,0.004807,0.028155,-0.280154,0.959530,0.163378,-0.010608,-0.006376,-0.015894,0.091294,-0.447828,
1624841035.000000,261878729.000000,0.164671,-0.078172,-0.002978,0.004797,0.028337,-0.281206,0.959217,0.152595,-0.012804,0.000451,-0.006323,0.024106,-0.431771,
1624841035.000000,266881943.000000,0.165279,-0.078638,-0.003023,0.004752,0.028380,-0.282248,0.958910,0.152146,-0.012194,0.000008,-0.021096,0.045368,-0.445539,
1624841035.000000,271884918.000000,0.165889,-0.079103,-0.003071,0.004694,0.028561,-0.283324,0.958587,0.151892,-0.011573,-0.000444,-0.030903,0.043386,-0.443653,
1624841035.000000,276887894.000000,0.166500,-0.079605,-0.003045,0.004593,0.028569,-0.284381,0.958275,0.154289,-0.015673,0.009579,-0.024386,-0.052559,-0.449764,
1624841035.000000,281890154.000000,0.167105,-0.080097,-0.003032,0.004481,0.028420,-0.285482,0.957952,0.154649,-0.016932,0.013600,0.006365,-0.061296,-0.463824,
1624841035.000000,286892891.000000,0.167407,-0.080368,-0.003249,0.004497,0.028059,-0.286613,0.957625,0.143127,-0.021143,0.024337,0.089401,0.110249,-0.484003,
1624841035.000000,336922884.000000,0.172180,-0.084941,-0.003327,0.004900,0.026823,-0.296837,0.954539,0.139363,-0.014751,0.009172,0.005503,0.123067,-0.429697,
1624841035.000000,341925859.000000,0.172719,-0.085393,-0.003327,0.004967,0.027100,-0.297877,0.954207,0.143069,-0.012832,0.006761,0.020123,0.119999,-0.437286,
1624841035.000000,346929073.000000,0.173283,-0.085857,-0.003339,0.005058,0.027300,-0.298925,0.953873,0.147616,-0.011266,0.004357,0.004672,0.021142,-0.444618,
1624841035.000000,351932049.000000,0.174062,-0.087054,-0.003319,0.005215,0.027568,-0.300029,0.953517,0.165996,-0.014665,-0.006305,-0.014933,0.046238,-0.463789,
1624841035.000000,356935024.000000,0.174611,-0.087515,-0.003371,0.005200,0.027779,-0.301138,0.953162,0.157377,-0.012228,-0.006473,-0.030571,0.078186,-0.459679,
1624841035.000000,361936808.000000,0.175221,-0.088014,-0.003448,0.005143,0.027968,-0.302203,0.952819,0.158155,-0.010349,-0.008041,-0.017082,0.072142,-0.438240,
1624841035.000000,366940975.000000,0.175837,-0.088507,-0.003530,0.005138,0.028128,-0.303240,0.952485,0.158670,-0.008480,-0.009446,-0.016642,0.029277,-0.437124,
1624841035.000000,371942997.000000,0.176425,-0.089011,-0.003563,0.005042,0.028177,-0.304293,0.952148,0.156047,-0.011340,-0.002780,-0.037174,0.013764,-0.449970,
1624841035.000000,376945972.000000,0.177025,-0.089509,-0.003617,0.004935,0.028260,-0.305376,0.951800,0.155384,-0.011356,-0.001318,-0.037121,0.011165,-0.460641,
1624841035.000000,381949186.000000,0.177621,-0.090007,-0.003666,0.004854,0.028246,-0.306478,0.951446,0.154772,-0.011367,-0.000358,0.020200,-0.039865,-0.464905,
1624841035.000000,421972990.000000,0.180907,-0.093987,-0.003574,0.005332,0.026774,-0.314787,0.948770,0.125679,-0.017894,0.005552,0.028958,-0.235803,-0.441428,
1624841035.000000,426976204.000000,0.181369,-0.094441,-0.003569,0.005227,0.026421,-0.315853,0.948426,0.126339,-0.016660,0.003892,-0.004961,-0.013935,-0.446938,
1624841035.000000,431979179.000000,0.181827,-0.094885,-0.003557,0.005229,0.026590,-0.316890,0.948075,0.126442,-0.015436,0.003013,0.008455,0.070325,-0.427662,
1624841035.000000,436982155.000000,0.182401,-0.095402,-0.003600,0.005340,0.026766,-0.317892,0.947734,0.142981,-0.013292,-0.001321,0.045089,0.145871,-0.421198,
1624841035.000000,441983938.000000,0.182942,-0.095891,-0.003672,0.005546,0.027206,-0.318894,0.947384,0.148599,-0.011717,-0.005157,0.007886,0.194953,-0.424459,
1624841035.000000,446987867.000000,0.183508,-0.096391,-0.003771,0.005603,0.027537,-0.319901,0.947034,0.154227,-0.010112,-0.009208,-0.009589,0.055779,-0.427645,
1624841035.000000,451990843.000000,0.183921,-0.097353,-0.003149,0.005754,0.027830,-0.320994,0.946655,0.147662,-0.013778,0.006859,0.000272,-0.087873,-0.442559,
1624841035.000000,456992865.000000,0.184469,-0.097856,-0.003162,0.005612,0.027650,-0.322076,0.946293,0.148142,-0.012299,0.004798,-0.052752,-0.043656,-0.474519,
1624841035.000000,461996078.000000,0.185022,-0.098356,-0.003193,0.005465,0.027684,-0.323206,0.945908,0.148824,-0.010797,0.002171,0.002855,0.009135,-0.470464,
1624841035.000000,466998816.000000,0.185623,-0.098887,-0.003255,0.005518,0.027721,-0.324299,0.945532,0.155342,-0.009445,-0.001861,0.007309,0.051971,-0.459544,
1624841035.000000,517029047.000000,0.190871,-0.103811,-0.003787,0.005992,0.027506,-0.334832,0.941857,0.125418,-0.011213,0.000677,-0.000559,-0.147636,-0.425436,
1624841035.000000,522032022.000000,0.191317,-0.104241,-0.003827,0.005747,0.027095,-0.335872,0.941500,0.122193,-0.009467,-0.003741,-0.019267,-0.204443,-0.455376,
1624841035.000000,527034998.000000,0.191882,-0.104772,-0.003807,0.005549,0.026676,-0.336955,0.941127,0.138396,-0.008837,0.001994,-0.003770,-0.144059,-0.454409,
1624841035.000000,532037020.000000,0.192399,-0.105250,-0.003824,0.005478,0.026469,-0.338008,0.940755,0.141788,-0.007432,0.001802,0.051141,-0.025204,-0.442533,
1624841035.000000,537039995.000000,0.192932,-0.105734,-0.003835,0.005642,0.026496,-0.339041,0.940382,0.145188,-0.006019,0.002267,0.060364,0.090322,-0.428770,
1624841035.000000,542043209.000000,0.193484,-0.106228,-0.003862,0.005785,0.026750,-0.340047,0.940010,0.148802,-0.004598,0.001719,0.004528,0.120254,-0.433947,
1624841035.000000,547045946.000000,0.194059,-0.106706,-0.003970,0.005820,0.027057,-0.341093,0.939622,0.152034,-0.000669,-0.007474,-0.035923,0.136698,-0.458558,
1624841035.000000,552048922.000000,0.194079,-0.108037,-0.003763,0.006029,0.027451,-0.342190,0.939210,0.160348,-0.008196,-0.013852,-0.043416,0.070511,-0.464951,
1624841035.000000,557052135.000000,0.194672,-0.108584,-0.003894,0.005942,0.027531,-0.343273,0.938813,0.164352,-0.005851,-0.019547,-0.008399,-0.011819,-0.459551,
1624841035.000000,562055111.000000,0.195138,-0.109096,-0.003890,0.005918,0.027516,-0.344356,0.938417,0.153330,-0.010324,-0.009372,0.005797,0.013683,-0.465900,
1624841035.000000,612085104.000000,0.199863,-0.114975,-0.003602,0.006467,0.027349,-0.354942,0.934466,0.131870,-0.025084,0.030204,0.064677,-0.141671,-0.428653,
1624841035.000000,617088079.000000,0.199814,-0.115449,-0.003970,0.006262,0.027061,-0.355921,0.934103,0.114581,-0.025205,0.017721,0.008671,-0.188421,-0.438155,
1624841035.000000,622090340.000000,0.200329,-0.116011,-0.003988,0.006038,0.026614,-0.356952,0.933724,0.131892,-0.019312,0.009672,-0.026291,-0.204268,-0.439260,
1624841035.000000,627093077.000000,0.200767,-0.116527,-0.003970,0.005789,0.026186,-0.357985,0.933342,0.134212,-0.017160,0.007421,0.006397,-0.172592,-0.448745,
1624841035.000000,632096052.000000,0.201219,-0.117042,-0.003971,0.005766,0.025940,-0.359049,0.932940,0.136533,-0.014982,0.004805,0.061145,0.026121,-0.455260,
1624841035.000000,637099028.000000,0.201714,-0.117597,-0.003979,0.005986,0.026169,-0.360103,0.932526,0.145907,-0.014205,0.004648,0.050522,0.165044,-0.444575,
1624841035.000000,642102242.000000,0.202218,-0.118146,-0.003999,0.006186,0.026574,-0.361124,0.932119,0.150967,-0.012566,0.003026,0.003522,0.206627,-0.432813,
1624841035.000000,647104979.000000,0.202745,-0.118706,-0.004030,0.006277,0.027023,-0.362134,0.931713,0.155867,-0.010908,0.001363,-0.039137,0.113111,-0.442343,
1624841035.000000,652107716.000000,0.202988,-0.119885,-0.004429,0.006423,0.027320,-0.363174,0.931299,0.152678,-0.015429,-0.010448,-0.043500,0.020857,-0.449833,
1624841035.000000,657110929.000000,0.203496,-0.120453,-0.004526,0.006316,0.027340,-0.364220,0.930890,0.151907,-0.013619,-0.012259,-0.013617,-0.049404,-0.450828,
1624841035.000000,752053261.000000,0.212318,-0.131611,-0.004813,0.006643,0.027009,-0.383761,0.923014,0.162747,-0.004086,-0.006251,-0.019908,0.077174,-0.458109,
1624841035.000000,757056236.000000,0.212885,-0.132202,-0.004899,0.006643,0.027203,-0.384819,0.922567,0.165649,-0.001428,-0.009879,-0.010394,0.068838,-0.455058,
1624841035.000000,762059450.000000,0.213367,-0.132772,-0.004925,0.006622,0.027312,-0.385849,0.922134,0.158026,-0.005383,-0.004996,-0.024051,-0.011391,-0.440031,
1624841035.000000,767062426.000000,0.213903,-0.133355,-0.004991,0.006487,0.027289,-0.386872,0.921707,0.157925,-0.004937,-0.005484,-0.037073,-0.004827,-0.456984,
1624841035.000000,772065401.000000,0.214440,-0.133937,-0.005060,0.006391,0.027403,-0.387946,0.921253,0.157846,-0.004473,-0.005994,-0.048607,0.044720,-0.469981,
1624841035.000000,777068615.000000,0.214973,-0.134515,-0.005126,0.006304,0.027563,-0.389018,0.920796,0.157468,-0.004016,-0.006099,-0.025449,0.052907,-0.463489,
1624841035.000000,782070398.000000,0.215466,-0.135132,-0.005018,0.006338,0.027671,-0.390074,0.920346,0.156229,-0.010302,0.014543,0.045000,0.031893,-0.452851,
1624841035.000000,787073374.000000,0.215094,-0.136132,-0.004839,0.006526,0.027412,-0.391086,0.919923,0.146438,-0.024958,0.035837,0.112188,0.080223,-0.457000,
1624841035.000000,792076349.000000,0.215520,-0.136760,-0.004659,0.006806,0.027529,-0.392128,0.919474,0.145523,-0.026825,0.045104,0.046569,0.061951,-0.432728,
1624841035.000000,797079563.000000,0.215915,-0.137312,-0.004484,0.006837,0.027560,-0.393101,0.919057,0.137232,-0.024520,0.048671,0.028501,-0.017040,-0.425981,
1624841035.000000,842106342.000000,0.219210,-0.142433,-0.005098,0.006778,0.026158,-0.401948,0.915264,0.146418,-0.011009,-0.004674,-0.020903,0.161350,-0.441124,
1624841035.000000,847109318.000000,0.219674,-0.143013,-0.005168,0.006822,0.026578,-0.402941,0.914815,0.150895,-0.008670,-0.007172,-0.043518,0.146511,-0.432538,
1624841035.000000,852112293.000000,0.220220,-0.144417,-0.004974,0.007100,0.027011,-0.403938,0.914360,0.165714,-0.010712,-0.010499,-0.024146,0.063690,-0.429338,
1624841035.000000,857114077.000000,0.220626,-0.145003,-0.004947,0.007085,0.027110,-0.404930,0.913919,0.154385,-0.013644,-0.000682,0.007784,0.025214,-0.444173,
1624841035.000000,862117290.000000,0.221090,-0.145616,-0.004999,0.007113,0.027173,-0.405962,0.913458,0.153147,-0.013019,-0.001356,0.004794,0.033939,-0.452855,
1624841035.000000,867121220.000000,0.221553,-0.146225,-0.005047,0.007069,0.027245,-0.406987,0.913000,0.152144,-0.012397,-0.001460,-0.037943,-0.005056,-0.445317,
1624841035.000000,872123241.000000,0.222019,-0.146840,-0.005085,0.006882,0.027254,-0.407998,0.912550,0.152713,-0.012185,-0.000234,-0.073175,-0.029816,-0.446344,
1624841035.000000,877126455.000000,0.222482,-0.147448,-0.005129,0.006686,0.027266,-0.409017,0.912095,0.152264,-0.011732,0.000567,-0.029733,-0.023227,-0.448533,
1624841035.000000,882129192.000000,0.222650,-0.147514,-0.005962,0.006491,0.026990,-0.410023,0.911653,0.144634,-0.010005,-0.010448,-0.003617,-0.005324,-0.442134,
1624841035.000000,887132168.000000,0.223084,-0.148080,-0.006098,0.006557,0.027028,-0.411042,0.911192,0.143828,-0.009584,-0.012679,0.096774,0.066707,-0.454843,
1624841035.000000,932159424.000000,0.226164,-0.152936,-0.005189,0.006584,0.025605,-0.419930,0.907171,0.131209,-0.010338,0.008175,0.040850,0.017329,-0.448482,
1624841035.000000,937162161.000000,0.226584,-0.153521,-0.005156,0.006766,0.025778,-0.420951,0.906692,0.141054,-0.010454,0.010824,0.043228,0.112226,-0.448552,
1624841035.000000,942165375.000000,0.227011,-0.154104,-0.005140,0.006927,0.025991,-0.421968,0.906212,0.146371,-0.009697,0.010339,0.031230,0.124774,-0.449570,
1624841035.000000,947168350.000000,0.227455,-0.154706,-0.005126,0.007067,0.026278,-0.422996,0.905723,0.151607,-0.008913,0.010256,-0.017454,0.109593,-0.460223,
1624841035.000000,952170372.000000,0.227651,-0.156534,-0.005461,0.007364,0.026639,-0.424016,0.905233,0.160617,-0.011403,-0.003410,-0.041301,0.101524,-0.464483,
1624841035.000000,957173586.000000,0.228127,-0.157183,-0.005530,0.007340,0.026874,-0.425056,0.904738,0.161682,-0.008050,-0.006342,-0.033577,0.040647,-0.456970,
1624841035.000000,962176323.000000,0.228615,-0.157824,-0.005617,0.007273,0.026954,-0.426094,0.904248,0.162486,-0.004696,-0.009526,-0.010286,0.034496,-0.468605,
1624841035.000000,967179298.000000,0.229047,-0.158455,-0.005684,0.007290,0.027109,-0.427157,0.903741,0.156619,-0.008696,-0.007669,-0.018507,0.075424,-0.464544,
1624841035.000000,972182512.000000,0.229506,-0.159083,-0.005767,0.007240,0.027286,-0.428185,0.903250,0.155077,-0.008302,-0.008415,-0.047535,0.023576,-0.451585,
1624841035.000000,977185488.000000,0.229960,-0.159704,-0.005854,0.007077,0.027324,-0.429200,0.902769,0.153460,-0.007917,-0.009354,-0.056015,-0.037175,-0.450570,
1624841036.000000,22212505.000000,0.232890,-0.165794,-0.006055,0.007230,0.026229,-0.437989,0.898568,0.127943,-0.016358,0.004692,0.033414,-0.200774,-0.416555,
1624841036.000000,27215242.000000,0.233216,-0.166339,-0.006065,0.007074,0.025795,-0.438918,0.898129,0.124572,-0.015003,0.001976,0.013503,-0.122279,-0.412077,
1624841036.000000,32217503.000000,0.233702,-0.167070,-0.006034,0.006977,0.025634,-0.439863,0.897672,0.147983,-0.012935,0.006327,0.013055,-0.061870,-0.429208,
1624841036.000000,37220001.000000,0.234113,-0.167701,-0.006048,0.006973,0.025581,-0.440837,0.897196,0.152570,-0.011304,0.004954,0.013465,0.074617,-0.432475,
1624841036.000000,42223215.000000,0.234543,-0.168345,-0.006068,0.007105,0.025874,-0.441808,0.896709,0.157115,-0.009655,0.003778,0.008919,0.122794,-0.438745,
1624841036.000000,47226191.000000,0.234177,-0.168797,-0.006122,0.007410,0.026327,-0.442828,0.896190,0.157063,-0.013975,-0.004779,0.010064,0.137532,-0.455834,
1624841036.000000,52229166.000000,0.234605,-0.169468,-0.006195,0.007542,0.026643,-0.443844,0.895676,0.161327,-0.012486,-0.007125,-0.009020,0.121058,-0.445297,
1624841036.000000,57232380.000000,0.235049,-0.170151,-0.006282,0.007577,0.026864,-0.444828,0.895181,0.165564,-0.010989,-0.009565,-0.011359,0.054059,-0.444002,
1624841036.000000,62235355.000000,0.235412,-0.170723,-0.006353,0.007554,0.026968,-0.445828,0.894680,0.152228,-0.009876,-0.009772,-0.029179,0.028475,-0.445262,
1624841036.000000,67238092.000000,0.235830,-0.171356,-0.006441,0.007487,0.027094,-0.446822,0.894181,0.151206,-0.008515,-0.010701,-0.024224,0.046595,-0.451500,
1624841036.000000,112265348.000000,0.238635,-0.177416,-0.007254,0.007964,0.027102,-0.455598,0.889738,0.118840,-0.020663,0.011399,0.018451,-0.130442,-0.396152,
1624841036.000000,117268562.000000,0.239126,-0.177689,-0.007474,0.007693,0.026756,-0.456419,0.889329,0.108438,-0.014257,0.002080,0.027029,-0.260161,-0.403413,
1624841036.000000,122270346.000000,0.239380,-0.178162,-0.007506,0.007416,0.026109,-0.457345,0.888875,0.102210,-0.013500,-0.000693,0.029313,-0.233732,-0.418509,
1624841036.000000,127273321.000000,0.239770,-0.178813,-0.007510,0.007253,0.025725,-0.458284,0.888404,0.121202,-0.012258,0.001282,0.017514,-0.112964,-0.421651,
1624841036.000000,132276297.000000,0.240072,-0.179340,-0.007536,0.007157,0.025510,-0.459208,0.887934,0.121801,-0.011345,0.000076,0.018533,-0.084431,-0.400432,
1624841036.000000,137279510.000000,0.240376,-0.179863,-0.007567,0.007134,0.025385,-0.460098,0.887476,0.121963,-0.010442,-0.001269,0.033474,0.024014,-0.413976,
1624841036.000000,142282486.000000,0.240741,-0.180442,-0.007635,0.007249,0.025526,-0.461049,0.886978,0.133674,-0.007122,-0.005633,0.004927,0.083283,-0.432442,
1624841036.000000,147285223.000000,0.241105,-0.181016,-0.007702,0.007304,0.025740,-0.462003,0.886474,0.138889,-0.005202,-0.007574,-0.008249,0.115257,-0.432260,
1624841036.000000,152288437.000000,0.241479,-0.182459,-0.006708,0.007654,0.026374,-0.462984,0.885941,0.172152,-0.007059,0.002953,0.006859,0.080991,-0.454487,
1624841036.000000,157291412.000000,0.241860,-0.183075,-0.006739,0.007693,0.026496,-0.464002,0.885405,0.162976,-0.005825,0.000880,-0.006899,0.052561,-0.452625,
1624841036.000000,247357130.000000,0.247245,-0.195263,-0.007423,0.007724,0.025736,-0.481032,0.876291,0.154579,-0.015747,0.009417,-0.002770,0.114754,-0.438543,
1624841036.000000,252360106.000000,0.247622,-0.195937,-0.007446,0.007846,0.026055,-0.482011,0.875742,0.158598,-0.011248,0.004596,0.006513,0.106419,-0.453531,
1624841036.000000,257363081.000000,0.248008,-0.196644,-0.007469,0.007944,0.026229,-0.483007,0.875187,0.163347,-0.009130,0.001936,0.004823,0.093527,-0.456676,
1624841036.000000,262366056.000000,0.248415,-0.197367,-0.007508,0.007997,0.026458,-0.484001,0.874631,0.168186,-0.006990,-0.000435,-0.029503,0.055362,-0.451375,
1624841036.000000,267369032.000000,0.248792,-0.198043,-0.007528,0.007977,0.026627,-0.484975,0.874086,0.161534,-0.006078,0.001137,-0.013675,0.112350,-0.442808,
1624841036.000000,272372246.000000,0.249196,-0.198742,-0.007570,0.008115,0.026948,-0.485932,0.873543,0.161725,-0.004441,-0.000018,-0.001631,0.112868,-0.435373,
1624841036.000000,277375221.000000,0.249605,-0.199438,-0.007616,0.008150,0.027127,-0.486877,0.873011,0.161847,-0.002807,-0.001014,-0.019879,0.057649,-0.434270,
1624841036.000000,282377958.000000,0.249632,-0.200215,-0.008825,0.007881,0.026840,-0.487789,0.872513,0.147379,-0.010358,-0.008012,-0.054004,-0.005319,-0.448169,
1624841036.000000,287381172.000000,0.249968,-0.200863,-0.008874,0.007732,0.026857,-0.488780,0.871959,0.145706,-0.010184,-0.005189,-0.007578,-0.013247,-0.459958,
1624841036.000000,292383194.000000,0.250303,-0.201511,-0.008916,0.007743,0.026794,-0.489780,0.871400,0.144416,-0.010003,-0.002703,0.046292,-0.047485,-0.450395,
1624841036.000000,337410212.000000,0.252736,-0.207814,-0.007540,0.007697,0.025211,-0.498068,0.866737,0.142849,-0.021184,0.035608,0.023796,-0.058117,-0.418389,
1624841036.000000,342413187.000000,0.253075,-0.208576,-0.007406,0.007688,0.025185,-0.498973,0.866218,0.158124,-0.018369,0.034051,0.010702,0.064018,-0.411005,
1624841036.000000,347416162.000000,0.253408,-0.209322,-0.007280,0.007806,0.025399,-0.499863,0.865697,0.164516,-0.016538,0.032348,0.001326,0.091497,-0.420409,
1624841036.000000,352419138.000000,0.253138,-0.208933,-0.007839,0.007859,0.025635,-0.500822,0.865135,0.153006,-0.009273,0.004202,0.008561,0.065132,-0.449250,
1624841036.000000,357422352.000000,0.253490,-0.209631,-0.007862,0.007963,0.025825,-0.501814,0.864553,0.159194,-0.007379,0.002043,0.003429,0.127591,-0.466342,
1624841036.000000,362425089.000000,0.253814,-0.210249,-0.007865,0.008075,0.026123,-0.502815,0.863962,0.153892,-0.004648,0.002493,-0.020123,0.086026,-0.456777,
1624841036.000000,367428064.000000,0.254182,-0.210934,-0.007891,0.008083,0.026300,-0.503782,0.863393,0.156844,-0.002507,0.001381,-0.013837,0.086943,-0.443885,
1624841036.000000,372431278.000000,0.254563,-0.211626,-0.007924,0.008165,0.026548,-0.504737,0.862826,0.159595,-0.000359,0.000361,-0.013612,0.089081,-0.444963,
1624841036.000000,377434254.000000,0.254908,-0.212273,-0.007946,0.008189,0.026754,-0.505691,0.862261,0.152341,-0.000845,0.001504,-0.026533,0.093553,-0.439705,
1624841036.000000,382437229.000000,0.255276,-0.212936,-0.007981,0.008182,0.026946,-0.506629,0.861704,0.151248,0.000236,0.001124,-0.031836,-0.008119,-0.436428,
1624841036.000000,427463055.000000,0.258274,-0.219007,-0.010202,0.008244,0.025983,-0.515051,0.856726,0.113680,-0.002547,-0.008998,0.016132,-0.236116,-0.414206,
1624841036.000000,432466030.000000,0.258522,-0.219496,-0.010289,0.007997,0.025550,-0.515935,0.856209,0.107918,-0.000938,-0.013925,0.018164,-0.179092,-0.409818,
1624841036.000000,437469244.000000,0.258837,-0.220118,-0.010324,0.007831,0.025199,-0.516821,0.855687,0.126625,-0.000866,-0.006929,0.036309,-0.106604,-0.412024,
1624841036.000000,442471981.000000,0.259133,-0.220687,-0.010391,0.007836,0.025083,-0.517700,0.855158,0.130669,0.000160,-0.007202,0.026866,0.039775,-0.406687,
1624841036.000000,447474957.000000,0.259441,-0.221271,-0.010463,0.007932,0.025224,-0.518578,0.854622,0.134548,0.001203,-0.007367,0.004334,0.062655,-0.420435,
1624841036.000000,452478170.000000,0.260174,-0.223090,-0.010732,0.008075,0.025505,-0.519481,0.854063,0.167113,0.005544,-0.016562,0.001191,0.081669,-0.433297,
1624841036.000000,457481146.000000,0.260591,-0.223827,-0.010873,0.008155,0.025710,-0.520416,0.853487,0.172039,0.007935,-0.020101,-0.012564,0.069756,-0.448061,
1624841036.000000,462484121.000000,0.261028,-0.224580,-0.011039,0.008185,0.025873,-0.521385,0.852890,0.177020,0.010366,-0.024028,-0.000002,0.094295,-0.456728,
1624841036.000000,467487097.000000,0.261483,-0.225346,-0.011230,0.008280,0.026077,-0.522354,0.852289,0.181805,0.012814,-0.028144,-0.010287,0.047740,-0.454506,
1624841036.000000,472489119.000000,0.261898,-0.226051,-0.011345,0.008234,0.026171,-0.523319,0.851695,0.174927,0.013207,-0.021913,-0.026607,0.054864,-0.452399,
1624841036.000000,522519112.000000,0.264559,-0.233200,-0.011844,0.008994,0.026331,-0.532726,0.845830,0.122039,-0.002965,-0.005159,0.012126,-0.227091,-0.389631,
1624841036.000000,527522087.000000,0.264803,-0.233739,-0.011914,0.008609,0.025775,-0.533566,0.845322,0.115491,-0.001612,-0.010308,-0.002053,-0.253459,-0.406579,
1624841036.000000,532525301.000000,0.265118,-0.234421,-0.011908,0.008319,0.025303,-0.534452,0.844779,0.129954,-0.000724,-0.003080,0.035317,-0.206858,-0.419589,
1624841036.000000,537528276.000000,0.265394,-0.235008,-0.011966,0.008139,0.024863,-0.535336,0.844234,0.130176,0.000501,-0.004860,0.038783,-0.141768,-0.410962,
1624841036.000000,542531252.000000,0.265674,-0.235592,-0.012028,0.008042,0.024635,-0.536205,0.843690,0.130279,0.001720,-0.006224,0.017241,-0.059769,-0.410920,
1624841036.000000,547534227.000000,0.266024,-0.236275,-0.012122,0.008043,0.024622,-0.537089,0.843128,0.147105,0.005376,-0.010656,0.011931,0.083759,-0.429030,
1624841036.000000,552536249.000000,0.265729,-0.237875,-0.011312,0.008291,0.024966,-0.538053,0.842501,0.174148,-0.003314,0.001110,0.005656,0.165110,-0.432392,
1624841036.000000,557539225.000000,0.266092,-0.238687,-0.011356,0.008466,0.025270,-0.538958,0.841911,0.181430,-0.000960,-0.000808,0.007692,0.111759,-0.435398,
1624841036.000000,562543392.000000,0.266406,-0.239395,-0.011415,0.008571,0.025462,-0.539892,0.841306,0.171446,0.000062,-0.003953,-0.004923,0.083868,-0.452524,
1624841036.000000,567545414.000000,0.266766,-0.240173,-0.011484,0.008617,0.025667,-0.540851,0.840683,0.172794,0.001993,-0.006177,-0.025312,0.074632,-0.458956,
1624841036.000000,612571955.000000,0.267885,-0.246135,-0.011260,0.009064,0.025955,-0.549273,0.835190,0.136381,-0.019522,0.033917,0.082351,0.007695,-0.424743,
1624841036.000000,617575169.000000,0.266655,-0.246365,-0.010397,0.009309,0.025905,-0.550130,0.834625,0.109633,-0.033230,0.042920,0.049325,-0.039974,-0.423823,
1624841036.000000,622577906.000000,0.266717,-0.246933,-0.010197,0.009233,0.025732,-0.551006,0.834054,0.103875,-0.034256,0.046670,-0.004996,-0.122173,-0.406854,
1624841036.000000,627580881.000000,0.266857,-0.247491,-0.010231,0.008951,0.025377,-0.551842,0.833514,0.104692,-0.026330,0.023462,0.019100,-0.227383,-0.397121,
1624841036.000000,632584095.000000,0.266942,-0.248018,-0.010160,0.008656,0.024822,-0.552681,0.832979,0.100823,-0.024604,0.017535,0.026179,-0.248731,-0.399341,
1624841036.000000,637587070.000000,0.267026,-0.248522,-0.010117,0.008393,0.024379,-0.553522,0.832435,0.096888,-0.022899,0.011637,0.033045,-0.133372,-0.404635,
1624841036.000000,642590046.000000,0.267160,-0.249149,-0.010031,0.008338,0.024177,-0.554373,0.831876,0.114400,-0.022542,0.017290,0.020793,-0.051062,-0.406825,
1624841036.000000,647593260.000000,0.267285,-0.249733,-0.009973,0.008301,0.024115,-0.555222,0.831311,0.119111,-0.021340,0.017099,0.020261,0.016079,-0.411010,
1624841036.000000,652595043.000000,0.266632,-0.250393,-0.008554,0.008418,0.024301,-0.556131,0.830697,0.132726,-0.026142,0.035774,0.001536,0.073757,-0.431256,
1624841036.000000,657598019.000000,0.266793,-0.251052,-0.008493,0.008517,0.024524,-0.557039,0.830081,0.136558,-0.022046,0.026427,0.003222,0.137939,-0.439913,
1624841036.000000,752654314.000000,0.267900,-0.263526,-0.008378,0.008742,0.024084,-0.573879,0.818539,0.129163,-0.025268,0.015407,0.014115,0.039352,-0.428134,
1624841036.000000,757657051.000000,0.268011,-0.264190,-0.008339,0.008797,0.024167,-0.574765,0.817914,0.134418,-0.023432,0.012520,0.004498,0.087934,-0.442907,
1624841036.000000,762660265.000000,0.268138,-0.264877,-0.008315,0.008936,0.024420,-0.575682,0.817260,0.139756,-0.021562,0.009725,-0.008284,0.103980,-0.450510,
1624841036.000000,767663240.000000,0.268259,-0.265533,-0.008280,0.009020,0.024620,-0.576596,0.816608,0.136814,-0.020207,0.010197,0.000140,0.096665,-0.448276,
1624841036.000000,772666216.000000,0.268398,-0.266216,-0.008267,0.009108,0.024809,-0.577505,0.815959,0.138640,-0.018535,0.008235,-0.020883,0.039248,-0.440883,
1624841036.000000,777669430.000000,0.268546,-0.266904,-0.008267,0.009051,0.024908,-0.578407,0.815318,0.140267,-0.016859,0.005972,-0.024479,0.049783,-0.453515,
1624841036.000000,782672167.000000,0.269286,-0.268206,-0.008815,0.009086,0.025063,-0.579288,0.814687,0.142343,-0.014673,0.005432,-0.013559,0.107794,-0.446282,
1624841036.000000,787675142.000000,0.269455,-0.268911,-0.008826,0.009146,0.025258,-0.580185,0.814042,0.142181,-0.014114,0.004785,-0.013665,0.021327,-0.446010,
1624841036.000000,792678356.000000,0.269623,-0.269611,-0.008828,0.009040,0.025269,-0.581104,0.813387,0.141779,-0.013559,0.004689,-0.048634,-0.013643,-0.452607,
1624841036.000000,797681093.000000,0.269757,-0.270333,-0.008617,0.008957,0.025367,-0.582029,0.812723,0.141658,-0.019165,0.032026,0.003999,0.041035,-0.465237,
1624841036.000000,842707157.000000,0.271195,-0.275872,-0.008384,0.008934,0.023759,-0.589870,0.807099,0.105076,-0.011138,0.012311,0.026856,-0.109776,-0.399266,
1624841036.000000,847710133.000000,0.271277,-0.277374,-0.009141,0.008876,0.023637,-0.590683,0.806509,0.140646,-0.012901,0.007153,0.020543,-0.037477,-0.412964,
1624841036.000000,852713108.000000,0.271434,-0.278072,-0.009141,0.008901,0.023639,-0.591534,0.805885,0.144849,-0.011300,0.006445,0.016256,0.061014,-0.420669,
1624841036.000000,857716322.000000,0.271603,-0.278787,-0.009145,0.009036,0.023821,-0.592388,0.805250,0.149017,-0.009680,0.005858,0.002476,0.108986,-0.437472,
1624841036.000000,862719059.000000,0.271794,-0.279501,-0.009214,0.009154,0.024034,-0.593291,0.804577,0.151755,-0.006328,-0.001480,0.000213,0.082374,-0.454728,
1624841036.000000,867722034.000000,0.271995,-0.280242,-0.009269,0.009244,0.024207,-0.594204,0.803897,0.155596,-0.004122,-0.004517,-0.007074,0.094728,-0.454640,
1624841036.000000,872725248.000000,0.272210,-0.280999,-0.009339,0.009320,0.024419,-0.595106,0.803222,0.159582,-0.001900,-0.007462,-0.019979,0.056171,-0.442966,
1624841036.000000,877728224.000000,0.272401,-0.281715,-0.009379,0.009326,0.024542,-0.595984,0.802567,0.153801,-0.002564,-0.004746,-0.007228,0.066937,-0.437530,
1624841036.000000,882731199.000000,0.273128,-0.282663,-0.010293,0.009418,0.024663,-0.596871,0.801903,0.149664,-0.000084,-0.009730,-0.028171,0.076210,-0.454615,
1624841036.000000,887733936.000000,0.273342,-0.283377,-0.010382,0.009426,0.024872,-0.597784,0.801216,0.149323,0.000952,-0.010227,-0.026500,0.083088,-0.451598,
1624841036.000000,932761192.000000,0.275068,-0.289754,-0.010923,0.009626,0.023899,-0.605689,0.795285,0.106191,-0.003119,0.000443,0.035459,-0.295228,-0.432215,
1624841036.000000,937763214.000000,0.275187,-0.290242,-0.010967,0.009322,0.023394,-0.606580,0.794624,0.098727,-0.001587,-0.005357,0.025106,-0.150986,-0.446325,
1624841036.000000,942766190.000000,0.275381,-0.290989,-0.010938,0.009227,0.023239,-0.607449,0.793965,0.125467,-0.000699,0.002666,0.024730,-0.003339,-0.422785,
1624841036.000000,947769165.000000,0.275063,-0.291999,-0.010699,0.009180,0.023238,-0.608277,0.793332,0.142789,-0.002730,-0.000991,0.014453,0.004288,-0.414104,
1624841036.000000,952772141.000000,0.275241,-0.292700,-0.010753,0.009207,0.023260,-0.609104,0.792696,0.146410,-0.001299,-0.003301,0.026859,0.071048,-0.417431,
1624841036.000000,957775354.000000,0.275454,-0.293436,-0.010862,0.009399,0.023436,-0.609945,0.792042,0.152749,0.002284,-0.009666,0.011365,0.099741,-0.437553,
1624841036.000000,962778330.000000,0.275666,-0.294176,-0.010951,0.009484,0.023610,-0.610830,0.791353,0.156826,0.004402,-0.012115,-0.006140,0.074575,-0.452642,
1624841036.000000,967781067.000000,0.275890,-0.294934,-0.011055,0.009530,0.023742,-0.611731,0.790652,0.160949,0.006544,-0.014670,-0.015414,0.016844,-0.463159,
1624841036.000000,972784281.000000,0.276109,-0.295657,-0.011134,0.009501,0.023800,-0.612655,0.789935,0.157092,0.007705,-0.012391,0.007684,0.056170,-0.468586,
1624841036.000000,977787256.000000,0.276344,-0.296406,-0.011240,0.009636,0.023988,-0.613561,0.789224,0.157975,0.009458,-0.013997,-0.017300,0.105943,-0.445175,
1624841037.000000,22813082.000000,0.277645,-0.303579,-0.011913,0.010576,0.024384,-0.621557,0.782918,0.127248,-0.007578,0.022607,0.052801,-0.102697,-0.418683,
1624841037.000000,27817011.000000,0.277749,-0.304193,-0.011832,0.010350,0.024010,-0.622379,0.782280,0.121383,-0.007017,0.021788,0.015345,-0.205302,-0.418547,
1624841037.000000,32819033.000000,0.277880,-0.304860,-0.011783,0.009964,0.023525,-0.623215,0.781633,0.127491,-0.004529,0.016743,0.014197,-0.317711,-0.429293,
1624841037.000000,37822247.000000,0.277999,-0.305486,-0.011730,0.009504,0.022898,-0.624074,0.780972,0.126576,-0.003200,0.014165,0.031375,-0.217636,-0.442034,
1624841037.000000,42824984.000000,0.278125,-0.306106,-0.011694,0.009351,0.022626,-0.624948,0.780282,0.125729,-0.001852,0.011843,0.023990,-0.075914,-0.444247,
1624841037.000000,47827959.000000,0.277877,-0.306917,-0.011881,0.009311,0.022645,-0.625851,0.779558,0.148629,-0.002569,0.003922,0.030256,0.066881,-0.423027,
1624841037.000000,52831173.000000,0.278033,-0.307673,-0.011915,0.009535,0.022852,-0.626667,0.778894,0.155343,-0.000939,0.001697,0.013447,0.124279,-0.426006,
1624841037.000000,57834148.000000,0.278202,-0.308451,-0.011970,0.009716,0.023068,-0.627514,0.778203,0.161668,0.000735,-0.000975,0.027961,0.130595,-0.442193,
1624841037.000000,62837124.000000,0.278384,-0.309254,-0.012055,0.009957,0.023321,-0.628380,0.777493,0.167826,0.002446,-0.004270,-0.012921,0.133355,-0.451702,
1624841037.000000,67840338.000000,0.278575,-0.309958,-0.012131,0.010003,0.023547,-0.629266,0.776769,0.159547,0.006867,-0.004926,-0.019108,0.018939,-0.463441,
1624841037.000000,112866163.000000,0.278913,-0.316430,-0.012390,0.010500,0.023904,-0.637317,0.770159,0.131703,-0.010871,0.023282,0.071816,0.147859,-0.463568,
1624841037.000000,117869377.000000,0.278984,-0.317082,-0.012300,0.010804,0.024049,-0.638191,0.769426,0.127440,-0.011636,0.027630,0.063370,0.045103,-0.437084,
1624841037.000000,122872114.000000,0.279045,-0.317715,-0.012184,0.010811,0.023879,-0.639005,0.768756,0.123212,-0.012454,0.031892,0.047401,-0.106621,-0.408169,
1624841037.000000,127875090.000000,0.279150,-0.318302,-0.012274,0.010614,0.023557,-0.639802,0.768106,0.118211,-0.006322,0.010139,0.013354,-0.192934,-0.424073,
1624841037.000000,132878304.000000,0.279227,-0.318875,-0.012253,0.010260,0.023125,-0.640642,0.767423,0.113273,-0.004899,0.006723,0.030095,-0.228236,-0.434983,
1624841037.000000,137881279.000000,0.279305,-0.319424,-0.012247,0.009948,0.022632,-0.641483,0.766739,0.108463,-0.003502,0.003422,0.035897,-0.234238,-0.436934,
1624841037.000000,142884254.000000,0.279413,-0.320108,-0.012212,0.009664,0.022219,-0.642334,0.766042,0.126370,-0.002238,0.007853,0.032337,-0.121539,-0.442357,
1624841037.000000,147887468.000000,0.279518,-0.320744,-0.012203,0.009633,0.022126,-0.643179,0.765336,0.130661,-0.000857,0.006875,0.001798,0.039162,-0.435943,
1624841037.000000,152890205.000000,0.278660,-0.321796,-0.011976,0.009718,0.022335,-0.644047,0.764598,0.150458,-0.007421,-0.002090,0.010862,0.091202,-0.430665,
1624841037.000000,157893181.000000,0.278768,-0.322539,-0.012075,0.009898,0.022490,-0.644878,0.763891,0.154237,-0.004073,-0.009723,0.024194,0.117051,-0.443399,
1624841037.000000,212924957.000000,0.279481,-0.328424,-0.011586,0.010737,0.023630,-0.654594,0.755535,0.116922,-0.006561,0.033541,0.088028,0.119814,-0.457380,
1624841037.000000,217928171.000000,0.279529,-0.329014,-0.011424,0.011022,0.023710,-0.655449,0.754787,0.115042,-0.008869,0.043284,0.068650,0.076152,-0.440452,
1624841037.000000,222931147.000000,0.278070,-0.329427,-0.009906,0.011227,0.023676,-0.656268,0.754072,0.095267,-0.014906,0.040099,0.031537,-0.113099,-0.413871,
1624841037.000000,227933884.000000,0.278067,-0.329905,-0.009732,0.010908,0.023283,-0.657056,0.753403,0.089546,-0.013432,0.036950,0.012165,-0.252707,-0.424396,
1624841037.000000,232937098.000000,0.278067,-0.330353,-0.009578,0.010491,0.022781,-0.657884,0.752702,0.083767,-0.011971,0.033368,0.023978,-0.247148,-0.439536,
1624841037.000000,237940073.000000,0.278074,-0.330905,-0.009412,0.010158,0.022334,-0.658713,0.751994,0.097109,-0.012341,0.035004,0.028323,-0.190830,-0.432026,
1624841037.000000,242943048.000000,0.278082,-0.331406,-0.009262,0.009945,0.022015,-0.659528,0.751292,0.098930,-0.011601,0.033725,0.035669,-0.098760,-0.432997,
1624841037.000000,247946262.000000,0.278093,-0.331916,-0.009117,0.009933,0.021906,-0.660355,0.750568,0.100665,-0.010850,0.032666,0.027308,0.040005,-0.444777,
1624841037.000000,252948999.000000,0.277531,-0.334281,-0.009241,0.010077,0.022129,-0.661238,0.749782,0.133903,-0.013341,0.020571,-0.000580,0.116689,-0.441719,
1624841037.000000,257951975.000000,0.277557,-0.334972,-0.009172,0.010253,0.022382,-0.662058,0.749048,0.139448,-0.011163,0.018249,-0.000668,0.131292,-0.440544,
1624841037.000000,343002319.000000,0.277142,-0.348023,-0.007854,0.010333,0.022064,-0.676240,0.736278,0.112917,-0.012609,0.022488,0.024143,-0.090752,-0.437578,
1624841037.000000,348005295.000000,0.277149,-0.348748,-0.007736,0.010276,0.021974,-0.677042,0.735545,0.132447,-0.010777,0.025630,0.029981,0.022301,-0.434289,
1624841037.000000,353008270.000000,0.276523,-0.350643,-0.008586,0.010454,0.022108,-0.677841,0.734802,0.159229,-0.015662,0.007037,0.011305,0.102115,-0.447050,
1624841037.000000,358011484.000000,0.276513,-0.351458,-0.008593,0.010650,0.022368,-0.678658,0.734037,0.164843,-0.014038,0.004798,0.000153,0.168596,-0.439712,
1624841037.000000,363014221.000000,0.276517,-0.352218,-0.008647,0.010890,0.022664,-0.679459,0.733283,0.161516,-0.011096,-0.001712,-0.012212,0.099374,-0.446936,
1624841037.000000,368017197.000000,0.276527,-0.353029,-0.008695,0.010952,0.022842,-0.680289,0.732506,0.163865,-0.009021,-0.004756,-0.013641,0.095921,-0.455689,
1624841037.000000,373019934.000000,0.276546,-0.353852,-0.008759,0.011076,0.023056,-0.681118,0.731726,0.166339,-0.006933,-0.007764,-0.018631,0.053932,-0.456617,
1624841037.000000,378023148.000000,0.276554,-0.354625,-0.008767,0.011041,0.023116,-0.681946,0.730954,0.159821,-0.007245,-0.001309,0.002299,0.005049,-0.442897,
1624841037.000000,383026123.000000,0.276574,-0.355420,-0.008808,0.011042,0.023163,-0.682752,0.730199,0.159113,-0.006130,-0.001710,-0.033299,0.020517,-0.451177,
1624841037.000000,388028860.000000,0.276535,-0.356975,-0.009443,0.011102,0.023389,-0.683559,0.729436,0.158358,-0.006789,-0.002616,-0.043660,0.079688,-0.464203,
1624841037.000000,433055162.000000,0.276586,-0.365138,-0.009887,0.011453,0.022898,-0.690795,0.722597,0.131429,-0.009037,0.010345,0.020416,-0.223531,-0.410630,
1624841037.000000,438057899.000000,0.276572,-0.365788,-0.009873,0.011112,0.022495,-0.691564,0.721879,0.126431,-0.007557,0.006480,0.015398,-0.199575,-0.427933,
1624841037.000000,443061113.000000,0.276569,-0.366564,-0.009816,0.010845,0.022205,-0.692338,0.721150,0.142628,-0.006441,0.012538,0.023599,-0.076253,-0.420453,
1624841037.000000,448064089.000000,0.276570,-0.367290,-0.009791,0.010819,0.022113,-0.693096,0.720425,0.146143,-0.005073,0.012032,0.019680,-0.033760,-0.424574,
1624841037.000000,453067064.000000,0.276570,-0.369748,-0.009899,0.010756,0.022193,-0.693838,0.719709,0.173588,-0.001935,0.003704,0.017239,0.041304,-0.426836,
1624841037.000000,458070278.000000,0.276617,-0.370688,-0.009990,0.010932,0.022352,-0.694613,0.718953,0.184269,0.001872,-0.004007,0.008911,0.132174,-0.446832,
1624841037.000000,463073254.000000,0.276662,-0.371615,-0.010060,0.011152,0.022615,-0.695425,0.718156,0.189344,0.004140,-0.006756,-0.002957,0.143575,-0.447164,
1624841037.000000,468075991.000000,0.276717,-0.372567,-0.010146,0.011348,0.022883,-0.696212,0.717382,0.194489,0.006418,-0.009493,-0.015633,0.120282,-0.442592,
1624841037.000000,473079205.000000,0.276771,-0.373444,-0.010214,0.011447,0.023099,-0.697013,0.716595,0.184961,0.007439,-0.008251,-0.021068,0.059913,-0.453391,
1624841037.000000,478082180.000000,0.276836,-0.374363,-0.010304,0.011509,0.023260,-0.697821,0.715802,0.184370,0.009217,-0.009516,-0.009311,0.110151,-0.448088,
1624841037.000000,533114195.000000,0.276701,-0.386193,-0.010342,0.011866,0.022936,-0.706306,0.707436,0.151955,0.000343,0.025820,0.025751,-0.147732,-0.423454,
1624841037.000000,538117409.000000,0.276722,-0.387024,-0.010314,0.011606,0.022632,-0.707049,0.706707,0.157569,0.003414,0.017504,0.013084,-0.185527,-0.404312,
1624841037.000000,543120146.000000,0.276741,-0.387818,-0.010274,0.011266,0.022284,-0.707759,0.706013,0.156586,0.004987,0.014383,0.022429,-0.164029,-0.401966,
1624841037.000000,548123121.000000,0.276767,-0.388602,-0.010242,0.011087,0.022045,-0.708489,0.705290,0.155423,0.006570,0.011522,0.019556,-0.069254,-0.419162,
1624841037.000000,553126335.000000,0.276607,-0.389381,-0.009679,0.011026,0.022212,-0.709228,0.704543,0.158486,0.011030,0.008883,0.020252,0.037641,-0.421262,
1624841037.000000,558129072.000000,0.276661,-0.390170,-0.009673,0.011143,0.022292,-0.709975,0.703786,0.157065,0.012634,0.006886,0.008847,0.051900,-0.432851,
1624841037.000000,563132048.000000,0.276720,-0.390955,-0.009680,0.011231,0.022421,-0.710756,0.702991,0.155748,0.014248,0.004814,-0.003149,0.115566,-0.457433,
1624841037.000000,568135262.000000,0.276823,-0.392035,-0.009778,0.011450,0.022689,-0.711561,0.702164,0.175638,0.018784,-0.001720,-0.008291,0.124118,-0.456463,
1624841037.000000,573137999.000000,0.276909,-0.392924,-0.009829,0.011567,0.022873,-0.712344,0.701362,0.178852,0.021062,-0.004305,-0.002058,0.068215,-0.440369,
1624841037.000000,578140974.000000,0.277004,-0.393818,-0.009889,0.011661,0.023013,-0.713116,0.700571,0.181578,0.023341,-0.006663,-0.013536,0.078903,-0.447757,
1624841037.000000,623167038.000000,0.274971,-0.402578,-0.010651,0.012683,0.023610,-0.720098,0.693355,0.165922,-0.003501,0.045951,0.039479,0.021523,-0.425538,
1624841037.000000,628170013.000000,0.275016,-0.403364,-0.010727,0.012615,0.023458,-0.720813,0.692618,0.158158,0.005530,0.019759,0.041462,-0.124527,-0.401858,
1624841037.000000,633173227.000000,0.275017,-0.404149,-0.010685,0.012350,0.023092,-0.721521,0.691897,0.153253,0.007247,0.015180,0.031120,-0.221781,-0.410425,
1624841037.000000,638176203.000000,0.275025,-0.404905,-0.010653,0.011957,0.022697,-0.722249,0.691157,0.148280,0.008942,0.010895,0.004277,-0.180980,-0.420104,
1624841037.000000,643179178.000000,0.275041,-0.405632,-0.010635,0.011654,0.022428,-0.722977,0.690409,0.143084,0.010615,0.007105,0.010631,-0.175655,-0.414774,
1624841037.000000,648181915.000000,0.275048,-0.406553,-0.010571,0.011361,0.022108,-0.723694,0.689673,0.162794,0.011268,0.012226,0.032033,-0.123857,-0.411515,
1624841037.000000,653185129.000000,0.274180,-0.406292,-0.010133,0.011190,0.022020,-0.724393,0.688944,0.164096,0.008381,0.022795,0.022586,-0.006696,-0.424203,
1624841037.000000,658188105.000000,0.274184,-0.407127,-0.010059,0.011268,0.022085,-0.725134,0.688161,0.166889,0.009778,0.022996,0.006434,0.089762,-0.432840,
1624841037.000000,663191080.000000,0.274194,-0.408070,-0.010095,0.011464,0.022287,-0.725878,0.687367,0.179920,0.012093,0.012127,0.006472,0.131153,-0.437019,
1624841037.000000,668194294.000000,0.274209,-0.408989,-0.010090,0.011666,0.022511,-0.726641,0.686550,0.185912,0.013833,0.008800,-0.010461,0.106773,-0.458296,
1624841037.000000,713134289.000000,0.273607,-0.416516,-0.010054,0.012327,0.023730,-0.733516,0.679145,0.161874,0.009515,0.035741,0.070237,0.089822,-0.453000,
1624841037.000000,718137026.000000,0.273196,-0.417627,-0.009748,0.012548,0.023631,-0.734212,0.678393,0.170085,0.001687,0.061457,0.086485,0.091879,-0.448624,
1624841037.000000,723140240.000000,0.273191,-0.418340,-0.009647,0.012827,0.023604,-0.734970,0.677568,0.153258,0.005355,0.048434,0.117039,0.050731,-0.436993,
1624841037.000000,728143215.000000,0.273154,-0.419103,-0.009453,0.013009,0.023429,-0.735705,0.676772,0.147390,0.005116,0.049269,0.080350,-0.034120,-0.426245,
1624841037.000000,733146191.000000,0.273123,-0.419840,-0.009230,0.012831,0.023261,-0.736418,0.676005,0.141660,0.004860,0.051789,-0.066891,-0.165356,-0.407181,
1624841037.000000,738149405.000000,0.273134,-0.420626,-0.009027,0.012300,0.023013,-0.737101,0.675278,0.145968,0.010365,0.046858,0.017122,-0.258979,-0.405930,
1624841037.000000,743152142.000000,0.273136,-0.421370,-0.008831,0.011933,0.022486,-0.737812,0.674526,0.144000,0.012427,0.043509,0.039455,-0.206145,-0.420986,
1624841037.000000,748155117.000000,0.273142,-0.422100,-0.008658,0.011639,0.022211,-0.738521,0.673764,0.142199,0.014446,0.039805,0.030280,-0.119800,-0.406152,
1624841037.000000,753158092.000000,0.270564,-0.421598,-0.008854,0.011533,0.021994,-0.739172,0.673059,0.134358,0.004665,0.039165,0.020728,0.013214,-0.414333,
1624841037.000000,758161068.000000,0.270491,-0.422501,-0.008704,0.011585,0.022055,-0.739880,0.672278,0.155043,0.004783,0.039324,0.015649,0.001637,-0.417860,
1624841037.000000,813193083.000000,0.268158,-0.430196,-0.008768,0.012377,0.023456,-0.748073,0.663087,0.165474,0.004973,0.018972,0.072300,0.100087,-0.469812,
1624841037.000000,818196297.000000,0.267095,-0.430236,-0.009701,0.012740,0.023381,-0.748741,0.662328,0.145724,-0.010617,0.042270,0.141738,0.175968,-0.454898,
1624841037.000000,823199034.000000,0.266951,-0.430954,-0.009513,0.013249,0.023409,-0.749475,0.661486,0.142173,-0.013551,0.051758,0.109957,0.132484,-0.428208,
1624841037.000000,828202009.000000,0.266795,-0.431649,-0.009273,0.013485,0.023400,-0.750180,0.660682,0.138235,-0.016522,0.061667,0.049894,0.001066,-0.430220,
1624841037.000000,833205223.000000,0.266740,-0.432238,-0.009272,0.013334,0.023184,-0.750889,0.659886,0.122679,-0.004110,0.028948,0.026501,-0.217064,-0.408149,
1624841037.000000,838208199.000000,0.266654,-0.432824,-0.009164,0.012813,0.022725,-0.751557,0.659153,0.114808,-0.001024,0.021749,-0.014821,-0.275302,-0.403498,
1624841037.000000,843211174.000000,0.266584,-0.433376,-0.009096,0.012251,0.022344,-0.752236,0.658400,0.107025,0.002031,0.014125,-0.012040,-0.287815,-0.402784,
1624841037.000000,848214149.000000,0.266462,-0.434091,-0.008954,0.011774,0.021895,-0.752901,0.657664,0.128196,-0.001682,0.024330,0.052113,-0.175760,-0.401483,
1624841037.000000,853217125.000000,0.265005,-0.433696,-0.009004,0.011578,0.021773,-0.753561,0.656916,0.129147,-0.005573,0.027290,0.041789,-0.106298,-0.409010,
1624841037.000000,858220100.000000,0.264891,-0.434343,-0.008886,0.011458,0.021619,-0.754231,0.656153,0.131877,-0.005194,0.030184,0.016865,0.012887,-0.402555,
1624841037.000000,948273182.000000,0.261392,-0.445252,-0.008490,0.012398,0.021980,-0.766946,0.641215,0.099893,0.001069,0.022471,-0.009943,-0.224405,-0.402384,
1624841037.000000,953275919.000000,0.259321,-0.446530,-0.008354,0.011956,0.021760,-0.767543,0.640516,0.110685,-0.002925,-0.002115,0.038324,-0.158712,-0.403361,
1624841037.000000,958278894.000000,0.259130,-0.447293,-0.008271,0.011859,0.021575,-0.768196,0.639741,0.135135,-0.005397,0.008628,0.029989,-0.021684,-0.405514,
1624841037.000000,963282108.000000,0.258980,-0.447973,-0.008253,0.011897,0.021572,-0.768852,0.638952,0.141946,-0.004401,0.008907,0.021097,0.060335,-0.417175,
1624841037.000000,968285084.000000,0.258827,-0.448688,-0.008232,0.012089,0.021721,-0.769526,0.638131,0.148748,-0.003366,0.009516,-0.009419,0.131573,-0.427913,
1624841037.000000,973288059.000000,0.258694,-0.449400,-0.008240,0.012311,0.021999,-0.770221,0.637278,0.149900,-0.000018,0.005295,-0.007791,0.146378,-0.457591,
1624841037.000000,978291273.000000,0.258555,-0.450151,-0.008252,0.012554,0.022223,-0.770958,0.636375,0.153959,0.001995,0.003105,0.002275,0.120910,-0.457903,
1624841037.000000,983294010.000000,0.257331,-0.450659,-0.006602,0.013154,0.022648,-0.771652,0.635506,0.160335,-0.000819,0.012647,-0.018056,0.079628,-0.452166,
1624841037.000000,988296032.000000,0.257175,-0.451462,-0.006595,0.013232,0.022816,-0.772370,0.634624,0.165134,0.001233,0.009812,-0.014026,0.074109,-0.454434,
1624841037.000000,993299007.000000,0.257048,-0.452114,-0.006558,0.013361,0.022982,-0.773083,0.633748,0.152258,0.002241,0.010554,-0.009499,0.096548,-0.446941,
1624841038.000000,33323050.000000,0.254701,-0.457385,-0.005402,0.014340,0.023258,-0.778696,0.626807,0.122503,-0.022192,0.086947,0.063565,-0.058326,-0.415771,
1624841038.000000,38326025.000000,0.254561,-0.457895,-0.005287,0.014175,0.022954,-0.779352,0.626005,0.106919,-0.012064,0.052624,0.043943,-0.205050,-0.409589,
1624841038.000000,43329239.000000,0.254397,-0.458398,-0.005066,0.013702,0.022521,-0.779996,0.625229,0.098427,-0.009841,0.046145,0.026373,-0.262951,-0.402073,
1624841038.000000,48332214.000000,0.254253,-0.458858,-0.004872,0.013195,0.022071,-0.780636,0.624457,0.089823,-0.007656,0.039812,0.007619,-0.288664,-0.405265,
1624841038.000000,53335190.000000,0.252835,-0.459550,-0.006585,0.012582,0.021764,-0.781197,0.623779,0.113742,-0.006477,0.015446,-0.033037,-0.201449,-0.398902,
1624841038.000000,58338165.000000,0.252681,-0.460113,-0.006526,0.012253,0.021584,-0.781817,0.623014,0.116698,-0.004777,0.015126,0.025199,-0.111612,-0.398707,
1624841038.000000,63341141.000000,0.252530,-0.460690,-0.006463,0.012189,0.021406,-0.782452,0.622223,0.119475,-0.003061,0.015380,0.039878,0.023131,-0.409487,
1624841038.000000,68344116.000000,0.252358,-0.461368,-0.006406,0.012382,0.021498,-0.783094,0.621409,0.135037,-0.002038,0.015779,0.037009,0.115204,-0.416911,
1624841038.000000,73347330.000000,0.252194,-0.462047,-0.006359,0.012670,0.021668,-0.783758,0.620559,0.143004,-0.000532,0.014589,-0.007063,0.176896,-0.448773,
1624841038.000000,78350306.000000,0.252026,-0.462766,-0.006326,0.012966,0.022032,-0.784461,0.619651,0.151228,0.001028,0.013013,-0.024878,0.161804,-0.455438,
1624841038.000000,123376369.000000,0.249533,-0.469527,-0.006022,0.014814,0.023494,-0.790627,0.611667,0.140404,-0.013498,0.083034,0.095017,0.096609,-0.444418,
1624841038.000000,128379345.000000,0.249288,-0.470205,-0.005602,0.014940,0.023405,-0.791290,0.610810,0.139328,-0.016805,0.098579,0.062536,0.012154,-0.423065,
1624841038.000000,133382082.000000,0.249228,-0.470605,-0.005646,0.014977,0.023284,-0.791932,0.609982,0.107802,-0.005693,0.055685,0.044803,-0.104685,-0.411419,
1624841038.000000,138384819.000000,0.249074,-0.471108,-0.005391,0.014616,0.022901,-0.792557,0.609192,0.097440,-0.004687,0.054154,0.057253,-0.274352,-0.394389,
1624841038.000000,143388033.000000,0.248937,-0.471558,-0.005138,0.014068,0.022335,-0.793178,0.608418,0.086640,-0.003732,0.053030,0.033276,-0.332318,-0.413386,
1624841038.000000,148391008.000000,0.246640,-0.472368,-0.006018,0.013409,0.021913,-0.793754,0.607696,0.117582,-0.010247,0.013280,-0.024462,-0.232858,-0.431656,
1624841038.000000,153393984.000000,0.246440,-0.472925,-0.005989,0.012980,0.021668,-0.794396,0.606875,0.117911,-0.009000,0.007928,0.020902,-0.182318,-0.396548,
1624841038.000000,158397198.000000,0.246244,-0.473483,-0.005987,0.012665,0.021272,-0.794981,0.606128,0.118213,-0.007772,0.002527,0.076968,-0.198697,-0.373884,
1624841038.000000,163399935.000000,0.246012,-0.474268,-0.005900,0.012494,0.021013,-0.795577,0.605360,0.143082,-0.004454,0.011389,-0.001769,0.039749,-0.412262,
1624841038.000000,168402910.000000,0.245800,-0.474971,-0.005860,0.012745,0.021316,-0.796219,0.604498,0.150745,-0.002465,0.012641,-0.012232,0.199608,-0.434913,
1624841038.000000,218431950.000000,0.242393,-0.484313,-0.005930,0.014603,0.023120,-0.802806,0.595614,0.150605,-0.005771,0.036895,0.075705,0.094563,-0.455878,
1624841038.000000,223435163.000000,0.242146,-0.485028,-0.005754,0.014948,0.023138,-0.803492,0.594678,0.148773,-0.007463,0.044030,0.095923,0.111152,-0.462334,
1624841038.000000,228438139.000000,0.241923,-0.485636,-0.005470,0.015243,0.023105,-0.804174,0.593749,0.136171,-0.008748,0.058654,0.083170,0.079874,-0.449553,
1624841038.000000,233441114.000000,0.241680,-0.486275,-0.005178,0.015431,0.023027,-0.804828,0.592861,0.131129,-0.010380,0.068325,0.090390,-0.013908,-0.427145,
1624841038.000000,238444328.000000,0.241435,-0.486888,-0.004831,0.015400,0.022779,-0.805456,0.592017,0.126017,-0.012038,0.078412,0.057795,-0.092965,-0.414314,
1624841038.000000,243447065.000000,0.241270,-0.487443,-0.004677,0.015141,0.022510,-0.806068,0.591201,0.114668,-0.003743,0.053659,0.030651,-0.230902,-0.399482,
1624841038.000000,248450041.000000,0.239632,-0.488493,-0.005747,0.014549,0.022133,-0.806608,0.590493,0.110047,-0.002025,0.005900,0.019265,-0.287962,-0.401416,
1624841038.000000,253453255.000000,0.239465,-0.489001,-0.005762,0.013991,0.021708,-0.807215,0.589693,0.103009,0.000213,-0.000595,0.018053,-0.270439,-0.401564,
1624841038.000000,258456230.000000,0.239203,-0.489778,-0.005680,0.013500,0.021312,-0.807806,0.588908,0.129936,0.000160,0.008204,0.021384,-0.213535,-0.387662,
1624841038.000000,263459206.000000,0.239005,-0.490410,-0.005675,0.013212,0.021084,-0.808383,0.588131,0.133721,0.001714,0.006521,0.006460,-0.055749,-0.393949,
1624841038.000000,308485270.000000,0.235934,-0.497672,-0.004215,0.014873,0.022867,-0.814080,0.580112,0.167652,0.009207,0.016018,-0.050879,0.138149,-0.451631,
1624841038.000000,313488245.000000,0.235704,-0.498483,-0.004173,0.015062,0.023154,-0.814722,0.579194,0.167511,0.009743,0.016224,0.009082,0.077540,-0.448271,
1624841038.000000,318491220.000000,0.234273,-0.498920,-0.004952,0.014890,0.022830,-0.815328,0.578358,0.157159,-0.007891,0.038887,0.081223,0.076213,-0.453616,
1624841038.000000,323493958.000000,0.233973,-0.499645,-0.004775,0.015178,0.022820,-0.815986,0.577421,0.153849,-0.010958,0.048241,0.072540,0.075323,-0.456772,
1624841038.000000,328496933.000000,0.233661,-0.500353,-0.004562,0.015421,0.022797,-0.816647,0.576481,0.150631,-0.014029,0.057129,0.091395,0.118697,-0.455744,
1624841038.000000,333500147.000000,0.233347,-0.501027,-0.004300,0.015741,0.022753,-0.817288,0.575565,0.146812,-0.017111,0.065946,0.090759,-0.004585,-0.422806,
1624841038.000000,338503122.000000,0.233141,-0.501597,-0.004195,0.015650,0.022481,-0.817892,0.574720,0.130954,-0.009995,0.050319,0.074438,-0.112532,-0.419296,
1624841038.000000,343506098.000000,0.232886,-0.502173,-0.003983,0.015419,0.022157,-0.818510,0.573858,0.122836,-0.009762,0.050694,0.042753,-0.233735,-0.417519,
1624841038.000000,348509073.000000,0.232038,-0.503763,-0.004875,0.015009,0.021827,-0.819082,0.573065,0.107178,-0.008187,0.027703,0.025471,-0.236311,-0.404515,
1624841038.000000,353512049.000000,0.231817,-0.504458,-0.004911,0.014561,0.021473,-0.819665,0.572255,0.120599,-0.000571,0.013356,0.018156,-0.265558,-0.396052,
1624841038.000000,448568344.000000,0.222483,-0.519917,-0.005715,0.015543,0.021575,-0.831283,0.555214,0.132812,-0.003935,-0.002838,0.014866,-0.255034,-0.412730,
1624841038.000000,453571081.000000,0.222223,-0.520502,-0.005774,0.015018,0.021216,-0.831873,0.554356,0.125132,-0.002119,-0.009400,0.019098,-0.271118,-0.414101,
1624841038.000000,458574057.000000,0.221983,-0.521055,-0.005865,0.014465,0.020791,-0.832446,0.553527,0.117622,-0.000346,-0.016107,0.037307,-0.251713,-0.396903,
1624841038.000000,463577271.000000,0.221612,-0.521934,-0.005842,0.014063,0.020439,-0.833007,0.552707,0.148677,0.000984,-0.005996,0.032058,-0.168673,-0.406432,
1624841038.000000,468580246.000000,0.221327,-0.522627,-0.005916,0.013899,0.020346,-0.833583,0.551845,0.152436,0.002682,-0.008229,-0.037065,0.071060,-0.420406,
1624841038.000000,473583221.000000,0.221040,-0.523340,-0.006019,0.014102,0.020599,-0.834156,0.550963,0.156408,0.004406,-0.011961,0.025964,0.081621,-0.418263,
1624841038.000000,478586435.000000,0.220726,-0.524120,-0.006197,0.014272,0.020575,-0.834743,0.550070,0.167928,0.005410,-0.022593,0.032711,0.110808,-0.440481,
1624841038.000000,483589172.000000,0.219958,-0.524205,-0.004000,0.014931,0.021002,-0.835355,0.549107,0.179709,0.002932,0.022717,-0.007691,0.175827,-0.453484,
1624841038.000000,488592148.000000,0.219611,-0.525056,-0.003928,0.015245,0.021281,-0.835968,0.548154,0.185995,0.004473,0.023219,-0.023399,0.162791,-0.452258,
1624841038.000000,493595123.000000,0.219349,-0.525777,-0.003904,0.015463,0.021529,-0.836579,0.547205,0.172800,0.008328,0.017323,-0.014017,0.082498,-0.445946,
1624841038.000000,533617973.000000,0.215665,-0.533344,-0.004644,0.016268,0.021959,-0.841504,0.539559,0.165626,-0.008761,0.059141,0.070297,0.090553,-0.441587,
1624841038.000000,538620949.000000,0.215386,-0.533978,-0.004567,0.016437,0.021874,-0.842092,0.538640,0.144533,-0.002808,0.040392,0.088304,-0.037990,-0.423553,
1624841038.000000,543624163.000000,0.215080,-0.534619,-0.004405,0.016284,0.021554,-0.842658,0.537771,0.135409,-0.002162,0.038821,0.065215,-0.171158,-0.406450,
1624841038.000000,548627138.000000,0.214795,-0.535219,-0.004250,0.015827,0.021165,-0.843219,0.536920,0.126094,-0.001567,0.037147,0.029693,-0.317758,-0.417038,
1624841038.000000,553630114.000000,0.213790,-0.536180,-0.005756,0.015143,0.020758,-0.843794,0.536053,0.139948,0.004930,0.013936,0.016981,-0.305243,-0.427845,
1624841038.000000,558633089.000000,0.213521,-0.536824,-0.005735,0.014560,0.020366,-0.844369,0.535177,0.138707,0.007267,0.010222,0.017061,-0.300314,-0.408711,
1624841038.000000,563636065.000000,0.213265,-0.537467,-0.005718,0.013994,0.020037,-0.844913,0.534345,0.137349,0.009584,0.007325,-0.032800,-0.121263,-0.398935,
1624841038.000000,568639040.000000,0.213020,-0.538115,-0.005685,0.013936,0.020092,-0.845452,0.533491,0.136336,0.011912,0.006114,0.031352,0.041015,-0.409686,
1624841038.000000,573642254.000000,0.212647,-0.538957,-0.005695,0.014143,0.020041,-0.846015,0.532595,0.163178,0.009776,0.001737,0.068752,0.116834,-0.436264,
1624841038.000000,578645229.000000,0.212332,-0.539729,-0.005740,0.014503,0.020210,-0.846609,0.531634,0.171171,0.010708,-0.002205,-0.012719,0.180165,-0.459811,
1624841038.000000,628674269.000000,0.211263,-0.548143,-0.007458,0.015882,0.021432,-0.852726,0.521677,0.165018,0.024049,0.025941,0.112143,0.206814,-0.466360,
1624841038.000000,633677244.000000,0.211080,-0.548857,-0.007433,0.016391,0.021514,-0.853309,0.520703,0.149977,0.028172,0.022256,0.065060,0.101358,-0.433266,
1624841038.000000,638680220.000000,0.210870,-0.549577,-0.007349,0.016450,0.021405,-0.853867,0.519790,0.143765,0.028116,0.026829,0.071209,-0.052945,-0.426767,
1624841038.000000,643683195.000000,0.210672,-0.550272,-0.007240,0.016302,0.021129,-0.854430,0.518880,0.137624,0.028037,0.031597,0.059964,-0.184276,-0.422686,
1624841038.000000,648686171.000000,0.210509,-0.550977,-0.007269,0.015759,0.020699,-0.854983,0.518003,0.135283,0.033894,0.012997,0.039328,-0.345862,-0.410875,
1624841038.000000,653689146.000000,0.210626,-0.552165,-0.008325,0.015145,0.020401,-0.855567,0.517069,0.120825,0.042743,-0.019320,-0.016651,-0.309496,-0.422637,
1624841038.000000,658692360.000000,0.210545,-0.552785,-0.008465,0.014596,0.020194,-0.856128,0.516163,0.115479,0.044962,-0.024811,-0.024655,-0.154919,-0.429224,
1624841038.000000,663695097.000000,0.210314,-0.553630,-0.008512,0.014343,0.020022,-0.856672,0.515272,0.144152,0.042752,-0.015000,0.067148,-0.104992,-0.402563,
1624841038.000000,668698072.000000,0.210156,-0.554382,-0.008652,0.014288,0.019800,-0.857195,0.514414,0.150988,0.043546,-0.017928,0.040183,0.021259,-0.412947,
1624841038.000000,673701286.000000,0.209985,-0.555163,-0.008805,0.014502,0.019926,-0.857742,0.513490,0.157586,0.044389,-0.020507,0.012525,0.159857,-0.435622,
1624841038.000000,728733063.000000,0.207747,-0.564318,-0.010863,0.015772,0.020687,-0.864221,0.502440,0.144475,0.040722,0.018731,0.131589,0.189205,-0.486945,
1624841038.000000,733736038.000000,0.207564,-0.565038,-0.010778,0.016293,0.020682,-0.864817,0.501397,0.141539,0.037474,0.030849,0.095354,0.147932,-0.453024,
1624841038.000000,738739252.000000,0.207370,-0.565743,-0.010632,0.016502,0.020638,-0.865355,0.500462,0.138743,0.034177,0.043108,0.041960,-0.028101,-0.411220,
1624841038.000000,743741989.000000,0.207302,-0.566387,-0.010746,0.016225,0.020405,-0.865871,0.499588,0.123055,0.045538,0.008634,0.042823,-0.252831,-0.408027,
1624841038.000000,748744965.000000,0.207207,-0.567019,-0.010752,0.015623,0.020018,-0.866403,0.498699,0.115217,0.048040,0.001174,-0.026786,-0.242189,-0.426210,
1624841038.000000,753748178.000000,0.206200,-0.565515,-0.011729,0.015237,0.019756,-0.867008,0.497669,0.098403,0.039577,-0.028888,0.013639,-0.256371,-0.428593,
1624841038.000000,758751154.000000,0.205956,-0.566244,-0.011831,0.014708,0.019315,-0.867554,0.496751,0.123065,0.036956,-0.024531,0.059793,-0.225178,-0.430641,
1624841038.000000,763754129.000000,0.205803,-0.566868,-0.011986,0.014393,0.019048,-0.868096,0.495823,0.126015,0.037764,-0.026946,0.030286,-0.111810,-0.426461,
1624841038.000000,768757105.000000,0.205645,-0.567506,-0.012152,0.014321,0.018987,-0.868621,0.494906,0.129005,0.038583,-0.029189,-0.008815,0.084358,-0.421053,
1624841038.000000,773760080.000000,0.205465,-0.568220,-0.012313,0.014572,0.019202,-0.869139,0.493980,0.140420,0.041990,-0.029136,-0.000756,0.101942,-0.426397,
1624841038.000000,818787336.000000,0.203115,-0.575982,-0.014168,0.015549,0.019818,-0.874353,0.484636,0.133592,0.040125,-0.022860,0.012397,-0.013891,-0.491901,
1624841038.000000,823789120.000000,0.202839,-0.576656,-0.014110,0.015607,0.019756,-0.874953,0.483552,0.136671,0.031724,0.000632,0.058777,0.046350,-0.480436,
1624841038.000000,828792095.000000,0.202606,-0.577316,-0.014121,0.015838,0.019696,-0.875522,0.482517,0.136030,0.029269,0.009454,0.106279,0.094188,-0.470469,
1624841038.000000,833795309.000000,0.202362,-0.577970,-0.014083,0.016193,0.019555,-0.876085,0.481489,0.135595,0.026823,0.018540,0.136493,0.102638,-0.445258,
1624841038.000000,838798285.000000,0.202198,-0.578573,-0.014171,0.016456,0.019424,-0.876602,0.480543,0.123704,0.032830,0.003140,0.057744,0.017085,-0.420421,
1624841038.000000,843801260.000000,0.202012,-0.579173,-0.014186,0.016332,0.019350,-0.877112,0.479618,0.118417,0.033689,0.002759,-0.017299,-0.123066,-0.424826,
1624841038.000000,848804235.000000,0.201842,-0.579753,-0.014210,0.015858,0.019151,-0.877627,0.478698,0.113212,0.034531,0.001422,0.012485,-0.284991,-0.420609,
1624841038.000000,853807211.000000,0.201437,-0.580970,-0.014741,0.015327,0.018661,-0.878239,0.477612,0.114441,0.036519,-0.022549,0.030222,-0.244810,-0.434568,
1624841038.000000,858810186.000000,0.201285,-0.581539,-0.014889,0.014900,0.018368,-0.878771,0.476657,0.112720,0.037720,-0.025931,0.040551,-0.205136,-0.429566,
1624841038.000000,863813162.000000,0.201143,-0.582102,-0.015052,0.014581,0.018097,-0.879287,0.475726,0.110863,0.038902,-0.029110,0.035502,-0.043689,-0.435592,
1624841038.000000,908839941.000000,0.199389,-0.588817,-0.015490,0.016176,0.019241,-0.884212,0.466409,0.142679,0.051981,-0.028526,-0.013467,0.032567,-0.442532,
1624841038.000000,913843155.000000,0.199206,-0.589542,-0.015672,0.016106,0.019242,-0.884732,0.465425,0.141367,0.053170,-0.029325,0.004722,-0.072584,-0.457281,
1624841038.000000,918846130.000000,0.198019,-0.591741,-0.015647,0.015676,0.018833,-0.885374,0.464233,0.141665,0.034555,0.007090,0.021869,-0.005529,-0.486473,
1624841038.000000,923849106.000000,0.197761,-0.592414,-0.015621,0.015811,0.018819,-0.885940,0.463148,0.140042,0.032540,0.014735,0.067580,0.068702,-0.481235,
1624841038.000000,928850889.000000,0.197492,-0.593079,-0.015561,0.016044,0.018718,-0.886484,0.462102,0.138620,0.030492,0.022385,0.105063,0.072403,-0.456614,
1624841038.000000,933854103.000000,0.197306,-0.593664,-0.015542,0.016289,0.018587,-0.887001,0.461106,0.126351,0.031958,0.021468,0.088052,0.048273,-0.435307,
1624841038.000000,938857079.000000,0.197077,-0.594267,-0.015454,0.016400,0.018485,-0.887494,0.460156,0.121734,0.030902,0.026435,0.045316,0.003585,-0.418264,
1624841038.000000,943860054.000000,0.196857,-0.594846,-0.015340,0.016286,0.018372,-0.887975,0.459237,0.116964,0.029817,0.031214,0.015442,-0.153705,-0.413968,
1624841038.000000,948864222.000000,0.196685,-0.595437,-0.015368,0.015761,0.018087,-0.888462,0.458323,0.113579,0.036589,0.011910,0.020706,-0.284942,-0.417212,
1624841038.000000,953867197.000000,0.195234,-0.595923,-0.016085,0.015320,0.017550,-0.889061,0.457196,0.115096,0.030811,-0.010954,0.023293,-0.242663,-0.450417,
1624841039.000000,48923016.000000,0.187244,-0.609595,-0.017282,0.016302,0.017127,-0.898794,0.437734,0.112330,0.022542,0.012039,0.018369,-0.186006,-0.408334,
1624841039.000000,53925991.000000,0.185842,-0.611371,-0.018494,0.015907,0.016636,-0.899308,0.436709,0.118327,0.021477,-0.021204,0.022911,-0.264079,-0.403463,
1624841039.000000,58928251.000000,0.185433,-0.612038,-0.018493,0.015383,0.016325,-0.899761,0.435807,0.133630,0.021030,-0.010511,0.039888,-0.182790,-0.417067,
1624841039.000000,63931227.000000,0.185104,-0.612626,-0.018579,0.015132,0.016118,-0.900231,0.434852,0.134357,0.022081,-0.011497,0.027322,-0.083522,-0.424801,
1624841039.000000,68933964.000000,0.184776,-0.613219,-0.018671,0.015036,0.016051,-0.900693,0.433898,0.135125,0.023133,-0.012415,0.013202,0.012369,-0.428844,
1624841039.000000,73936939.000000,0.184397,-0.613896,-0.018811,0.015166,0.016109,-0.901167,0.432908,0.149234,0.025625,-0.018996,0.003797,0.094340,-0.447052,
1624841039.000000,78940153.000000,0.184025,-0.614568,-0.018947,0.015450,0.016256,-0.901650,0.431884,0.155371,0.027316,-0.021580,0.016373,0.180801,-0.453467,
1624841039.000000,83943129.000000,0.183599,-0.616708,-0.017683,0.016226,0.016386,-0.902242,0.430614,0.177076,0.028222,-0.006773,0.000904,0.143164,-0.443021,
1624841039.000000,88945866.000000,0.183252,-0.617370,-0.017722,0.016419,0.016533,-0.902714,0.429610,0.165091,0.030101,-0.005411,-0.011128,0.069323,-0.447214,
1624841039.000000,93949080.000000,0.182851,-0.618106,-0.017795,0.016548,0.016654,-0.903194,0.428589,0.165442,0.031893,-0.007018,-0.019411,0.086329,-0.450528,
1624841039.000000,138976336.000000,0.176963,-0.624154,-0.018810,0.016924,0.016363,-0.907505,0.419381,0.137483,0.009213,0.025904,0.069246,-0.051796,-0.429295,
1624841039.000000,143979073.000000,0.176556,-0.624701,-0.018702,0.016726,0.016161,-0.907957,0.418417,0.132214,0.008614,0.028832,0.041130,-0.116301,-0.417710,
1624841039.000000,148982048.000000,0.176164,-0.625226,-0.018578,0.016461,0.015985,-0.908399,0.417475,0.127083,0.007992,0.031667,0.006293,-0.145218,-0.422851,
1624841039.000000,153985262.000000,0.173819,-0.627312,-0.018511,0.016285,0.015807,-0.908871,0.416458,0.143230,0.008894,0.002931,0.023028,-0.147847,-0.407279,
1624841039.000000,158988237.000000,0.173391,-0.627882,-0.018540,0.015962,0.015587,-0.909296,0.415552,0.141360,0.010565,-0.001999,0.028849,-0.171757,-0.404855,
1624841039.000000,163990021.000000,0.172974,-0.628449,-0.018595,0.015605,0.015389,-0.909732,0.414618,0.139342,0.012231,-0.006820,0.023163,-0.111075,-0.417844,
1624841039.000000,168992996.000000,0.172421,-0.629157,-0.018549,0.015514,0.015300,-0.910171,0.413658,0.158076,0.012059,0.001954,0.024426,0.011377,-0.427356,
1624841039.000000,173996210.000000,0.171942,-0.629800,-0.018574,0.015580,0.015301,-0.910618,0.412673,0.162149,0.013225,0.001516,0.014761,0.017959,-0.434859,
1624841039.000000,178999186.000000,0.171453,-0.630462,-0.018601,0.015635,0.015327,-0.911069,0.411672,0.166192,0.014415,0.001130,0.000950,0.069039,-0.444395,
1624841039.000000,184002161.000000,0.170964,-0.631145,-0.018678,0.015852,0.015464,-0.911528,0.410641,0.169937,0.017246,-0.005873,-0.008697,0.115403,-0.456150,
1624841039.000000,234032393.000000,0.163022,-0.638966,-0.015609,0.017401,0.016038,-0.916135,0.400171,0.163896,-0.003168,0.053171,0.083828,0.042127,-0.442440,
1624841039.000000,239035368.000000,0.162446,-0.639558,-0.015345,0.017513,0.015880,-0.916578,0.399156,0.160331,-0.005685,0.063091,0.069439,0.014064,-0.433011,
1624841039.000000,244037867.000000,0.161951,-0.640129,-0.015243,0.017493,0.015762,-0.917004,0.398183,0.150508,0.000304,0.042908,0.040261,-0.100560,-0.417965,
1624841039.000000,249040842.000000,0.161446,-0.640677,-0.015067,0.017095,0.015508,-0.917425,0.397238,0.144303,0.001122,0.040163,0.036175,-0.245461,-0.409497,
1624841039.000000,254044056.000000,0.159575,-0.640331,-0.015057,0.016598,0.015245,-0.917872,0.396235,0.130083,-0.007549,0.021219,0.015977,-0.188638,-0.420149,
1624841039.000000,259047031.000000,0.159109,-0.640773,-0.014994,0.016244,0.015095,-0.918299,0.395267,0.123489,-0.006812,0.016651,0.008294,-0.153468,-0.420353,
1624841039.000000,264050007.000000,0.158468,-0.641441,-0.014876,0.015899,0.014899,-0.918715,0.394320,0.147843,-0.003534,0.020595,0.051976,-0.128002,-0.411676,
1624841039.000000,269052029.000000,0.157942,-0.641974,-0.014820,0.015748,0.014716,-0.919129,0.393368,0.150069,-0.002035,0.017430,0.026889,-0.037507,-0.420204,
1624841039.000000,274055004.000000,0.157412,-0.642520,-0.014780,0.015749,0.014722,-0.919544,0.392396,0.152386,-0.000521,0.014286,0.007059,0.047159,-0.420304,
1624841039.000000,279057980.000000,0.156839,-0.643131,-0.014773,0.015900,0.014779,-0.919955,0.391421,0.163982,0.002161,0.009012,0.005377,0.069680,-0.429747,
1624841039.000000,329087973.000000,0.147103,-0.647796,-0.011081,0.017133,0.015699,-0.924282,0.381003,0.163878,-0.014330,0.055470,0.063622,0.086625,-0.457554,
1624841039.000000,334091187.000000,0.146467,-0.648327,-0.010813,0.017397,0.015625,-0.924710,0.379953,0.161534,-0.015893,0.063656,0.082916,0.070891,-0.442640,
1624841039.000000,339094162.000000,0.145871,-0.648812,-0.010549,0.017578,0.015490,-0.925124,0.378942,0.152168,-0.016754,0.065310,0.095506,0.039695,-0.427682,
1624841039.000000,344097137.000000,0.145269,-0.649288,-0.010241,0.017688,0.015302,-0.925533,0.377945,0.147149,-0.018077,0.070340,0.086130,-0.028698,-0.435085,
1624841039.000000,349100351.000000,0.144677,-0.649741,-0.009904,0.017538,0.015125,-0.925946,0.376945,0.142422,-0.019435,0.075819,0.006292,-0.121242,-0.418271,
1624841039.000000,354103088.000000,0.143783,-0.648192,-0.009823,0.017145,0.015106,-0.926336,0.376006,0.134308,-0.018042,0.050200,0.010820,-0.244717,-0.405188,
1624841039.000000,359106064.000000,0.143241,-0.648600,-0.009621,0.016573,0.014822,-0.926735,0.375056,0.132108,-0.016218,0.044567,0.022296,-0.195096,-0.422356,
1624841039.000000,364109278.000000,0.142709,-0.649011,-0.009448,0.016263,0.014670,-0.927136,0.374084,0.130313,-0.014384,0.039134,0.033412,-0.116268,-0.410783,
1624841039.000000,369112253.000000,0.142090,-0.649504,-0.009243,0.016057,0.014493,-0.927521,0.373146,0.146104,-0.013923,0.042639,0.037095,-0.061065,-0.408397,
1624841039.000000,374115229.000000,0.141504,-0.649978,-0.009063,0.016025,0.014442,-0.927907,0.372186,0.150818,-0.012611,0.041564,0.012310,0.015721,-0.413915,
1624841039.000000,419141293.000000,0.135736,-0.651840,-0.009488,0.017104,0.015496,-0.931538,0.362910,0.143976,-0.005108,0.015401,-0.019831,0.001699,-0.454294,
1624841039.000000,424144268.000000,0.135187,-0.652314,-0.009452,0.016971,0.015503,-0.931951,0.361855,0.142754,-0.003997,0.014835,-0.008003,-0.033813,-0.459441,
1624841039.000000,429147005.000000,0.134650,-0.652783,-0.009407,0.017015,0.015537,-0.932371,0.360768,0.141515,-0.002881,0.014470,0.022730,0.087653,-0.468100,
1624841039.000000,434149981.000000,0.134019,-0.653019,-0.008636,0.017329,0.015545,-0.932785,0.359681,0.132478,-0.019418,0.064620,0.085630,0.131481,-0.454253,
1624841039.000000,439152956.000000,0.133454,-0.653396,-0.008330,0.017677,0.015421,-0.933183,0.358634,0.129760,-0.022061,0.074031,0.114601,0.096229,-0.437132,
1624841039.000000,444156170.000000,0.132893,-0.653750,-0.007965,0.017899,0.015215,-0.933575,0.357611,0.126735,-0.024711,0.083915,0.126086,0.003164,-0.436047,
1624841039.000000,449159145.000000,0.132449,-0.654077,-0.007874,0.017873,0.014995,-0.933968,0.356594,0.112836,-0.016280,0.052101,0.012723,-0.061900,-0.428691,
1624841039.000000,454162121.000000,0.130724,-0.651906,-0.008778,0.017678,0.015055,-0.934317,0.355686,0.100440,-0.021511,0.018061,-0.036539,-0.233470,-0.409392,
1624841039.000000,459165096.000000,0.130291,-0.652153,-0.008720,0.016965,0.014805,-0.934692,0.354745,0.093623,-0.019857,0.011307,0.037622,-0.295574,-0.411424,
1624841039.000000,464168072.000000,0.129709,-0.652490,-0.008571,0.016459,0.014503,-0.935072,0.353779,0.109751,-0.023014,0.019907,0.043215,-0.161154,-0.415840,
1624841039.000000,509194136.000000,0.123645,-0.653436,-0.008123,0.017391,0.014854,-0.938433,0.344705,0.146686,-0.017002,0.010821,-0.018697,0.083301,-0.430584,
1624841039.000000,514197111.000000,0.123064,-0.653802,-0.008061,0.017473,0.014960,-0.938800,0.343694,0.139892,-0.017645,0.014795,-0.003189,0.064871,-0.439988,
1624841039.000000,519200087.000000,0.120425,-0.653798,-0.009484,0.017420,0.015191,-0.939135,0.342769,0.129142,-0.024236,-0.002093,-0.036875,0.028971,-0.446508,
1624841039.000000,524203062.000000,0.119856,-0.654113,-0.009537,0.017380,0.015324,-0.939517,0.341717,0.127125,-0.023658,-0.003109,-0.025831,0.011263,-0.459063,
1624841039.000000,529206276.000000,0.119243,-0.654372,-0.009407,0.017386,0.015357,-0.939913,0.340625,0.125347,-0.031269,0.015081,0.008835,-0.009269,-0.460366,
1624841039.000000,534209013.000000,0.118655,-0.654651,-0.009339,0.017410,0.015308,-0.940301,0.339554,0.123814,-0.033201,0.021404,0.073331,0.063994,-0.453783,
1624841039.000000,539211988.000000,0.118068,-0.654917,-0.009235,0.017770,0.015177,-0.940685,0.338476,0.122198,-0.035125,0.028006,0.123918,0.151828,-0.452808,
1624841039.000000,544215202.000000,0.117540,-0.655122,-0.009084,0.018164,0.015025,-0.941060,0.337418,0.109770,-0.037083,0.036295,0.113059,0.088206,-0.434718,
1624841039.000000,549218178.000000,0.115792,-0.654059,-0.009168,0.018259,0.014839,-0.941365,0.336569,0.100372,-0.045746,0.043324,0.088304,-0.082548,-0.421671,
1624841039.000000,554221153.000000,0.115262,-0.654196,-0.008954,0.017950,0.014617,-0.941729,0.335575,0.094448,-0.047761,0.048846,-0.012426,-0.180337,-0.425996,
1624841039.000000,644273996.000000,0.100250,-0.658403,-0.009291,0.018114,0.014839,-0.948061,0.317225,0.125648,-0.041080,0.037737,0.133070,0.146715,-0.459601,
1624841039.000000,649276972.000000,0.097353,-0.658132,-0.009007,0.018631,0.014752,-0.948326,0.316408,0.121557,-0.056483,0.065947,0.099833,0.042670,-0.437131,
1624841039.000000,654280186.000000,0.096906,-0.658331,-0.009220,0.018507,0.014560,-0.948664,0.315409,0.105703,-0.040323,0.019762,0.026332,-0.143221,-0.409269,
1624841039.000000,659283161.000000,0.096377,-0.658483,-0.009154,0.018054,0.014485,-0.948993,0.314446,0.098715,-0.038054,0.014097,-0.067444,-0.204282,-0.413506,
1624841039.000000,664286137.000000,0.095881,-0.658620,-0.009134,0.017439,0.014436,-0.949325,0.313480,0.091927,-0.035814,0.006192,0.022299,-0.279203,-0.399877,
1624841039.000000,669289112.000000,0.095283,-0.658797,-0.009106,0.016784,0.014066,-0.949647,0.312555,0.104729,-0.039188,0.006075,0.054756,-0.277662,-0.395350,
1624841039.000000,674292088.000000,0.094742,-0.658951,-0.009098,0.016262,0.013827,-0.949975,0.311597,0.105477,-0.039186,0.003701,0.043917,-0.161928,-0.416779,
1624841039.000000,679295063.000000,0.094199,-0.659106,-0.009098,0.016138,0.013694,-0.950310,0.310585,0.106272,-0.039171,0.001796,0.014948,0.065585,-0.432790,
1624841039.000000,684251785.000000,0.092366,-0.659370,-0.007568,0.016614,0.014230,-0.950588,0.309683,0.132403,-0.029736,0.008369,-0.002849,0.104998,-0.418764,
1624841039.000000,689254761.000000,0.091727,-0.659657,-0.007562,0.016811,0.014316,-0.950903,0.308699,0.139626,-0.027713,0.005658,-0.001489,0.104680,-0.410108,
1624841039.000000,734280825.000000,0.085069,-0.662244,-0.007026,0.017972,0.015177,-0.953882,0.299259,0.125351,-0.026608,0.029101,0.039636,0.110857,-0.469782,
1624841039.000000,739283800.000000,0.084473,-0.662491,-0.006894,0.018257,0.015079,-0.954225,0.298152,0.123676,-0.028854,0.035830,0.113476,0.081076,-0.452560,
1624841039.000000,744286776.000000,0.083877,-0.662726,-0.006717,0.018493,0.014850,-0.954558,0.297080,0.121960,-0.031094,0.043372,0.127315,0.065906,-0.438724,
1624841039.000000,749289989.000000,0.081117,-0.662783,-0.006927,0.018817,0.014722,-0.954824,0.296209,0.111586,-0.035057,0.035492,0.105822,0.030378,-0.432110,
1624841039.000000,754292965.000000,0.080567,-0.662946,-0.006762,0.018801,0.014519,-0.955143,0.295190,0.104387,-0.036702,0.039256,0.058993,-0.100915,-0.414078,
1624841039.000000,759295702.000000,0.080040,-0.663082,-0.006570,0.018387,0.014375,-0.955450,0.294229,0.097230,-0.038403,0.043328,-0.038908,-0.229488,-0.397991,
1624841039.000000,764298916.000000,0.079546,-0.663331,-0.006672,0.017705,0.014335,-0.955753,0.293288,0.098963,-0.026535,0.014097,-0.036383,-0.284540,-0.403322,
1624841039.000000,769301891.000000,0.079075,-0.663498,-0.006635,0.017026,0.014109,-0.956060,0.292335,0.094238,-0.024069,0.007659,0.068489,-0.269716,-0.394935,
1624841039.000000,774304867.000000,0.078634,-0.663658,-0.006612,0.016526,0.013773,-0.956363,0.291389,0.089158,-0.021629,0.002816,0.050912,-0.168102,-0.412780,
1624841039.000000,779308081.000000,0.078038,-0.663899,-0.006472,0.016312,0.013659,-0.956674,0.290382,0.111509,-0.023620,0.019027,0.028745,-0.015388,-0.417413,
1624841039.000000,829337835.000000,0.069591,-0.667716,-0.006238,0.018029,0.014891,-0.959718,0.279990,0.130984,-0.010487,0.001890,-0.036281,0.034213,-0.440400,
1624841039.000000,834339857.000000,0.069016,-0.668015,-0.006254,0.018109,0.014960,-0.960028,0.278918,0.129707,-0.011035,0.001855,0.026748,0.035830,-0.459464,
1624841039.000000,839343548.000000,0.068465,-0.668235,-0.006063,0.018286,0.014864,-0.960353,0.277788,0.119484,-0.019175,0.030078,0.105648,0.119866,-0.469271,
1624841039.000000,844345808.000000,0.067912,-0.668465,-0.005899,0.018706,0.014701,-0.960668,0.276680,0.114800,-0.022736,0.041018,0.112315,0.124231,-0.438345,
1624841039.000000,849349737.000000,0.065303,-0.667852,-0.005639,0.019036,0.014532,-0.960928,0.275762,0.119083,-0.036359,0.066399,0.117157,0.015658,-0.427357,
1624841039.000000,854352713.000000,0.064691,-0.668018,-0.005290,0.019014,0.014268,-0.961227,0.274731,0.115491,-0.039926,0.079626,0.080298,-0.071468,-0.420127,
1624841039.000000,859355927.000000,0.064306,-0.668253,-0.005518,0.018747,0.014155,-0.961515,0.273746,0.100748,-0.022380,0.028012,-0.043385,-0.162251,-0.404027,
1624841039.000000,864358902.000000,0.063832,-0.668422,-0.005397,0.018167,0.014165,-0.961795,0.272798,0.093663,-0.019830,0.023749,-0.026078,-0.273624,-0.392350,
1624841039.000000,869360685.000000,0.063399,-0.668581,-0.005303,0.017465,0.013920,-0.962076,0.271864,0.086365,-0.017291,0.018629,0.063200,-0.286693,-0.396534,
1624841039.000000,874363661.000000,0.062843,-0.668780,-0.005140,0.016928,0.013612,-0.962364,0.270894,0.101143,-0.021059,0.028437,0.057888,-0.173205,-0.413657,
1624841039.000000,914387941.000000,0.055767,-0.671422,-0.004414,0.018256,0.014261,-0.964588,0.262742,0.137619,0.000840,-0.009457,-0.022414,0.056100,-0.434823,
1624841039.000000,919390678.000000,0.055199,-0.671708,-0.004406,0.018303,0.014348,-0.964866,0.261712,0.132181,-0.003258,-0.002449,-0.019155,0.009265,-0.429169,
1624841039.000000,924393892.000000,0.054628,-0.672022,-0.004444,0.018248,0.014412,-0.965151,0.260658,0.130197,-0.003304,-0.002023,-0.022404,-0.030944,-0.441110,
1624841039.000000,929396868.000000,0.054065,-0.672330,-0.004481,0.018186,0.014464,-0.965440,0.259588,0.128311,-0.003357,-0.001883,-0.006492,0.030074,-0.447426,
1624841039.000000,934399843.000000,0.053474,-0.672606,-0.004375,0.018282,0.014499,-0.965730,0.258499,0.128232,-0.009331,0.017777,0.015981,0.014163,-0.450669,
1624841039.000000,939403057.000000,0.052893,-0.672881,-0.004289,0.018322,0.014455,-0.966018,0.257417,0.127103,-0.011756,0.025978,0.051011,0.067857,-0.441085,
1624841039.000000,944405794.000000,0.052308,-0.673142,-0.004161,0.018610,0.014347,-0.966300,0.256345,0.125846,-0.014184,0.034084,0.114933,0.090500,-0.446297,
1624841039.000000,949408770.000000,0.049537,-0.674559,-0.003330,0.018907,0.014174,-0.966549,0.255392,0.119991,-0.012371,0.037317,0.148066,0.052511,-0.431487,
1624841039.000000,954411983.000000,0.048988,-0.674803,-0.003207,0.019007,0.013932,-0.966819,0.254375,0.114137,-0.012613,0.036237,0.047146,-0.051624,-0.412067,
1624841039.000000,959414959.000000,0.048477,-0.675023,-0.003087,0.018726,0.013897,-0.967088,0.253372,0.107579,-0.012909,0.035068,-0.031425,-0.136190,-0.424886,
1624841040.000000,49467564.000000,0.028806,-0.680349,-0.002745,0.018774,0.013660,-0.971805,0.234641,0.148337,-0.024535,0.044360,0.097692,0.084271,-0.442656,
1624841040.000000,54470778.000000,0.028090,-0.680574,-0.002529,0.019013,0.013527,-0.972062,0.233561,0.144641,-0.027103,0.053203,0.062595,0.041747,-0.437402,
1624841040.000000,59473753.000000,0.027485,-0.680845,-0.002636,0.018934,0.013422,-0.972314,0.232522,0.135287,-0.016852,0.019610,0.028331,-0.118750,-0.412921,
1624841040.000000,64476728.000000,0.026847,-0.681079,-0.002580,0.018489,0.013289,-0.972561,0.231533,0.130360,-0.015227,0.014290,0.010310,-0.229156,-0.415913,
1624841040.000000,69479942.000000,0.026240,-0.681305,-0.002555,0.017932,0.013140,-0.972817,0.230508,0.125249,-0.013614,0.008361,0.031453,-0.195452,-0.425739,
1624841040.000000,74482918.000000,0.025664,-0.681522,-0.002561,0.017551,0.012971,-0.973067,0.229489,0.119773,-0.012029,0.002316,0.032876,-0.140791,-0.412894,
1624841040.000000,79485655.000000,0.024933,-0.681810,-0.002444,0.017255,0.012848,-0.973308,0.228493,0.136787,-0.012049,0.014627,0.035715,-0.097723,-0.412801,
1624841040.000000,84488869.000000,0.021855,-0.682916,-0.001619,0.017059,0.012861,-0.973522,0.227594,0.153737,-0.011366,0.020848,0.013615,-0.018222,-0.416023,
1624841040.000000,89491844.000000,0.021141,-0.683211,-0.001556,0.017104,0.012886,-0.973760,0.226569,0.154892,-0.010235,0.019805,0.000530,0.061364,-0.429738,
1624841040.000000,94493866.000000,0.020342,-0.683573,-0.001587,0.017274,0.012931,-0.974004,0.225500,0.166705,-0.006884,0.009592,0.011345,0.067901,-0.440544,
